3780 6120
108 370 157 435 sot

647 357 882 416 utuascsttuu.
897 385 933 396 -

951 350 1189 411 astusartus.
1684 350 1734 411 ild!

108 483 298 557 comparativis
309 481 478 544 diminutiva,
494 485 523 532 ut
534 474 707 547 majusculus,
720 469 894 534 minusculas:
907 473 935 528 Α
980 466 1029 521 ra.
1053 466 1111 522 Non
1134 482 1193 522 sum
1213 477 1267 523 tam
1281 468 1376 523 avidus
1398 484 1481 538 quam
1504 476 1532 522 tu
1550 466 1667 532 lrrvidus,
1689 471 1735 539 qnl

107 582 155 639 sed
179 595 233 635 nou
256 576 378 632 absolute
399 573 477 646 lile,
500 567 641 641 absolutae]
654 567 734 639 273
749 575 779 620 ιιι
793 571 898 619 caure

109 672 311 735 diminutiones,
328 667 375 723 sed
392 666 427 720 ad
446 663 547 734 aliquid
567 661 726 733 respiciunt,
741 667 772 715 ιιι
786 656 896 713 Terent.

108 761 243 837 (Euuscd.
256 776 300 824 ιιι,
313 758 341 824 3,
355 755 401 828 tl)
418 768 426 810 ι

169 899 245 951 'lbais
256 893 417 959 pruisquam
429 903 477 952 ego
487 902 550 948 snm,
562 887 696 950 majuscula
711 891 760 934 ost.

142 999 194 1058 ra.
207 997 290 1068 Cuius
304 992 411 1067 generis
433 989 613 1060 superlativus
634 987 665 1042 lit
687 985 763 1059 [ils.,
785 982 900 1056 sitll-

107 1087 193 1146 Suro.
208 1084 395 1156 Superlativus
408 1080 516 1137 mobilis
527 1087 570 1135 est
580 1092 630 1150 per
645 1079 697 1133 tria
709 1091 817 1146 genera.
832 1074 901 1129 Prn-

109 1177 294 1237 dentissimus.
309 1189 335 1237 a,
348 1186 404 1227 um.

143 1269 194 1326 Fu.
210 1265 443 1336 Superlatirorum
462 1270 527 1332 quot
544 1266 607 1316 sunt
628 1257 753 1328 speeies?
767 1286 802 1297 —
815 1255 898 1311 Suro.

108 1361 195 1418 Octo:
218 1360 312 1423 simus,
331 1355 423 1418 rimus,
447 1353 475 1408 iu
490 1368 558 1424 quas
569 1351 698 1423 pleraque
715 1350 841 1405 desinunt
855 1362 900 1404 su-

107 1451 257 1522 perlativa:
273 1449 362 1513 limus,
373 1446 471 1511 umus,
487 1446 576 1510 timus,
589 1453 696 1507 tremus,
708 1442 788 1505 imus,
801 1441 899 1505 aimus,

109 1540 343 1599 utsanctissimus,
358 1534 566 1607 pulcherrimus,
578 1532 741 1597 simillimus,
753 1530 898 1594 marineus,

108 1633 230 1698 ultimas,
253 1637 402 1691 extremus,
425 1623 551 1698 [primus]
574 1623 720 1687 minimus;
744 1635 759 1676 o
779 1620 899 1690 longara,

108 1723 174 1778 darm
186 1721 285 1790 ubique
297 1719 308 1772 i
321 1715 470 1789 penultima
485 1713 646 1784 corripitur,
661 1718 776 1782 practer,
798 1711 899 1781 primau

109 1820 138 1867 el
152 1812 231 1865 imus.

144 1899 193 1955 l'n.
206 1897 411 1969 Comparativus
424 1903 452 1952 et
465 1895 647 1966 superlativus
668 1895 767 1966 quibus
777 1894 898 1965 jungan-

107 1997 155 2046 tur
178 1988 303 2045 casibus?
321 2016 356 2027 -
375 1984 457 2042 Saxo.
482 1984 608 2041 dolatico
630 1987 771 2056 utriusque
794 1986 899 2042 numeri

108 2076 230 2150 iungitur
254 2075 464 2147 comparativus,
487 2082 527 2141 ut,
544 2075 642 2129 Hector
664 2074 759 2144 fortior
775 2075 901 2131 Diomede

110 2167 170 2238 luit,
185 2176 209 2222 st
222 2167 350 2221 audacior
363 2165 496 2236 Trajauis.
515 2164 700 2234 Superlativus
711 2167 829 2237 genitivo
842 2164 901 2236 plu·

110 2256 176 2323 rali,
195 2265 235 2322 ut,
260 2254 358 2311 Hector
380 2257 539 2326 fortissimus
556 2255 730 2326 Troianorum
748 2257 808 2327 suit.
824 2257 901 2312 luvc·

110 2347 223 2402 uitaret
240 2345 291 2418 [inl
309 2345 437 2418 singulari
449 2347 525 2418 jungi
541 2345 671 2418 [genitivo
686 2345 768 2420 (Ed,
783 2346 899 2421 generill

110 2452 172 2494 cum
186 2437 275 2509 ipsum
287 2436 422 2506 singulare
433 2451 530 2491 nornen
542 2436 741 2493 multitudinem
755 2438 899 2510 signilleat,

109 2534 150 2591 ut,
164 2525 427 2594 Hectorlortissimus
436 2536 474 2580 sst
486 2524 609 2595 Trojano:
618 2527 711 2596 paulis.
724 2527 781 2592 Est,
794 2529 902 2598 quando

947 555 1020 610 nulla
1045 555 1087 610 vis
1110 556 1233 626 aperire,
1259 557 1312 611 nisi
1335 557 1545 629 interrogatione
1567 564 1686 612 coactus.
1700 582 1738 599 -·

948 646 1030 702 Saxo.
1053 646 1191 716 Interroga
1215 662 1275 717 quse
1289 649 1348 703 vis:
1374 664 1424 720 ego
1446 665 1499 705 uon
1513 665 1561 706 ero
1582 651 1672 721 segnis
1695 664 1737 706 rs·

948 732 1090 809 spondere.

1206 842 1250 901 DE
1268 842 1473 905 asserturus

984 956 1034 1013 Fu.
1048 957 1135 1024 Nunc,
1153 967 1183 1013 ut
1196 959 1309 1025 aestiruo,
1334 960 1401 1015 ordo
1424 960 1603 1017 accidentium
1623 959 1742 1021 nominis

948 1053 1037 1123 poscit
1059 1068 1074 1107 a
1100 1034 1245 1123 generibus
1269 1053 1419 1124 inquirere.
1444 1053 1521 1110 Unde
1542 1070 1643 1125 genera
1667 1054 1740 1110 dicta

949 1142 1014 1206 sint,
1026 1140 1115 1211 primo
1129 1141 1208 1197 velina
1223 1142 1302 1197 scire.
1317 1173 1353 1184 -
1366 1140 1448 1199 Suro.
1465 1138 1571 1199 Genera
1586 1142 1739 1200 dictasunt

950 1233 1139 1302 ageueraudo.
1159 1233 1330 1304 Quapropter
1350 1235 1458 1305 proprie
1471 1248 1569 1303 genera
1584 1244 1656 1298 sunt,
1679 1248 1741 1305 quaa

950 1337 1079 1392 generare
1089 1330 1220 1392 possam:
1236 1321 1264 1377 id
1282 1328 1333 1386 est,
1356 1322 1544 1386 masculinum,
1569 1318 1741 1377 femininum.

949 1409 1018 1466 Nam
1039 1421 1165 1467 neutrum
1178 1420 1207 1467 et
1227 1426 1369 1467 commane
1391 1413 1478 1483 magis
1499 1412 1574 1467 vocis
1597 1413 1741 1482 qualitate,

950 1518 1030 1573 quana
1043 1512 1140 1558 natura
1149 1502 1353 1573 dignoscuntur.
1366 1503 1493 1572 Epicoeaa
1503 1504 1657 1572 promiscua
1668 1512 1741 1571 suut,

950 1603 978 1650 et
990 1595 1040 1649 sub
1052 1610 1106 1648 una
1118 1609 1185 1650 voce
1204 1593 1340 1664 profertur
1354 1594 1433 1667 ills,
1448 1595 1601 1668 proferunt]
1615 1592 1749 1652 mascult-'

950 1701 1015 1740 num
1028 1693 1056 1741 et
1068 1684 1237 1740 femininum.

985 1772 1035 1828 Fa.
1056 1773 1127 1840 Quid
1150 1782 1193 1829 est
1215 1774 1288 1829 inter
1308 1788 1450 1830 commune
1473 1782 1502 1830 et
1521 1774 1744 1846 epicoenurul-

912 1822 1034 1921 Bassa.
1056 1864 1132 1933 Quod
1150 1879 1294 1922 osmmune
1307 1865 1386 1920 modo
1398 1865 1556 1930 masculino,
1574 1867 1653 1922 modo
1667 1866 1745 1922 lend-

949 1957 1014 2010 nino
1026 1956 1150 2022 articulo,
1174 1965 1255 2026 prout
1273 1956 1439 2011 constructio
1450 1957 1582 2012 orationis
1596 1966 1668 2027 eget,
1679 1955 1744 2026 jun-

949 2044 1032 2115 gitur.
1056 2045 1205 2115 Epicoenou
1219 2059 1327 2115 semper
1343 2060 1397 2102 uno
1410 2047 1524 2102 articulo
1537 2046 1693 2116 profertur,
1716 2053 1746 2103 st

950 2136 1091 2204 utriusque
1105 2143 1208 2190 naturae
1227 2135 1354 2191 animalia
1371 2151 1426 2190 una
1439 2151 1504 2192 voce
1516 2146 1545 2193 et
1563 2152 1617 2193 uno
1630 2134 1745 2193 articulo

950 2224 1095 2296 significat.

985 2316 1034 2370 Fu.
1060 2315 1131 2371 Num
1148 2317 1240 2373 omnia
1261 2317 1369 2374 nomina
1394 2318 1463 2374 corti
1486 2328 1549 2375 sunt
1569 2319 1746 2391 generisi-

951 2406 1033 2462 Suro.
1050 2406 1235 2477 Nequaquam.
1257 2407 1350 2480 [linita
1363 2410 1435 2464 enim
1451 2409 1526 2465 dubii
1542 2408 1673 2482 generis]

985 2496 1035 2551 Fr.
1052 2497 1128 2552 Unde
1139 2506 1202 2552 suut
1218 2497 1291 2554 dubii
1309 2498 1416 2569 generis
1431 2499 1560 2554 uomina?
1582 2498 1652 2554 lortc
1671 2498 1747 2556 dille-

111 2617 290 2687 superqafivus
303 2632 352 2688 pe,
362 2632 391 2673 se
402 2617 512 2686 ponpa,
529 2623 556 2671 θ,
567 2616 633 2670 num
648 2626 839 2688 comparatum
854 2618 902 2674 sed
951 2588 1045 2644 rentiae
1060 2603 1144 2644 causa
1156 2588 1168 2642 l
1180 2619 1217 2629 —
1231 2588 1313 2645 Suro.
1336 2588 1395 2646 Non
1408 2588 1578 2656 differentiae,
1594 2605 1644 2646 uec
1656 2591 1747 2663 aliqua

111 2716 170 2763 mm
183 2723 233 2778 pm
245 2707 319 2762 „agge
332 2708 460 2763 adverbio
473 2707 646 2777 accipiendus
664 2716 725 2774 eu;
742 2718 791 2762 u„
813 2707 903 2778 song„
951 2674 1122 2734 necessitatis
1133 2694 1225 2744 causa,
1237 2679 1285 2734 sed
1298 2676 1355 2734 sola
1373 2679 1535 2735 auctoritate
1548 2685 1682 2745 veterum,
1697 2688 1745 2735 ut:

110 2799 193 2852 ,imm
206 2797 256 2865 suf,
269 2795 408 2861 percum,
424 2797 450 2850 Μ
464 2805 516 2862 est,
532 2795 607 2849 „appe
625 2794 713 2851 sonis·
951 2766 993 2823 laic
1008 2777 1036 2824 st
1048 2768 1103 2823 dac
1115 2768 1186 2838 duis,
1210 2779 1307 2835 cortes,
1323 2768 1400 2837 siles,
1415 2785 1517 2840 ruarqa,
1531 2769 1621 2833 cardo,
1638 2770 1746 2838 laruas,

148 2886 198 2942 Fn.
215 2886 322 2942 llemini
337 2894 374 2952 te,
393 2885 475 2951 Savo,
492 2886 592 2940 dixisse
606 2886 677 2955 quod
689 2885 777 2955 aliqua
793 2886 902 2942 nomina
953 2859 1053 2933 [mr]
1078 2860 1177 2930 snm·
1202 2858 1286 2929 sima
1312 2875 1411 2932 ”iiiiii
1433 2862 1541 2927 ''imi‘’
1566 2871 1651 2925 “illis
1674 2860 1748 2917 ‘idm

112 2978 271 3047 appennis„
287 2977 557 3032 eggenqdqmqnuqqg
576 2974 645 3030 Num
658 2991 674 3031 2
687 2976 804 3046 proprii,
816 2976 903 3031 nomi„
953 2950 1049 3023 ilidii„
1075 2967 1163 3016 arcus,
1187 2948 1288 3023 limus],
1312 2949 1391 3005 lasea.
1412 2949 1464 3004 llic
1478 2959 1505 3006 et
1518 2950 1567 3004 lroc
1586 2950 1637 3005 sal.
1660 2949 1746 3007 Cato:

112 3069 193 3125 uiolas
206 3069 308 3139 possint
319 3067 378 3124 lieri
392 3068 573 3124 diminutiva?
586 3097 621 3106 -
634 3066 716 3123 Saso.
732 3066 857 3133 Possum,
872 3075 904 3122 ut
954 3041 997 3097 Ex
1019 3039 1085 3104 ⁸0¹2.
1106 3040 1151 3110 ’μή
1175 3038 1246 3110 “lm
1274 3037 1491 3110 Gasmadin‘nm
1516 3038 1556 3107 fif·
1582 3038 1746 3096 Affi⁰³¹¹¹¹⁸²

112 3158 237 3232 aSergio
248 3157 380 3230 Sergiolus
392 3176 401 3223 ,·
420 3161 455 3214 ab
467 3157 600 3221 Antonio,
615 3157 793 3213 Antoniaster.

956 3131 1090 3203 Quidquid
1103 3131 1228 3202 loquitur,
1243 3131 1284 3187 sul
1296 3146 1397 3185 merum
1410 3129 1485 3202 [Ed.,
1496 3130 1596 3203 turum]
1610 3141 1657 3187 sat.

147 3250 199 3305 ra.
219 3248 290 3317 Quot
309 3249 396 3304 modis
412 3247 572 3303 diminutiva
597 3246 665 3301 liunt
676 3247 686 3300 l
698 3275 733 3286 -
746 3244 828 3303 Suro.
844 3248 905 3305 Tn'·
990 3220 1072 3293 27ss
1085 3220 1135 3276 ᾖ·
1150 3220 1215 3288 0¹¹ae
1232 3229 1296 3275 sum
1318 3220 1370 3275 ΓΜ
1388 3220 1519 3275 ”⁰¹¹¹ina?
1533 3250 1570 3260 “
1584 3221 1667 3278 sm·
1683 3221 1749 3290 ΟΜ

112 3341 166 3396 llus
176 3341 272 3396 modis.
286 3339 341 3392 Aut
353 3337 522 3393 necessitatis
534 3352 625 3399 carisa,
642 3345 673 3391 ut
685 3352 700 3391 a
712 3351 775 3407 rege
788 3337 903 3409 repulus,

113 3435 167 3492 lroc
187 3441 241 3499 est,
265 3448 366 3502 paruus
387 3448 445 3497 res,
468 3441 499 3487 ιιι
518 3432 629 3488 Sallust.
656 3429 800 3503 Postquam
822 3429 906 3502 repuli

114 3525 185 3579 rairs
211 3522 291 3596 [lle.,
317 3521 467 3593 convenere]
492 3523 520 3576 iu
544 3538 635 3576 uuum.
668 3519 721 3576 Aut
744 3520 906 3576 urbanitatis

114 3629 209 3682 caum,
219 3624 251 3670 ut
260 3612 397 3669 luvenalis
408 3611 478 3684 (Sat.
494 3612 540 3683 98)
552 3630 559 3667 :

180 3775 189 3792 .
202 3777 210 3792 .
221 3775 229 3792 .
242 3775 251 3792 .
263 3740 343 3790 llslim
356 3738 502 3790 fraterculus
513 3750 570 3789 esse
579 3739 716 3801 pgsutvun.

954 3311 981 3364 in
995 3309 1110 3364 alterum
1123 3324 1208 3380 genus
1228 3309 1346 3370 transire
1361 3325 1414 3364 nou
1426 3316 1551 3380 possunt,
1569 3317 1610 3377 ut,
1632 3322 1708 3380 pater
1719 3316 1749 3367 et

954 3409 1048 3455 mater.

989 3492 1039 3547 Flu.
1054 3491 1118 3561 Quae
1131 3501 1194 3547 sunt
1206 3492 1313 3547 mobilia
1325 3491 1336 3545 l
1350 3522 1385 3531 —
1399 3491 1482 3546 Suro.
1497 3490 1562 3559 Quae
1576 3490 1677 3546 moveri
1690 3506 1748 3562 pos·

956 3592 1019 3639 sunt
1032 3593 1060 3640 et
1074 3583 1101 3639 in
1115 3584 1187 3638 aliud
1202 3583 1319 3638 transire
1333 3597 1426 3653 genus.
1451 3580 1511 3635 alta
1523 3595 1557 3636 ex
1571 3581 1689 3652 propriis
1701 3596 1750 3637 no-

957 3675 1086 3740 minlbus,
1100 3683 1150 3728 ut:
1165 3670 1294 3735 Murrius,
1311 3671 1424 3727 diarria.
1448 3670 1506 3725 alia
1520 3686 1554 3726 ex
1570 3672 1748 3743 appellativis,
1847 3659 1851 3667 ’

956 3771 1005 3818 ut:
1020 3761 1121 3826 Bonus,
1134 3762 1212 3826 loun,
1229 3762 1334 3815 bouum.

21 4761 25 4767 '
120 4754 389 4825 auxiliarentur,
408 4755 475 4809 ulla.

117 3848 173 3905 Aut
192 3847 352 3905 adulationis
367 3863 467 3911 carisa,
486 3856 516 3902 ut
532 3845 571 3918 [in
585 3846 705 3917 puerulis
729 3845 829 3902 dicitur
843 3845 907 3902 Ser-

118 3938 207 4012 giolus
223 3937 320 4008 (Edit,
336 3938 427 4008 pueris
446 3936 608 4010 Sergiolis)].

993 3853 1042 3907 Fu.
1059 3851 1131 3920 Quot
1144 3849 1243 3904 litteris
1257 3849 1404 3904 mascrrliua
1419 3849 1548 3903 dvriuntur
1562 3850 1695 3904 uomina?
1714 3882 1750 3892 -

936 3944 1041 4000 .Saso.
1067 3940 1238 4010 Septemza,
1253 3955 1280 4003 o,
1299 3937 1319 4003 l,
1335 3956 1361 4002 u,
1378 3955 1399 4002 r,
1422 3956 1478 4004 s,a
1489 3956 1499 4005 ‚·
1521 3940 1684 4006 uszscrtoa,
1706 3939 1751 3998 Ci-

155 4029 204 4086 ra.
222 4029 327 4085 Formae
347 4030 430 4100 igitur
447 4029 666 4085 diminutivorum
680 4038 747 4099 quot
768 4031 856 4086 suut?
873 4059 908 4070 -
959 4052 1036 4099 cero,
1063 4031 1113 4097 sal,
1136 4031 1233 4101 durusu
1263 4029 1338 4102 llis,
1363 4029 1489 4102 domcu],
1518 4026 1626 4095 Casas,
1656 4033 1750 4102 iouur,

119 4117 204 4175 Saso.
221 4118 359 4173 llaseulini
374 4117 482 4188 generis
494 4134 520 4172 ιιι
532 4133 540 4172 :
554 4118 638 4183 culus,
657 4118 717 4173 ulus
731 4118 809 4191 [lls.‚
824 4120 907 4194 illus],
960 4146 1015 4184 ree,
1259 4114 1262 4121 ¹

120 4205 189 4274 olus,
203 4206 381 4273 ullusulius,
395 4205 470 4272 illus,
484 4207 554 4272 ulus,
565 4210 616 4273 cia,
630 4219 710 4272 aster,
723 4207 801 4280 licus,
816 4209 908 4283 tulurl.
994 4216 1043 4270 Fu.
1058 4215 1198 4270 Feminina
1210 4214 1296 4283 quot?
1308 4244 1344 4254 —
1355 4213 1438 4270 Saxo.
1452 4213 1572 4281 Eisdem,
1586 4221 1635 4270 ut:
1654 4213 1751 4284 Rauso,

122 4295 177 4353 Ut:
192 4297 348 4369 Aquiculus,
371 4297 488 4352 cautulus
503 4296 575 4369 [lis.,
600 4296 741 4370 inutillus],
764 4298 908 4368 capreolus,
959 4311 1042 4380 pirgo,
1056 4307 1198 4379 Tanaquil,
1210 4306 1298 4373 Siren,
1316 4317 1408 4370 rualsr,
1426 4307 1526 4372 ciuitas,
1539 4323 1600 4377 pua.

122 4390 250 4462 agnellus,
272 4390 417 4461 pauxillus,
436 4389 583 4455 codicillus,
604 4391 737 4457 homulus,
759 4391 909 4459 uomuuot'o,
995 4399 1305 4470 Fq,Nevvtraqu0t?-.-
1319 4398 1401 4454 Saxo,
1417 4398 1575 4463 Duodecim,
1599 4415 1627 4463 a,
1640 4415 1662 4458 e,
1679 4398 1699 4461 ι’,
1721 4413 1752 4464 u,

120 4482 303 4553 parasitaster,
318 4482 435 4548 aculeus,
447 4482 591 4553 ucpotulus.
960 4491 981 4557 l,
999 4507 1037 4556 ur,
1056 4508 1084 4555 u,
1106 4506 1130 4554 r,
1143 4506 1166 4555 s,
1185 4506 1209 4551 c,
1226 4497 1247 4555 t,
1267 4489 1285 4542 d
1296 4507 1306 4554 ,·
1329 4496 1378 4542 ut:
1407 4487 1515 4552 Posmo,
1537 4503 1621 4552 usare,
1644 4485 1754 4556 pausuli,
1825 4544 1831 4565 Ι

159 4573 290 4629 Femiuini
312 4575 418 4644 generis
436 4592 492 4629 vu:
516 4574 587 4640 culo,
608 4576 665 4642 ula,
685 4577 738 4642 ola,
753 4577 816 4642 ella,
832 4577 910 4643 silio,
961 4598 1055 4647 cornu,
1070 4577 1130 4638 mel,
1143 4596 1262 4650 reguum,
1278 4595 1383 4643 uumcu,
1405 4577 1489 4643 tuber,
1502 4576 1585 4642 sidus,
1600 4575 1652 4642 lar,
1664 4583 1752 4646 capus

120 4663 189 4730 illa,
209 4662 274 4716 ullu.
300 4663 357 4718 Ut:
383 4663 520 4734 Agraicula,
537 4664 647 4736 spiculo,
669 4665 784 4732 unciola,
801 4667 912 4738 somilo,
962 4670 1073 4743 aliquid.
1090 4669 1271 4742 [Comminus
1287 4669 1325 4721 uti
1340 4667 1420 4720 trluvu
1434 4682 1575 4737 generum,
1588 4667 1714 4723 desinunt
1725 4665 1754 4719 in

962 4764 983 4827 i,
998 4778 1035 4825 ur,
1052 4777 1076 4826 r,
1091 4775 1167 4823 s,a,·
1189 4757 1294 4811 utzlric
1308 4757 1405 4811 etuoec
1423 4757 1512 4812 etlroc
1532 4756 1615 4828 frugi,
1630 4771 1753 4827 usquam,

158 4842 320 4920 llerrtrorum
335 4860 371 4899 vu
392 4852 454 4899 suru
467 4845 569 4899 lormae.
594 4843 699 4910 Guium,
722 4844 806 4909 ulum,
830 4847 913 4914 alum,
963 4869 1021 4922 par,
1037 4847 1289 4920 prudeus,audur.]

121 4936 211 4999 silum,
229 4935 315 5001 illum,
328 4935 432 5001 sillum,
447 4935 541 4991 ullum.
557 4937 611 4993 Ut:
631 4934 831 5007 Corpusculum,
844 4941 915 5009 capl-
999 4938 1049 4992 Fa.
1064 4937 1202 5004 eruuodo
1222 4953 1331 5007 passura
1353 4938 1424 4992 scire
1447 4937 1524 5008 eujus
1537 4937 1643 5007 generis
1658 4937 1694 4991 sit
1705 4951 1755 4992 no-

121 5025 218 5090 tulam,
242 5024 405 5092 laureolum,
427 5024 565 5088 lucellum,
589 5024 695 5090 uillam,
712 5025 849 5093 uexillum,
875 5027 917 5087 ul·
966 5045 1027 5084 rnen
1049 5028 1195 5099 quodlibet.
1214 5058 1249 5067 —
1263 5027 1344 5083 Suro.
1367 5029 1485 5101 Singulae
1500 5042 1565 5083 vero
1587 5026 1755 5082 terminatio-

123 5118 192 5171 lam.
503 5125 507 5133 ⁴
967 5134 1015 5173 nes
1027 5119 1128 5173 halvent
1141 5117 1247 5189 regulas
1260 5118 1393 5187 praelixas,
1419 5124 1485 5187 quot
1495 5131 1592 5186 genera
1608 5115 1714 5186 possint
1726 5114 1754 5170 ia

160 5204 242 5260 Fiunt
251 5205 505 5261 etdimlnutivoruua
518 5204 676 5260 diminutiva
689 5205 769 5259 tertio
781 5213 808 5259 et
818 5214 917 5275 quarto
967 5210 1007 5265 eis
1020 5223 1089 5264 esee.
1113 5207 1166 5263 Sed
1178 5207 1287 5277 longvrm
1310 5216 1353 5263 est
1365 5209 1418 5263 hoo
1429 5216 1458 5262 et
1470 5206 1534 5262 huie
1548 5213 1648 5260 nostrae
1659 5203 1755 5276 puerili

124 5298 230 5367 gradu,
259 5305 309 5351 ut:
336 5293 459 5359 Paulus,
487 5294 640 5360 Paululas,·
666 5303 693 5350 et
712 5294 863 5365 pauxillus,
889 5305 917 5352 et
968 5297 1142 5368 disputationi
1155 5311 1299 5352 onerosum
1314 5297 1430 5352 edicere.

123 5386 290 5460 pauxillulus
299 5404 309 5453 ;
323 5387 409 5453 douo,
421 5386 573 5450 dornuucio,
586 5383 769 5453 homunculus,
782 5385 915 5452 damulus,
1003 5388 1052 5442 Fu.
1067 5386 1125 5442 lloc
1145 5396 1198 5453 est,
1220 5387 1293 5455 quod
1311 5387 1415 5457 pridem
1439 5386 1504 5443 dixi.
1516 5416 1553 5427 -
1566 5385 1648 5442 Saxo.
1672 5385 1756 5455 Quid·

124 5476 299 5535 homullulus.
968 5479 1052 5534 uam?
1084 5497 1091 5505 ·

162 5567 253 5634 Eece,
274 5567 399 5632 Franco,
420 5567 454 5622 de
477 5565 644 5636 appellativis
668 5565 809 5634 specialius
834 5567 918 5624 habes
1003 5566 1491 5638 Fu.Qaidlnisiquodinvidesrneae
1502 5564 1755 5637 peritiae-Saxo.

128 5661 245 5726 abunde,
261 5669 290 5714 ut
303 5675 374 5726 reor,
389 5659 452 5714 lieet
464 5658 555 5713 nullus
569 5665 621 5713 tom
633 5657 754 5713 aviditati
776 5659 861 5730 possit
875 5674 918 5716 sa-
969 5658 1153 5729 Nequaquam,
1173 5656 1275 5724 irater3
1299 5656 1346 5713 sed
1366 5664 1418 5713 tuae
1440 5656 1562 5712 avaritiae
1582 5656 1690 5712 modurn
1703 5655 1755 5710 iru-

131 5753 265 5810 tisiacere.
970 5763 1069 5821 ponere
1083 5746 1164 5803 volui.
