3780 6120
127 293 178 351 735

125 408 297 479 Plurimaque
315 422 428 464 cernens
447 408 534 463 saeclis
544 415 658 462 ventura
672 406 783 472 tuturis,

160 502 225 570 Qum
239 502 276 557 sit
288 517 368 571 poeua
382 500 471 565 malis,
486 499 570 571 gloria
588 513 681 569 quaeve
693 498 783 554 bonis.

126 592 175 648 llic
189 592 257 648 liber
271 599 408 648 extremus
422 591 569 661 Scripturae
582 589 740 644 inscribitur
754 588 842 653 almae,

161 685 263 740 Divinis
277 692 349 740 totus
363 683 498 754 mysteriis
515 680 640 736 redolens
653 693 665 721 t

126 776 189 833 llaec
201 785 263 832 sunt
278 777 346 831 dona
360 775 406 830 Dei
423 774 577 829 eoelestibus
592 772 691 844 inclyta
702 772 788 842 gazis,

160 869 189 924 ln
203 869 246 923 his
262 869 330 933 vita,
346 867 428 930 salus,
444 865 541 936 gloria,
556 863 666 920 divitiae,

125 959 174 1015 llis
188 961 246 1015 sine
257 974 336 1014 rrerrro
350 958 433 1012 [lcum
448 955 549 1027 poterit
561 966 725 1026 cognoscere
742 967 835 1015 sensu,

161 1052 208 1109 Vel
220 1061 355 1122 praccepta
369 1048 428 1113 Dei,
443 1054 490 1102 aut
503 1060 586 1117 regnu
596 1046 675 1101 beata
688 1043 753 1114 poli.

124 1142 153 1197 lo
169 1141 210 1196 lris
223 1155 287 1196 vera
301 1138 408 1210 quidem
423 1137 506 1208 lulgot
522 1136 654 1206 sapientia
668 1144 785 1200 tantum,

159 1232 188 1288 ln
200 1233 243 1288 bis
256 1232 324 1299 laus,
336 1248 451 1295 merces,
462 1231 527 1294 vita,
542 1230 615 1287 salus
629 1230 779 1286 bominum.

124 1325 172 1380 llis
183 1325 240 1381 sine
255 1325 360 1381 seducit
372 1325 442 1380 male
458 1323 527 1379 salsa
539 1322 652 1379 scientia
665 1329 795 1388 mentem,

159 1417 268 1472 Discere
283 1433 336 1472 non
354 1431 452 1471 curans
464 1414 546 1470 verba
561 1421 668 1469 sacrata
680 1412 730 1468 Dei
747 1430 753 1465 :

124 1510 152 1564 lu
168 1510 265 1578 quibus
281 1517 388 1566 veterna
404 1525 468 1565 vera
482 1518 524 1563 est
537 1508 668 1578 sapientia
681 1507 755 1572 vite,

158 1597 261 1661 Gloria,
273 1598 329 1663 lux,
343 1599 439 1668 pietas,
451 1605 531 1652 notus
544 1596 639 1666 etipse
654 1597 734 1651 lleus.

123 1686 242 1758 Quisque
254 1688 325 1759 legat
338 1688 416 1757 liujus
431 1697 538 1744 sacrato
552 1688 578 1743 in
592 1702 704 1759 corpore
714 1687 788 1754 libri,

159 1777 255 1833 Lector
269 1778 296 1832 in
311 1778 436 1843 ecelesia,
448 1778 529 1833 verba
545 1791 662 1845 superna
675 1777 734 1842 Dei,

123 1866 204 1937 207
218 1867 370 1939 Distinguat
383 1883 487 1933 sensus,
496 1867 599 1933 titulos,
614 1866 682 1931 cola,
692 1877 826 1923 commata
838 1882 915 1931 roce,

159 1959 237 2015 [licat
255 1958 312 2032 ΗΣ,
330 1959 442 2032 diseat],
457 1969 488 2014 ut
501 1969 629 2017 accentus
643 1976 691 2016 ore
705 1977 802 2018 souare
817 1963 896 2018 sciat.

121 2049 239 2106 Auribus
256 2050 377 2106 ecclesiae
390 2061 497 2107 resonet
510 2066 562 2106 vox
576 2051 666 2107 vinula
679 2051 694 2092 b
708 2052 797 2125 longe,

158 2140 252 2197 Omnis
265 2150 295 2196 ut
307 2142 415 2197 auditor
427 2141 519 2198 laudet
533 2143 568 2198 ab
580 2157 627 2199 ore
643 2143 738 2199 Deum.

122 2232 277 2306 Regnorum
292 2235 348 2306 regi
359 2234 482 2300 Christo,
498 2244 526 2291 et
539 2234 653 2290 Domino
667 2237 837 2291 dominorum

157 2325 258 2390 Gloria,
275 2325 331 2392 lux,
343 2325 443 2391 virtus,
458 2326 620 2401 laus‚h0nor
637 2335 718 2398 alque
731 2328 805 2385 salus
820 2347 826 2383 :

121 2414 171 2483 Qui
186 2417 254 2488 regit
265 2417 380 2486 imperio
399 2424 510 2483 terram,
525 2417 690 2489 pelagusque
704 2418 860 2492 polumque,

157 2507 207 2575 Qui
223 2508 307 2563 voluit
320 2508 389 2563 sciro
401 2506 478 2579 lile,
490 2507 583 2579 scribi]
597 2523 694 2562 nomon
705 2509 732 2562 in
745 2510 811 2564 orbo
824 2526 913 2565 suum.

120 2596 156 2652 lit
171 2613 257 2669 genus
271 2598 417 2651 humanum
429 2597 577 2652 clementer
591 2599 625 2654 ab
638 2599 716 2653 lioste
729 2599 858 2671 maligno,

156 2689 184 2742 ln
198 2704 278 2744 cruce
287 2687 343 2757 jam
356 2689 474 2744 moriens
487 2703 578 2756 carne,
592 2689 707 2745 redemit
718 2707 822 2759 ovans3

120 2779 171 2849 Qui
185 2780 264 2836 solita
278 2779 405 2835 Carolum
418 2795 509 2852 regem
522 2780 621 2851 pietate
634 2782 776 2852 gubernet,

157 2868 269 2941 Semper
286 2868 313 2923 in
327 2878 458 2924 arternum
472 2879 594 2943 protegat
605 2879 686 2942 atque
701 2876 786 2943 regal.

120 2958 198 3014 llicat
209 2965 236 3015 et
247 2958 336 3015 omnis
349 2957 434 3013 Amen
446 2959 606 3030 populomm
621 2962 700 3017 turba
714 2978 763 3032 per
781 2963 873 3019 orbern
887 2982 894 3017 ε

155 3054 211 3112 lloc
227 3055 329 3110 tribuat
345 3054 405 3111 cmli
416 3053 541 3110 Christus
555 3055 589 3110 ab
600 3070 663 3110 arce
676 3055 747 3125 pius.

121 3145 156 3202 Ut
171 3146 262 3202 multis
273 3147 346 3201 rival
360 3145 423 3201 felix
437 3145 553 3203 ielieller
565 3147 652 3209 annis,

155 3235 220 3292 Post
236 3237 295 3292 haec
307 3244 336 3292 et
353 3245 444 3292 teneat
454 3252 536 3308 regna
549 3237 628 3292 beata
644 3236 702 3291 liei.

119 3326 264 3382 Codicibns
275 3328 360 3382 sacris
374 3328 465 3381 hostili
479 3327 555 3383 clade
566 3329 697 3398 perustis,

155 3417 189 3471 Et
203 3416 278 3471 Rado
292 3427 303 3455 ⁰
318 3417 425 3472 fervens
441 3418 492 3473 hoc
504 3419 641 3487 reparavit
653 3434 741 3488 opus;

119 3500 177 3561 llo'e
188 3520 265 3574 opus,
283 3505 334 3562 lroc
346 3506 446 3562 etenim
460 3505 577 3562 dammis
591 3515 618 3562 te
632 3508 767 3564 subtrabit
781 3510 858 3576 atris,

155 3594 283 3660 Olector,
301 3596 324 3653 si
342 3603 371 3653 tu
384 3595 459 3669 pacis
470 3612 562 3653 amore
577 3597 653 3668 legis.

293 3795 550 3874 HlSTORIAE
580 3798 744 3877 VARIAE

252 3990 385 4036 VETERIS
403 3993 443 4035 ΕΤ
467 3993 542 4038 novt
565 3994 777 4073 abstulerint.

484 4136 540 4192 tlt.

359 4267 397 4322 Dr
412 4268 516 4325 Cbrislo
532 4269 679 4329 Saloatum.

119 4398 245 4456 Nascitur
255 4401 371 4457 humana
384 4401 473 4458 celsus
487 4404 615 4460 decarne
629 4406 751 4472 Creator,

156 4491 191 4547 Ut
203 4491 283 4548 lromo
296 4508 345 4563 per
361 4492 497 4549 bominem
510 4484 623 4553 scandat
635 4497 669 4553 ad
682 4507 755 4554 astra
770 4500 864 4556 Deum.

119 4580 189 4637 Eece
203 4582 255 4649 leo,
272 4582 347 4640 ludae
360 4592 439 4641 natus
453 4585 487 4642 de
499 4587 628 4658 germine,
646 4590 774 4646 mundum

154 4671 278 4742 Liberat,
302 4682 330 4731 et
350 4675 419 4732 laetis
442 4674 502 4749 [F.,
525 4676 603 4751 lethi]
630 4686 736 4749 sceptra
762 4683 911 4754 triumphat

769 4773 873 4847 [ovans.

120 4850 213 4909 Hostia
230 4870 334 4912 summa
348 4855 437 4913 Patris
451 4858 570 4928 pretioso
584 4861 713 4932 sanguine
725 4862 859 4932 Christus,

155 4943 341 5003 Penuundans
354 4950 458 5012 orbern,
472 4965 553 5020 regna
568 4955 617 5009 sub
631 4954 685 5010 alta
697 4964 784 5011 vocat.

118 5036 273 5108 Assumptis
285 5037 381 5111 aquilae
393 5038 519 5098 Christus
532 5044 600 5113 petit
613 5044 713 5101 aetliera
724 5049 831 5117 pennis,

154 5127 359 5202 Couregnatque
371 5131 424 5202 poli
437 5147 534 5204 perpes
546 5134 576 5189 in
589 5150 652 5191 arce
666 5135 752 5193 Patri.

156 5291 170 5320 ⁸
187 5278 373 5353 Apoealypsis.

154 5349 170 5389 b
185 5349 242 5405 Vox
257 5352 358 5409 vinula.
377 5370 387 5407 ι
404 5352 545 5412 Vinnolata
557 5371 609 5412 vox
625 5366 668 5413 est
680 5358 747 5415 levis
761 5366 789 5417 et
808 5360 906 5429 mollis,

119 5427 200 5501 arque
216 5420 351 5479 llexibilis.
372 5424 406 5481 Et
419 5425 555 5482 vinnolata
566 5427 635 5483 dicta
655 5445 670 5483 a
685 5431 778 5496 vinno,
792 5430 844 5485 lroe
854 5440 907 5497 est,

119 5501 255 5568 cincinno,
275 5494 390 5552 molliter
405 5494 484 5553 llexo.
500 5515 510 5550 ι
534 5496 574 5552 lta
585 5498 704 5556 isidorus
720 5501 783 5557 libr.
802 5516 834 5557 ιιι
848 5501 908 5559 Ori-

119 5564 376 5711 gmtml‘i'aftaeftdilffbas
390 5635 556 5692 celeberrimi
572 5639 731 5721 monasterii
741 5639 908 5700 Benedictinl

120 5694 150 5752 S.
175 5694 282 5754 llcdastr
309 5705 379 5776 apud
398 5705 555 5775 Atrebates,
574 5724 620 5779 qur
641 5724 713 5764 anno
734 5709 834 5767 Christi
857 5710 908 5768 795

534 292 566 348 B.
585 291 616 348 F.
637 291 751 349 urbini
773 289 840 348 suti
859 288 999 347 ALCUlNl
1018 288 1161 353 obnubit
1178 296 1270 354 PARS
1290 299 1332 354 vl.
1423 320 1432 338 ‘

1329 407 1395 464 t'tll.

1084 501 1218 572 Apparilio
1232 501 1317 572 angeli
1333 503 1403 571 suctu
1416 511 1506 555 sancto
1517 501 1644 572 decepto.

965 590 1083 661 Angelus
1096 592 1208 646 illesum
1228 591 1318 647 blariee
1332 608 1380 663 per
1396 593 1501 648 somnia
1513 591 1614 662 losepb

965 679 1126 750 Coniugium
1139 695 1249 736 servare
1263 690 1373 748 monct;
1397 683 1441 737 liic
1453 682 1531 737 docte
1550 680 1610 755 [idq
1625 682 1700 758 dote]
1717 701 1750 744 re·

965 859 1082 929 Spiritus
1093 863 1155 927 boc,
1169 861 1241 931 quod
1255 861 1290 917 sit
1304 861 1429 932 llagrans,
1445 860 1569 918 Salvator
1586 773 1725 922 hunffrlgtla

1333 952 1381 1007 lx.

1153 1048 1192 1105 De
1207 1059 1298 1105 sancto
1312 1049 1416 1104 Jounne
1430 1048 1562 1121 Baptista.

964 1136 1091 1194 Ostendis
1105 1135 1243 1193 Christum
1256 1138 1362 1210 populis
1375 1139 1496 1208 Baptista
1510 1138 1640 1206 loannes,

965 1230 1014 1285 llic
1026 1246 1088 1286 ecee
1098 1229 1199 1302 dgnus,
1215 1238 1242 1287 et
1254 1232 1308 1298 hic,
1325 1231 1370 1300 qui
1388 1231 1458 1286 tollit
1468 1231 1585 1287 crimina
1599 1234 1702 1293 muudi.

1342 1323 1377 1378 ll.

1230 1411 1311 1469 Fides
1329 1415 1500 1470 centurionis.

965 1507 999 1561 Et
1012 1506 1077 1562 milri
1089 1506 1223 1573 Salvator,
1238 1506 1337 1562 salvari
1352 1522 1446 1562 servus
1459 1505 1588 1562 anhelat:

966 1596 1023 1651 Non
1036 1612 1085 1667 ego
1102 1613 1161 1652 sum
1177 1598 1283 1669 dignus,
1300 1596 1376 1667 cujus
1391 1605 1419 1652 tu
1435 1605 1506 1652 tecta
1520 1612 1670 1666 capessas:

967 1686 1020 1742 Sed
1034 1687 1115 1743 verbo
1126 1702 1221 1743 sanare
1231 1699 1318 1758 potes,
1334 1703 1395 1744 nam
1411 1686 1511 1743 sullicis
1525 1689 1633 1744 absens.

1342 1778 1389 1834 Xl.

1113 1869 1204 1924 Verrio
1216 1885 1292 1940 uquoe
1309 1871 1337 1923 in
1350 1870 1437 1924 alnum
1456 1869 1490 1924 ud
1504 1872 1620 1941 nuptiae.

966 1959 1076 2028 lusipidi
1088 1960 1223 2028 quondam
1238 1960 1326 2015 laticis
1342 1960 1474 2016 elementa
1486 1976 1610 2031 saporem

966 2049 1119 2120 Flagrantis
1131 2067 1269 2123 sumpsere
1284 2053 1370 2118 meri;
1386 2068 1449 2109 nam
1464 2055 1591 2124 providus
1605 2064 1701 2115 auctor

966 2143 1076 2198 llunera
1090 2143 1199 2210 lutitiae,
1216 2145 1347 2200 virtutum
1360 2142 1472 2200 exordia
1485 2143 1558 2201 lecit.

1331 2233 1387 2289 llll.

1168 2325 1284 2395 desectio
1299 2325 1389 2396 populi
1402 2326 1429 2378 ιἰι
1443 2325 1554 2381 deserto.

966 2415 1016 2471 llic
1028 2415 1143 2486 panibus
1155 2422 1269 2485 septem,
1283 2415 1443 2486 populorum
1457 2417 1543 2472 millia
1556 2419 1646 2487 pascit

965 2509 1096 2577 Quatuor,
1112 2516 1139 2564 et
1149 2509 1228 2578 pauci
1242 2515 1365 2563 saturant
1380 2507 1502 2581 [satiant]
1517 2511 1643 2566 convivia
1656 2512 1753 2582 pisces:

965 2600 1031 2656 Nam
1047 2608 1150 2671 septem
1161 2599 1281 2671 reliquas
1295 2609 1403 2670 sportas
1415 2600 1565 2672 fragmenta
1579 2602 1692 2673 replevit
1705 2615 1727 2659 ⁸.

1329 2690 1387 2746 lllll

1140 2781 1252 2838 Sanctio
1264 2781 1424 2838 miraculoso
1438 2800 1580 2854 aegrorum.

964 2873 1016 2928 ilat
1030 2873 1152 2928 dextram
1166 2871 1273 2927 miseris
1285 2889 1292 2937 ;
1308 2871 1493 2942 miseransque
1506 2872 1606 2928 attollit
1617 2873 1651 2929 ab
1664 2874 1751 2942 hutno,

964 2963 1050 3031 Quam
1063 2963 1208 3035 longinqua
1221 2962 1262 3019 sui
1275 2971 1422 3018 curvarant
1436 2964 1501 3018 vitia
1521 2965 1630 3029 morbo,

965 3053 1073 3126 Surgite
1087 3061 1160 3109 recta
1180 3052 1243 3118 lide,
1257 3054 1371 3109 mundat
1389 3069 1466 3111 mens
1485 3055 1528 3125 pia
1543 3057 1707 3112 credentem.

1323 3144 1393 3201 xlv.

1130 3235 1170 3289 Dc
1182 3234 1270 3289 llario
1284 3243 1309 3289 et
1322 3233 1430 3290 llurtltu
1443 3236 1588 3292 sororibus.

963 3321 1058 3393 Arguit
1072 3323 1214 3378 immeritis
1226 3334 1380 3378 consortem
1394 3324 1498 3380 blartlra
1511 3326 1642 3396 querelis,

964 3412 1040 3480 erod
1053 3420 1129 3467 vireat
1141 3411 1250 3479 ollieio;
1266 3414 1310 3468 cui
1325 3430 1407 3470 verax
1419 3415 1522 3471 arbiter
1541 3417 1648 3489 inquit:

964 3501 1043 3557 Utilis
1055 3518 1120 3557 cura
1134 3503 1239 3568 domus,
1255 3503 1352 3559 melior
1363 3520 1423 3574 quae
1436 3519 1543 3576 semper
1556 3506 1677 3563 babetur.

1328 3595 1375 3651 XV

1201 3681 1238 3736 De
1252 3680 1358 3738 Zuclnet'
1375 3686 1519 3741 vocatione.

963 3771 1054 3827 Dulcis
1067 3772 1154 3826 bonor
1168 3772 1274 3828 Domini
1289 3773 1402 3830 zachaeo
1415 3773 1489 3830 lulsit
1500 3776 1599 3843 amico,

963 3863 1102 3934 llajeslete
1113 3879 1223 3930 sonans,
1239 3864 1319 3919 bodie
1330 3865 1396 3921 milri
1407 3868 1518 3936 prodeis
1529 3869 1629 3940 hospes

962 3956 1003 4009 Ad
1021 3954 1132 4025 majora,
1149 3956 1183 4011 de
1193 3955 1236 4011 his
1250 3958 1336 4011 ramis
1349 3958 1482 4017 descende
1497 3961 1609 4018 relictis.

1328 4050 1395 4107 xli.

1216 4140 1255 4195 De
1270 4140 1342 4196 duda
1355 4143 1497 4213 proditore.

962 4228 1070 4283 Nummi
1089 4230 1146 4285 <lira
1160 4229 1243 4286 sames
1256 4232 1392 4302 compellit
1403 4235 1520 4289 vendere
1532 4230 1640 4302 ludam,

961 4320 991 4374 ln
1009 4335 1114 4390 pennam
1130 4322 1220 4394 regale
1233 4333 1324 4393 caput,
1338 4326 1501 4381 commercia
1514 4327 1583 4382 tanti

963 4407 1107 4480 Sanguinis
1121 4413 1218 4484 exiguo
1231 4415 1337 4484 peragit
1348 4429 1426 4470 niens
1437 4399 1526 4485 impia
1534 4416 1619 4471 lucro.

1319 4503 1399 4560 Xl'll.

1203 4590 1245 4645 Au
1260 4609 1337 4647 cruce
1349 4591 1513 4663 pendentem.

958 4679 1052 4737 Gestat
1064 4682 1231 4737 onerandum
1246 4684 1384 4739 cunctis...
1400 4683 1483 4739 indita
1498 4699 1593 4756 rogum
1609 4681 1632 4739 ί.
1704 4752 1708 4763 .

958 4772 1032 4839 Quos
1044 4780 1137 4828 escant
1151 4775 1163 4814 Β
1179 4773 1234 4828 sint
1246 4774 1365 4844 pendere
1377 4773 1486 4828 victima
1500 4775 1605 4842 mundi,

958 4865 1096 4921 Perditam
1110 4873 1142 4921 ul
1154 4866 1261 4922 miseris
1273 4867 1368 4923 reddat
1384 4882 1459 4923 mors
1472 4883 1526 4923 una
1538 4869 1662 4926 salutem.

1315 4958 1406 5014 Xl'lll.

1227 5049 1267 5105 De
1278 5049 1345 5104 bono
1361 5049 1474 5106 latrone.

959 5140 1063 5197 Sacrati
1083 5142 1201 5199 nemoris
1215 5140 1322 5196 Domini
1334 5138 1348 5179 ¹²
1362 5156 1411 5212 per
1424 5157 1532 5199 amoeua
1545 5144 1642 5212 vireta,

958 5297 1093 5353 abbatiam
1103 5296 1227 5353 obtinuit.
1241 5289 1309 5352 Vide
1322 5313 1382 5367 qum
1395 5297 1428 5353 de
1438 5298 1743 5357 liudoneaduotaritttt

957 5369 992 5422 ad
1006 5368 1094 5423 llitam
1111 5367 1139 5423 S.
1154 5368 1264 5424 Vedasti
1282 5382 1312 5422 su
1335 5383 1364 5422 ra
1375 5367 1427 5422 col.
1441 5368 1503 5424 665.

993 5438 1006 5477 ‘1
1023 5438 1113 5502 Forte,
1126 5455 1265 5509 pregnans
1280 5384 1398 5493 sanatur
1414 5439 1521 5495 lionore.

988 5520 1006 5567 θ
1020 5507 1112 5572 Forte,
1126 5507 1265 5579 replerunt.

997 5576 1005 5616 l
1020 5577 1112 5642 Forte,
1125 5577 1307 5633 honorandum
1322 5580 1422 5634 cunctis
1436 5596 1502 5636 crux
1520 5580 1616 5654 iuclgta
1630 5594 1724 5652 regent.

995 5649 1007 5688 ⁸
1020 5646 1108 5705 Locus
1121 5653 1273 5729 corruptus.

994 5717 1113 5787 ovone,
1132 5716 1245 5773 Drmrrro
1249 5757 1302 5773 .....
1322 5719 1398 5776 duce.
