3764 6120
205 300 258 357 tb5

623 297 654 351 B.
674 295 704 351 F.
723 292 836 349 tentat
855 289 921 348 SEU
941 288 1079 349 hLCUlNl
1097 287 1240 347 llPEIthl
1258 288 1348 345 PARS
1366 289 1410 347 itt.

1780 287 1833 342 libb

205 415 233 470 Ιιι
246 411 314 468 deos
325 407 410 470 lilios,
420 407 463 463 vel
478 407 547 464 dnos
565 408 640 471 deos,
657 407 700 461 rel
714 406 781 461 duas
795 420 857 459 cum
872 403 995 458 Nestorio
1009 405 1033 461 tt
1047 403 1111 457 olim
1126 403 1278 458 detestabili
1294 402 1431 472 impietate
1444 400 1596 472 adoptivam
1609 416 1679 457 esse
1701 403 1836 459 assernit?

204 494 344 556 personas.
358 477 409 544 Qut
424 477 488 533 licet
501 478 569 532 deas
590 477 679 548 palam
702 491 755 528 non
775 475 889 528 dixisset
900 487 993 544 perso·

205 567 272 617 nas,
294 558 384 604 tamen
405 549 496 604 omnia
519 564 579 618 quac.
601 546 704 602 duabus
723 546 811 599 inesse
828 559 938 598 necesse
952 551 993 599 est

203 620 344 695 personis,
361 619 388 672 in
401 634 449 672 sua
462 617 629 688 professione
644 614 754 669 latetur.
770 613 858 668 Simili
873 614 994 668 modoet

206 705 250 759 tu,
268 691 332 746 licet
346 687 433 758 tngtas
446 689 527 742 verba
551 687 666 741 duarum
689 699 887 765 personarum,
905 693 993 764 tamen

204 762 293 820 orunia
305 775 365 830 qum
378 771 488 813 neccsse
500 763 552 820 est,
564 756 669 809 deabus
682 754 770 808 inesse
780 768 914 834 personis,
928 761 954 835 te
967 769 994 806 ιιι

205 835 258 888 tuis
272 830 371 885 littaris
384 827 536 882 invenimus
550 825 680 894 profiteri.
696 822 762 890 Quis
783 839 856 877 curm
874 830 992 885 nesciat,

205 903 276 973 apud
288 913 371 954 unum
386 897 495 952 Patrem
514 895 627 949 alteram
645 909 704 948 εεεε
719 909 860 963 personam
876 892 994 963 adoptivi

204 973 286 1035 Filii,
301 970 415 1024 alteram
437 965 539 1036 proprii
554 964 632 1018 Filii?
649 963 704 1018 Nec
728 964 799 1018 euim
823 962 894 1018 ellus
918 970 995 1033 pater

204 1043 281 1111 iusta
299 1040 423 1094 humanae
437 1034 639 1089 consuetudinis
662 1034 792 1087 rationem
811 1042 918 1102 poterat
931 1048 994 1102 pro-

205 1113 293 1183 prium
307 1108 390 1161 lilium
402 1105 452 1160 sibi
467 1104 607 1173 adoptare,
616 1105 693 1173 quasi
706 1103 840 1157 alienum:
856 1112 902 1156 ant
913 1118 994 1172 quein

141 1172 144 1180 ’
206 1183 317 1250 adoptat
334 1175 385 1231 sihi
399 1175 425 1227 in
440 1174 535 1237 lilium,
550 1176 650 1255 perierit
664 1173 714 1229 sihi
728 1173 868 1254 proprium
889 1172 994 1236 lacere,

204 1265 284 1320 quem
308 1244 457 1317 paurmitas
483 1244 595 1299 alterius
618 1245 669 1298 sibi
686 1243 748 1296 ιεειι
771 1243 905 1307 alienurn;
931 1242 994 1310 quii

204 1319 313 1389 adoptio
327 1332 361 1372 ex
377 1314 465 1369 abeno
486 1314 607 1382 quolibet
628 1313 764 1375 elicitum
788 1313 913 1382 proprias
931 1327 995 1366 vero

1043 477 1096 531 ,bnt
1110 474 1132 527 si
1147 474 1215 528 hanc
1225 472 1418 544 blasphemiam
1438 471 1573 527 declinare
1588 472 1698 537 niteris,
1714 489 1778 528 mox
1796 475 1838 530 in-

1044 543 1111 601 cidis
1132 544 1158 596 in
1182 543 1307 612 laqueum
1327 542 1463 606 Nestorii,
1479 543 1506 596 in
1530 543 1596 595 duas
1609 540 1747 597 Christum
1767 543 1838 598 divi-

1044 616 1110 670 dens
1121 629 1259 684 personas,
1272 628 1352 665 uriam
1361 612 1496 683 pmpriam
1507 619 1534 666 et
1544 612 1658 666 alteram
1669 612 1835 683 adoptivam.

1044 685 1110 738 Nam
1126 682 1265 737 Nestorius
1286 682 1375 751 palam
1390 683 1456 736 duas
1471 699 1523 736 uon
1540 683 1690 737 nominavit
1707 698 1838 752 personas

1045 756 1071 809 in
1086 752 1204 815 Christo,
1217 753 1307 805 omnia
1322 761 1422 816 tamen,
1436 768 1496 822 quae
1510 752 1613 805 duabus
1634 753 1724 807 inesse
1739 768 1835 821 persn-

1045 826 1087 878 uis
1101 837 1211 878 neccsse
1224 830 1265 877 εει
1282 838 1365 892 pmvo
1380 838 1472 883 sensu,
1489 823 1513 877 id
1529 830 1586 884 cst,
1597 824 1791 892 proprietatem
1808 831 1836 879 et

1044 894 1216 961 adoptionem
1232 892 1293 946 Filii
1314 891 1461 947 affirmavit
1479 893 1506 944 in
1521 891 1640 957 Christo,
1654 901 1707 947 etc.
1725 914 1734 946 i

1079 962 1164 1020 XXX.
1185 962 1358 1016 concluditur
1368 962 1529 1026 dissertatio,
1543 973 1567 1015 et
1580 962 1736 1032 quibusdem
1750 963 1837 1019 adisse

1046 1033 1159 1088 Wolcbii
1173 1033 1283 1101 erqetiis
1297 1033 1426 1085 obvietur.
1438 1063 1474 1072 -
1489 1031 1617 1100 Quisquis
1633 1031 1691 1100 jam
1713 1034 1772 1088 haee
1788 1049 1836 1090 ar-

1063 1110 1182 1166 umcnta,
1198 1103 1296 1170 quibus
1309 1103 1351 1155 siu
1371 1104 1413 1156 ula
1428 1117 1552 1157 errorum
1567 1104 1654 1170 capita
1667 1103 1798 1160 Alceinns
1809 1105 1838 1160 ln

1044 1120 1133 1227 Felice
1148 1182 1174 1226 et
1194 1170 1324 1252 Elipaudo
1347 1118 1481 1254 chehellnre
1504 1181 1617 1252 coriatus
1638 1182 1698 1236 est,
1718 1185 1838 1230 rneutea

1044 1241 1209 1313 praejudiciis
1223 1241 1306 1296 libera
1321 1241 1508 1311 perpenderit.
1523 1241 1591 1298 rirlul
1604 1258 1669 1297 sane
1684 1245 1835 1311 deprehen.

1045 1315 1099 1377 det,
1112 1313 1183 1382 quod
1201 1311 1228 1365 in
1240 1311 1373 1379 scriptore
1384 1321 1476 1366 nostro
1497 1314 1558 1383 jure
1581 1314 1725 1382 vituperari
1741 1322 1834 1383 queat.

204 1390 276 1445 illius
296 1389 323 1443 in
349 1384 460 1440 veritate
482 1385 656 1453 proprietatis
678 1391 828 1453 permanet.
846 1403 854 1434 ι
876 1381 951 1437 liade
968 1392 997 1436 et
1045 1382 1174 1452 Apprime
1188 1381 1259 1437 enim
1275 1381 1319 1434 illa
1334 1384 1500 1436 concordant
1514 1391 1542 1436 et
1562 1382 1703 1452 principiis
1721 1385 1839 1439 sanioris

204 1460 251 1516 lib.
265 1476 290 1521 r,
307 1471 381 1511 rrum.
394 1455 527 1523 l,probat
541 1454 655 1508 Felicem
667 1453 826 1521 sibimetipsi
841 1452 993 1515 dIssentire,
1046 1452 1197 1520 theologiae,
1210 1460 1238 1505 et
1248 1451 1374 1506 methodo
1387 1453 1564 1506 ratiocinandi
1577 1462 1701 1506 veterum
1713 1452 1836 1519 Patrnnr,

205 1546 266 1585 curn
283 1528 447 1582 verbotenus
461 1524 570 1593 quidem
584 1539 705 1592 personae
717 1523 932 1591 singularitatem
947 1536 994 1576 seu
1045 1522 1072 1576 in
1083 1537 1197 1591 quorum
1213 1521 1445 1576 lucubrationibus
1458 1522 1612 1577 evolvendis
1627 1533 1702 1577 certe
1713 1523 1836 1580 solertis·

206 1601 339 1654 unitatem
352 1595 524 1658 admitteret,
540 1594 628 1663 reipsa
645 1602 735 1648 autem
756 1604 876 1662 negaret.
893 1610 902 1643 ι
921 1592 995 1646 Tan·
1045 1593 1131 1647 simus
1144 1589 1194 1644 luit
1205 1591 1352 1655 Aleniuns,
1372 1599 1415 1655 et,
1430 1599 1460 1645 ut
1474 1591 1568 1661 paucis
1590 1593 1681 1645 orrrnia
1696 1591 1834 1659 dicamus,

206 1671 268 1725 dem
280 1668 326 1722 illo
338 1666 521 1738 pervenimus,
535 1663 582 1724 ait,
598 1662 643 1717 ulti
656 1663 772 1718 destruis
785 1664 858 1732 quod
876 1663 993 1718 adloca-
1045 1662 1139 1716 endem
1151 1662 1261 1715 nurnine
1274 1671 1337 1714 sunt
1350 1677 1409 1730 qum
1425 1662 1489 1715 olim
1504 1662 1530 1715 in
1545 1662 1647 1742 Cvrillo
1661 1677 1710 1717 sua
1725 1662 1834 1728 lecerat,

206 1740 257 1799 sti,
274 1746 302 1792 et
323 1735 460 1792 condieris
472 1750 531 1802 quae
546 1733 661 1804 negasti.
687 1731 746 1786 lam
773 1733 880 1798 neseio,
902 1741 993 1786 utrum
1046 1747 1078 1786 ac
1092 1731 1169 1801 quasi
1183 1741 1389 1787 consecraverat
1402 1731 1532 1793 Ecclesia,
1548 1746 1627 1800 prout
1639 1741 1667 1786 et
1680 1733 1783 1803 optime
1792 1737 1838 1789 ad·

206 1809 318 1866 subdola
333 1803 505 1862 simulatione
519 1802 655 1874 prioribus
671 1804 724 1859 tuis
745 1804 915 1857 sermonibus
938 1817 994 1857 me·
1046 1802 1237 1857 lrihitaeoutra
1248 1801 1399 1865 haereticos,
1411 1817 1526 1870 quornvn
1538 1803 1647 1871 genesin
1660 1818 1692 1857 ac
1702 1805 1837 1860 sentiendi

205 1880 258 1934 lius
277 1878 444 1939 crederetur,
464 1874 562 1944 quibus
582 1873 738 1928 multimoda
761 1873 994 1942 argumentatione
1045 1872 1178 1926 rationein
1190 1873 1312 1925 eamdem
1326 1888 1387 1925 curn
1400 1871 1443 1924 illa
1457 1871 1679 1926 Nestoriauorum
1694 1873 1780 1928 luisse
1789 1891 1838 1945 per

205 1949 347 2004 veritatem
369 1947 526 2015 impugnare
543 1942 684 2013 probaris:
702 1951 748 1997 aut
761 1958 822 1996 cum
838 1943 944 1998 diabolo
961 1944 995 1996 ti·
1045 1941 1188 1996 decursum
1204 1941 1283 2010 primi
1306 1950 1333 1995 et
1350 1942 1635 2064 secundiparaqraphi
1657 1943 1712 1998 late
1725 1944 1839 1999 deduxi-

205 2016 454 2087 moreperterritus
470 2013 565 2069 nolens
580 2013 719 2069 Christum
742 2012 790 2067 bet
813 2012 911 2067 Filium
935 2027 996 2068 esse
1045 2027 1116 2066 ruiis.
1127 2011 1182 2065 Nee
1194 2012 1283 2066 miuus
1292 2011 1387 2066 idonea
1398 2021 1536 2066 exstitisse
1555 2023 1839 2082 rcecargumentacen-

205 2084 451 2152 conlltcris;cu1us
474 2085 658 2138 testimouium
684 2083 784 2151 uirique
805 2083 862 2151 ipsa
888 2082 996 2137 Veritas
1046 2082 1099 2136 seri
1112 2082 1219 2143 debent,
1233 2082 1304 2151 quod
1319 2081 1460 2136 curantibus
1483 2081 1588 2137 hlceini
1604 2083 1716 2138 effectus
1729 2093 1838 2154 optatus

206 2159 328 2228 recipere
341 2157 444 2218 rcnnit,
459 2156 647 2210 obmutescere
659 2168 721 2208 eum
737 2153 910 2223 praecipiens;
932 2152 995 2222 quia
1046 2152 1072 2206 in
1088 2150 1263 2205 conversione
1277 2151 1494 2205 adversariorum
1509 2167 1620 2206 suorum
1642 2153 1715 2208 haud
1729 2170 1838 2225 respon-

206 2229 253 2284 tali
270 2227 411 2282 laudatore
426 2225 481 2295 ipse
496 2224 543 2278 liei
556 2223 640 2278 Filius
658 2223 817 2293 dedignatus
835 2231 878 2278 εει
895 2223 994 2292 praedi·
1047 2221 1128 2284 derit,
1141 2220 1212 2289 iique
1224 2236 1318 2274 omnes
1336 2220 1488 2302 adoctriua
1512 2223 1627 2291 pessima
1648 2239 1703 2278 non
1718 2239 1839 2306 necesse·

205 2299 273 2353 cari.
290 2297 363 2352 Dicis
377 2296 448 2350 enim
464 2294 588 2348 eumdem
601 2309 661 2349 esse
672 2293 769 2348 Filinrn
783 2293 842 2355 net,
856 2294 901 2360 qiii
914 2301 957 2348 εει
968 2301 996 2347 ει
1047 2292 1110 2355 rint,
1120 2307 1187 2359 qum
1201 2298 1275 2345 tanto
1286 2292 1375 2345 studio
1386 2301 1604 2414 ungugnaverau
1618 2309 1672 2363 quo
1682 2296 1792 2362 quidem
1805 2312 1839 2352 cx

206 2369 277 2424 lilius
291 2367 419 2429 bominis,
435 2363 557 2419 etlilium
573 2363 764 2431 bomiois‚qni
779 2372 825 2416 est
840 2362 924 2417 Filius
937 2363 994 2426 liei,
1047 2361 1243 2430 capitcsnltcrn
1267 2363 1416 2441 synodum
1444 2363 1659 2426 atishouensem,
1680 2363 1739 2434 jud.
1805 2381 1839 2422 ue

205 2449 236 2493 ut
249 2454 282 2494 ει
295 2437 349 2491 tuis
362 2434 452 2490 verbis
465 2434 590 2504 cognosci
605 2441 720 2503 poterat.
730 2431 782 2497 Qui
794 2431 880 2495 illem,
892 2434 993 2500 inquis,
1047 2430 1183 2484 Rornanos
1199 2432 1370 2498 reprehendit
1384 2431 1522 2487 llnlchins
1535 2434 1695 2488 existimaus
1708 2450 1769 2489 curri

205 2508 297 2561 silice
311 2515 386 2560 tuere
400 2504 502 2565 reatris,
518 2502 615 2556 scilicet
628 2503 660 2555 eb
674 2504 731 2570 ipso
743 2511 884 2571 concepte,
900 2504 928 2555 iu
942 2503 998 2561 siu·¹
1046 2501 1126 2554 navio
1140 2515 1202 2569 pag.
1220 2499 1281 2563 125,
1296 2515 1353 2563 εεε,
1368 2502 1414 2570 qui
1430 2502 1456 2555 ιιι
1473 2510 1586 2571 utruque
1596 2504 1655 2559 locu
1668 2503 1787 2560 Felicem
1803 2508 1838 2562 ad

205 2574 347 2641 caeleritate
361 2589 417 2627 sicce
431 2588 549 2642 persone
562 2573 599 2624 ite
614 2571 705 2633 ruricii,
721 2580 797 2640 etque
813 2572 954 2633 censentit,
967 2580 996 2624 ιιι
1046 2568 1187 2624 meliorem
1200 2570 1232 2622 dc
1246 2571 1355 2624 Christo
1369 2574 1532 2626 senteutiam
1548 2588 1677 2630 revocare
1699 2576 1751 2630 sihi
1765 2592 1839 2630 suur-

205 2633 255 2699 ἰιει
267 2642 291 2697 F
292 2643 353 2697 ilies
364 2651 428 2694 esset
442 2640 554 2694 lveorieia
568 2639 650 2707 filies,
664 2656 716 2692 noe
731 2639 904 2694 metobilitete
921 2651 997 2695 oete·
1046 2649 1167 2707 pserunt,
1190 2640 1309 2709 legitima
1325 2642 1430 2696 ratione
1444 2658 1508 2697 usos
1522 2643 1593 2698 haud
1607 2659 1684 2709 esse,
1699 2660 1750 2700 nec
1762 2662 1839 2702 erro·

207 2731 260 2779 vce,
282 2711 327 2765 scd
352 2710 521 2780 bipontinus:
537 2708 658 2762 similiter
671 2720 694 2760 et
717 2710 830 2763 beminis
843 2709 916 2778 filies
930 2721 996 2764 esset
1048 2724 1091 2763 res
1103 2711 1183 2779 justis
1199 2712 1272 2765 etad
1287 2712 1456 2779 propositum
1467 2712 1570 2767 idoneis
1583 2716 1751 2784 argumentis
1769 2733 1835 2772 con·

204 2784 254 2838 Dei
268 2781 366 2843 Filius,
385 2796 436 2833 nen
450 2777 617 2832 versibilitate
636 2779 808 2843 substantie,
825 2780 870 2832 sed
893 2781 921 2834 in
948 2780 996 2833 Dei
1048 2778 1163 2845 lutassc;
1181 2795 1213 2834 co
1236 2781 1307 2849 quod
1321 2780 1432 2835 cortsilia
1452 2783 1503 2836 ista
1521 2793 1677 2852 exspectato
1700 2787 1840 2841 caruerint

207 2850 277 2906 Filio
294 2862 359 2905 esset
374 2866 450 2903 erres
461 2847 543 2916 filies.
560 2847 615 2902 Nec
628 2849 779 2902 mirandum
792 2858 843 2913 est,
858 2851 880 2904 si
892 2852 925 2905 ab
936 2850 997 2903 aliis
1047 2859 1156 2913 eventu,
1172 2859 1252 2918 a'que
1276 2851 1301 2903 id
1324 2867 1405 2905 rrnrrm
1431 2853 1538 2906 taudem
1559 2853 1710 2919 ellecerint,
1724 2866 1755 2910 ut
1769 2872 1838 2927 quas

205 2924 233 2976 iu
248 2921 381 2977 catholica
392 2918 561 2989 professione
573 2919 716 2973 dissentire
726 2919 860 2988 probaris,
873 2921 935 2974 dum
947 2920 995 2973 tibi
1048 2931 1138 2975 ruente
1160 2928 1320 2988 conceperat
1345 2921 1438 2986 Felix,
1463 2921 1544 2976 lalsas
1565 2925 1664 2979 habere
1686 2926 1838 2995 opiniones,

205 2992 256 3062 ipsi
269 3007 318 3061 per
332 2992 406 3045 vices
420 2989 575 3044 discordare
588 2989 697 3043 videris.
712 2988 740 3042 lu
763 2990 815 3044 bac
837 2991 909 3044 enim
932 3004 994 3045 sen·
1048 2989 1110 3044 dcte
1125 3006 1157 3046 ac
1177 2990 1301 3045 simulate
1322 2991 1481 3046 declararet.
1498 2992 1570 3047 Bella
1586 2994 1657 3048 enim
1690 3012 1801 3061 corsus,
1815 2998 1839 3053 si

207 3063 290 3117 tentia
305 3070 349 3115 tua
362 3059 513 3116 catholicus
526 3058 654 3114 aestimari
669 3059 812 3129 potuisses,
828 3059 851 3113 si
864 3061 939 3128 prius
954 3069 995 3115 te·
1048 3062 1155 3130 superis
1165 3062 1263 3130 placet.
1275 3061 1333 3115 haec
1344 3060 1414 3116 leret
1427 3065 1640 3132 consequentia:
1677 3066 1733 3120 elix
1752 3068 1840 3124 haere·

204 3133 294 3203 ipsuvn
307 3131 335 3185 in
349 3130 483 3201 pravitate
501 3129 538 3183 tui
553 3130 654 3185 erroris
675 3143 728 3182 nou
743 3129 910 3186 ostenderes.
923 3129 996 3184 Dicis
1009 3101 1032 3163 C
1047 3130 1090 3183 sin
1104 3146 1179 3185 suam
1192 3147 1242 3186 nce
1257 3131 1419 3195 Ratishorrm,
1435 3149 1484 3187 nee
1498 3134 1589 3189 Rornae
1604 3150 1636 3188 ει
1650 3136 1741 3190 animo
1759 3137 1839 3208 aiiju·

206 3200 308 3272 itaque,
322 3209 351 3256 et
364 3202 391 3254 ira
401 3199 449 3254 Dei
464 3197 536 3252 Filio
550 3215 610 3252 uero
625 3209 690 3252 esset
702 3197 789 3267 pilium
802 3200 824 3254 si
839 3208 882 3255 est
895 3202 921 3254 in
932 3216 996 3255 vero
1047 3201 1135 3264 ravit,
1149 3216 1214 3270 crgo
1229 3200 1376 3265 ratiocinia,
1394 3203 1564 3270 quibuscum
1579 3204 1737 3262 defensores
1757 3219 1840 3267 recte

205 3273 253 3326 liei
265 3270 334 3326 Filio
350 3270 447 3331 Filius,
463 3268 508 3337 qni
520 3277 563 3321 est
576 3266 715 3330 Christus;
732 3269 738 3320 ι
759 3269 850 3323 iturct
861 3285 942 3323 veras
955 3278 997 3323 est
1048 3268 1109 3324 tidei
1123 3271 1157 3324 ab
1169 3284 1263 3324 errore
1275 3272 1405 3326 reducere
1419 3275 1507 3328 conati
1523 3284 1595 3337 sunt,
1609 3275 1717 3341 inepta,
1732 3279 1838 3334 ιιιιιιιιε·

204 3340 299 3402 Filius,
315 3340 377 3409 qnia
389 3339 416 3392 in
428 3353 492 3392 vero
503 3337 570 3390 nihil
584 3345 671 3405 potest
684 3286 757 3392 alluh
770 3353 844 3401 csse,
860 3339 912 3393 nisi
927 3340 997 3393 veri·
1047 3355 1100 3407 que
1113 3355 1230 3394 consona
1244 3339 1327 3394 inere.
1340 3341 1465 3411 Nunquid
1487 3347 1559 3398 euim
1574 3345 1640 3398 benc
1655 3349 1840 3415 argumentati

208 3421 261 3464 tas.
277 3408 309 3461 Et
322 3407 423 3462 nullum
441 3408 523 3461 habet
536 3406 623 3460 locum
636 3408 745 3476 adoptio
758 3407 785 3460 in
798 3409 938 3462 nativitate
952 3424 998 3463 ve·
1047 3425 1100 3464 uon
1123 3420 1185 3463 sirnt
1206 3410 1300 3464 Patres
1325 3413 1445 3480 priorum
1469 3423 1586 3483 <quatuor
1599 3417 1795 3485 conciliorum;
1811 3429 1843 3474 et

207 3477 306 3536 citatis.
320 3475 395 3531 Unus
409 3485 450 3528 est
465 3491 529 3540 erpo
550 3475 597 3530 Dei
618 3475 702 3540 Filius
724 3474 864 3541 Christus,
884 3478 955 3533 Deus
969 3486 997 3532 et
1048 3491 1137 3534 tauron
1162 3481 1363 3543 haeresiarchen,
1377 3498 1445 3551 quos
1459 3484 1615 3539 rel'utandos
1635 3498 1842 3556 susceperanta

207 3549 288 3603 homo
302 3561 399 3608 verus,
415 3553 443 3597 ct
457 3546 608 3614 perlectus,
623 3555 653 3600 ut
673 3561 744 3614 saepe
759 3547 860 3601 dictruu
875 3558 925 3602 est.
940 3547 996 3602 hd·
1047 3551 1171 3619 dogmate
1192 3551 1306 3605 exitioso
1329 3555 1416 3607 aversi
1439 3554 1511 3608 baud
1534 3556 1614 3608 sunt?
1631 3556 1718 3612 Minus
1737 3558 1841 3628 justam

204 3615 295 3686 iungis
318 3630 435 3685 quoquc.
461 3630 514 3668 eoo
536 3614 589 3667 deo
609 3614 655 3676 dii,
680 3616 751 3683 rqrrod
767 3624 861 3672 contra
881 3618 996 3686 teipsuur
1047 3619 1234 3674 existimamus
1248 3637 1401 3686 censuram,
1418 3639 1470 3692 qua
1485 3624 1625 3680 Walclrius
1646 3642 1706 3698 pag.
1720 3628 1756 3684 id
1774 3630 1842 3685 adu-

206 3700 328 3757 pngnare
348 3682 519 3740 ntanilesturn
539 3692 591 3739 cst.
606 3684 673 3738 Nam
688 3685 710 3738 si
726 3686 779 3739 duo
796 3686 833 3740 dii
848 3704 901 3742 ivon
916 3698 995 3753 snnt,
1047 3689 1156 3744 laritanis
1180 3691 1286 3745 incusat
1307 3693 1451 3746 hlcrriumn
1473 3695 1605 3764 Elipondn
1624 3698 1651 3750 iu
1676 3700 1734 3754 baec
1759 3702 1841 3756 rerba

203 3770 270 3828 erqo
283 3770 336 3810 uon
349 3763 391 3810 εει
402 3756 429 3809 in
440 3769 473 3808 eo
484 3752 556 3808 licus
566 3770 655 3818 venis,
667 3764 695 3809 et
706 3754 777 3810 Dens
789 3759 994 3828 nuncupativus.
1047 3761 1208 3816 scribentem
1222 3776 1228 3815 :
1244 3779 1253 3811 r
1273 3762 1311 3815 Tu
1323 3763 1445 3827 enimes,
1462 3766 1632 3821 sanctissime
1642 3770 1752 3836 piant,
1770 3771 1839 3825 civi·

204 3829 253 3881 sed
265 3834 308 3882 εει
321 3841 391 3880 unus
405 3824 476 3879 [icus
488 3839 585 3890 verus,
607 3825 670 3894 quia
693 3825 763 3880 [leus
778 3828 878 3882 veritas
894 3839 953 3892 cst,
970 3837 997 3883 et
1047 3839 1180 3901 tassuper
1193 3840 1311 3886 montem
1338 3833 1444 3902 posita,
1461 3850 1520 3903 qnae
1542 3836 1693 3892 nullatenus
1711 3839 1842 3896 abscondi

205 3911 260 3952 non
274 3905 316 3951 εει
329 3893 468 3951 simulatio
481 3895 508 3948 in
522 3909 565 3958 εο,
583 3897 632 3950 sed
646 3896 730 3950 totius
751 3896 812 3952 lons
827 3899 960 3953 veritatis.
984 3919 993 3950 ι
1047 3910 1145 3970 potest,
1160 3901 1236 3968 cirins
1250 3917 1344 3956 murus
1359 3919 1529 3973 nequaquam
1546 3907 1624 3960 debet
1640 3908 1779 3966 insidiosis
1794 3927 1851 3972 cu-,

205 3966 334 4021 Eamdem
348 3981 404 4019 reru
420 3963 566 4033 exprobrat
577 3965 659 4019 etiarn
674 3965 804 4035 Elipando
821 3968 867 4022 lili.
883 3986 902 4033 1,
919 3985 994 4023 nuru.
1047 3972 1145 4026 niculis
1160 3972 1303 4041 cujuslibet
1317 3975 1437 4041 pertidia}
1449 3975 1547 4029 alicubi
1560 3975 1708 4045 per·lorari;
1723 3982 1773 4036 sed
1789 3983 1839 4035 lir-

205 4038 236 4101 a,
247 4036 388 4092 scribens:
406 4033 554 4089 «Firmiter
564 4050 680 4117 namque
693 4039 794 4106 absque
806 4039 878 4092 omni
892 4039 997 4093 dubita·
1047 4042 1168 4095 missimo
1191 4041 1330 4096 catholicae
1354 4041 1414 4096 lidci
1445 4046 1592 4100 nnrnimiuc
1616 4062 1649 4101 ει
1671 4050 1746 4104 onrrii
1765 4061 1843 4122 parte

206 4108 278 4162 tione
292 4105 455 4160 credendum
468 4111 549 4158 estet
560 4104 773 4174 praedicandum,
787 4108 911 4164 enindein
925 4124 995 4172 esse,
1046 4112 1219 4173 circumdari,
1243 4121 1272 4165 ut
1295 4113 1510 4183 inexpugnabilis
1531 4117 1648 4186 undique
1667 4119 1701 4173 ad
1724 4122 1841 4176 salutem

205 4177 252 4246 qui
272 4183 353 4230 natus
371 4182 462 4229 estex
481 4173 606 4254 Virgine,
629 4176 713 4229 Deuru
726 4192 820 4231 verum
844 4179 871 4233 in
893 4179 997 4234 duabus
1047 4181 1147 4251 populi,
1161 4183 1207 4252 qui
1220 4183 1247 4236 iu
1260 4190 1287 4235 ιε
1301 4189 1408 4252 gaudet,
1425 4194 1452 4238 et
1468 4187 1504 4239 tui
1516 4187 1572 4240 oris
1593 4188 1736 4257 imperium
1755 4193 1841 4262 respi-

204 4245 311 4300 naturis
324 4286 332 4310 ,
347 4253 375 4299 ει
389 4257 482 4298 ιειειε
496 4242 592 4297 Filium
607 4244 653 4297 liei
666 4261 674 4309 ,ε
691 4245 727 4299 ita
740 4255 770 4300 ut
786 4263 856 4303 unes
870 4249 906 4303 sit
918 4248 996 4303 Chri·
1047 4251 1094 4315 cit,
1114 4260 1282 4320 permaneat.
1302 4273 1311 4305 i
1331 4254 1411 4308 Certe
1425 4256 1537 4323 quilibet
1558 4272 1644 4325 eques
1659 4275 1752 4315 rerum
1766 4264 1841 4317 msti-

204 4324 272 4376 stus,
285 4321 313 4370 et
324 4329 395 4369 uirus
404 4312 485 4377 Deus,
499 4321 528 4366 et
538 4329 609 4368 unes
624 4313 670 4369 bet
688 4314 790 4379 Filius,
807 4327 835 4371 et
850 4334 918 4372 rinus
931 4335 994 4384 rex,
1046 4329 1136 4375 mator
1148 4323 1230 4386 vilet,
1243 4322 1349 4377 laudem
1364 4324 1433 4378 hane
1444 4341 1497 4379 non
1513 4342 1635 4393 personna
1647 4329 1782 4398 Elipandi,
1794 4332 1842 4388 sed

204 4393 232 4441 ει
254 4400 325 4440 unus
345 4385 430 4440 totius
446 4382 538 4437 mundi
558 4381 692 4447 Salvator,
718 4387 859 4442 divinitate
880 4391 997 4443 eonsub-
1047 4391 1138 4447 0lllcio
1154 4393 1255 4457 tribui,
1272 4393 1392 4462 nihilque
1408 4395 1480 4450 aliud
1500 4398 1568 4450 velle
1582 4398 1743 4463 Alcuinnm,
1759 4418 1841 4472 qnam

205 4454 434 4517 ῦῑθῐιιῑιῑὶῦΡιιῐί,
450 4452 619 4507 humanitate
640 4456 878 4514 consubstantialis
898 4458 995 4522 matri,
1011 4451 1191 4517 Dostemtere
1211 4463 1365 4518 adversario
1384 4480 1453 4529 suo,
1482 4476 1613 4533 quantum
1640 4470 1676 4524 sit
1694 4473 1798 4527 crimen
1818 4474 1841 4529 si

205 4534 236 4580 et
247 4519 283 4580 sit
298 4526 368 4580 idem
382 4540 461 4578 verus
474 4523 544 4578 Deus
558 4530 586 4577 et
597 4538 677 4578 verns
687 4524 767 4579 homo
781 4527 807 4579 in
821 4527 926 4581 unitate
931 4544 998 4651 1per-

1051 4533 1202 4602 episcopus,
1218 4535 1263 4601 qui
1277 4549 1358 4602 snper
1372 4535 1564 4590 candelabrum
1575 4547 1604 4591 ut
1615 4539 1703 4595 luceat
1718 4542 1746 4595 ιιι
1761 4544 1842 4600 domo

206 4609 299 4651 sonae:
315 4610 395 4664 quern
409 4609 457 4648 vos
471 4594 530 4647 sine
552 4593 633 4649 dubio
658 4610 720 4648 curn
735 4594 859 4650 Nestorio
880 4598 906 4650 in
949 4613 999 4654 uos

1051 4602 1098 4656 Ilei
1113 4603 1238 4656 omnibus
1251 4604 1417 4672 positnsest,
1431 4621 1556 4660 errorum
1577 4612 1695 4666 tenebris
1716 4613 1842 4670 oblusce-

205 4663 325 4719 dividitis
338 4664 416 4729 tilios,
427 4672 455 4719 et
469 4663 495 4717 in
509 4662 575 4716 deas
588 4679 725 4733 personas,
741 4680 791 4736 per
804 4668 997 4736 proprietatem

205 4743 233 4789 ει
244 4734 295 4789 ado
315 4734 424 4789 tionem.
436 4732 493 4788 Nou
507 4733 588 4802 igitur
600 4736 728 4804 magister
749 4745 838 4791 vester
858 4735 997 4792 Nestorius

208 4748 315 4875 100ss
332 4803 471 4859 invenitur
494 4802 561 4857 duas
584 4818 714 4873 personas
754 4806 825 4860 alam
846 4807 872 4861 in
890 4808 1000 4862 Christo

204 4874 337 4943 proliteri,
351 4882 482 4943 qnantum
494 4873 528 4926 ad
539 4888 589 4928 nos
601 4873 698 4930 littere
713 4822 784 4932 dhes
795 4878 937 4945 pervenire
947 4895 998 4949 po·

206 4951 317 4998 teerunt
330 4961 337 4997 ι
351 4943 399 4998 sed
413 4941 504 4996 omnia
519 4957 579 5010 qum
591 4944 695 5000 duabus
716 4962 825 5003 necesse
845 4955 887 5002 est
911 4948 999 5004 inesse

206 5014 346 5087 personis,
360 5012 484 5084 prolerre
500 5011 533 5065 de
547 5011 654 5068 Christo
670 5017 811 5086 reperitur,
826 5019 997 5087 adoptionem

137 5144 141 5152 ¹
206 5083 278 5138 sicut
289 5091 317 5137 et
328 5098 377 5137 ros
391 5081 551 5136 liunranitati
564 5085 712 5149 ascribens,
734 5096 762 5140 et
783 5088 917 5142 divinitati
935 5104 998 5159 pro-

205 5153 350 5223 prietatem
377 5152 422 5205 dlii
442 5151 595 5219 designans.
615 5174 623 5205 ι
642 5155 675 5208 Et
692 5157 771 5225 paulo
791 5168 851 5226 post
871 5175 946 5213 iinrrr.
964 5159 997 5213 tt

208 5223 266 5276 ait:
285 5241 294 5272 r
315 5222 438 5276 Hortaris
460 5237 502 5275 mc
520 5223 613 5277 hrium
631 5241 684 5280 non
699 5242 775 5291 esse,
789 5229 835 5296 qui
851 5230 995 5284 multorum

207 5307 255 5346 sna
270 5293 447 5360 perversitate
461 5293 605 5348 maculavit
618 5296 716 5355 conia,
731 5305 759 5350 ut
772 5306 845 5352 recte
866 5315 918 5353 uun
937 5315 996 5355 cre-

105 5398 113 5409 ,
206 5361 310 5415 ιιειειιι.
324 5363 386 5433 Ego.
399 5364 483 5431 gloria
498 5362 552 5417 lico
564 5363 637 5426 lesu,
651 5382 787 5433 nunqnam
800 5368 826 5421 in
839 5370 995 5423 barathrum

205 5431 261 5483 hrii
287 5432 410 5501 ilcilapsus
424 5449 499 5492 suin:
517 5435 563 5487 scd
582 5444 608 5488 tu
628 5436 667 5489 vel
688 5436 769 5489 Arius
792 5453 852 5491 esse
865 5440 993 5506 probabe-

207 5502 254 5562 ris,
271 5504 310 5553 vel
327 5512 399 5554 traiani
412 5505 571 5558 seutentiam
588 5506 716 5560 dmnnare
735 5509 852 5577 cogeris;
868 5510 913 5575 qui
924 5524 997 5564 asse-

208 5572 246 5624 ris
259 5569 355 5622 l'ilima
370 5572 417 5626 liei
431 5576 548 5633 unicum,
561 5577 744 5644 unigenitum,
757 5580 890 5647 uniusque
903 5580 995 5650 procul

207 5637 290 5692 dubio
302 5652 435 5706 personae,
448 5643 604 5711 adoptivum
622 5661 691 5699 esse.
705 5646 831 5716 nnirqntt
850 5665 904 5704 nou
923 5658 949 5701 tn
968 5652 994 5704 in

206 5706 300 5765 eadem
312 5722 426 5779 persona
437 5711 675 5781 adoptionemcssc
685 5715 906 5789 aidrmas,quarn
916 5718 996 5774 Aries

1050 4681 1109 4734 tur,
1133 4686 1295 4741 [arceremque
1319 4676 1427 4743 perdat,
1452 4691 1532 4744 quarn
1557 4694 1667 4747 pascere
1692 4683 1841 4740 debuisset.

1051 4742 1127 4797 Uinde
1143 4742 1184 4796 liis
1196 4742 1318 4797 laudibus
1332 4744 1492 4815 Elipandnm
1507 4751 1596 4817 petius
1609 4752 1784 4811 admonuisse
1800 4756 1841 4810 sei

1050 4814 1180 4877 rrruneris,
1192 4829 1272 4883 ipuiim
1287 4816 1364 4870 vanis
1380 4815 1577 4873 adulationibus
1596 4822 1759 4880 demulsisse
1779 4841 1841 4881 cen·

1050 4883 1150 4938 sendus
1163 4893 1203 4938 cst
1215 4884 1354 4949 Alcniuus,
1368 4894 1448 4956 prout
1465 4894 1492 4940 ct
1512 4888 1610 4955 legeint
1624 4901 1782 4949 contextum
1804 4897 1840 4950 ci-

1050 4961 1113 5007 tatae
1124 4954 1245 5022 epistota
1259 4956 1432 5010 manifestam
1444 4959 1505 5012 crit.
1521 4959 1632 5014 hemum
1645 4977 1699 5016 non
1715 4966 1769 5020 nisi
1780 4981 1841 5036 par·

1049 5024 1115 5075 tiurn
1131 5026 1219 5078 studio
1231 5025 1386 5089 tribuimus,
1400 5028 1471 5095 quod
1486 5027 1624 5084 Walchius
1634 5049 1695 5103 pag.
1711 5034 1748 5089 62
1759 5037 1841 5091 histo

1049 5093 1096 5147 riae
1112 5109 1167 5149 snm
1187 5095 1330 5148 Alcuiuurn
1351 5107 1429 5150 vocet
1449 5114 1457 5145 r
1478 5099 1615 5153 hominem
1637 5105 1781 5169 mobilem,
1798 5108 1840 5160 in·

1048 5173 1226 5226 constantem,
1241 5173 1296 5218 tntu
1313 5166 1372 5228 lroc,
1389 5179 1445 5220 turn
1460 5168 1525 5223 iliud
1538 5171 1671 5226 dicentem
1681 5214 1689 5238 ,
1699 5177 1766 5245 quid
1778 5192 1841 5232 vero

1048 5244 1153 5289 certum
1176 5237 1212 5289 sit
1225 5235 1400 5289 nescientem.
1421 5258 1430 5288 ι
1451 5239 1551 5293 Αιιειιιι
1571 5241 1621 5295 ista
1637 5247 1775 5302 scribendi
1794 5249 1840 5303 de·

1048 5304 1125 5358 derat
1138 5320 1295 5375 responsum
1303 5306 1408 5360 Aletrini
1422 5308 1455 5361 ad
1469 5320 1636 5380 argumenta,
1648 5329 1707 5381 quae
1722 5317 1814 5385 episco
1832 5318 1841 5372 i

1049 5373 1183 5443 llispanirn
1201 5376 1353 5445 adoptionis
1368 5378 1393 5431 iu
1408 5377 1518 5433 Christo
1533 5380 1653 5437 lautores
1668 5400 1701 5439 ev
1722 5389 1841 5459 liturgiis

1048 5445 1105 5499 suis
1119 5459 1169 5514 pro
1182 5446 1307 5515 dogmate
1320 5462 1390 5515 saepe
1403 5449 1475 5502 dicto
1485 5451 1708 5523 deproupserant
1722 5499 1728 5510 .
1744 5475 1842 5529 provo-

1048 5525 1141 5570 cantes
1154 5518 1186 5569 ad
1201 5519 1388 5572 auctoritatem
1403 5519 1523 5588 Errgrnii,
1541 5520 1702 5593 ildephonsi,
1718 5539 1747 5583 et
1758 5527 1843 5584 liclia-

1048 5584 1074 5637 ni
1091 5587 1162 5641 sedis
1178 5586 1313 5642 torennae
1332 5590 1501 5651 antistitum,
1525 5608 1557 5647 ac
1582 5597 1722 5663 dicentes,
1748 5616 1841 5655 vocem

1048 5655 1194 5725 adoptionis
1209 5659 1243 5711 nh
1256 5658 1331 5713 hisec
1345 5660 1445 5714 dudum
1456 5672 1626 5732 usurpatam,
1641 5672 1763 5738 aequasi
1779 5687 1842 5726 con·

1048 5735 1181 5780 serratam
1209 5725 1301 5783 luisse.
1324 5727 1453 5799 Reposuit
1480 5747 1545 5787 vero
1562 5734 1691 5794 dicuinns
1718 5741 1745 5795 in
1771 5743 1843 5798 hirec
