3780 6120
553 252 592 311 B.
613 250 644 306 F.
665 244 777 304 thorat
797 240 864 301 slttt
884 236 1022 298 hithliil
1039 238 1182 298 oratum
1199 237 1289 295 PARS
1310 237 1348 296 lt'l.

463 366 625 426 notatur.

431 461 558 532 AEnipma
573 459 656 512 alind.

148 557 291 629 Ptesltyter
302 558 410 626 integro
423 554 570 639 celebrarit
584 552 717 607 nourine·
731 549 852 603 misaam.

148 651 249 706 Littera
266 648 387 713 tollatur,
401 654 513 719 prestat
525 645 648 702 convitia
660 642 770 697 Paschae
782 643 806 691 l.

147 744 236 815 Atque
248 745 371 798 minister
384 743 452 806 crit,
462 740 575 795 tollatur
586 737 677 799 tertia,
692 747 794 789 mense
806 745 829 786 Ε.

118 832 122 868 ¹
148 836 304 905 Quartaaue
317 834 436 896 tollamr,
453 833 548 885 miscet
560 827 629 883 mala
644 828 727 882 rerba
743 825 856 880 reuertit
865 822 890 877 i.

148 928 204 984 Fur
218 928 283 988 erit.
299 927 413 982 addatur
427 924 557 979 extremis
570 923 656 992 prima
671 919 776 975 dualms
789 930 811 972 ⁰.

149 1019 239 1074 Tertia
256 1034 316 1072 enm
330 1017 418 1088 prima
430 1014 541 1068 tollatur
552 1013 655 1077 littera,
669 1012 782 1066 utimtut

149 1109 289 1177 Decrepita
304 1108 313 1146 t
326 1107 448 1161 aeettrrit
464 1105 525 1159 nixa
542 1103 650 1158 dolrada
664 1103 677 1142 Β
689 1117 737 1172 per
748 1101 829 1156 tudes

467 1215 616 1277 entitur.

421 1288 501 1344 Altrrd
515 1290 627 1360 traiprrta
638 1290 663 1345 ¹¹.

149 1384 200 1447 Tu,
213 1385 257 1453 qtri
273 1383 364 1453 pergis
379 1382 430 1436 iter
443 1390 496 1451 per·
508 1395 585 1435 sacra
597 1379 712 1450 palatia,
725 1378 823 1439 lectar,

149 1476 208 1541 Die,
224 1477 276 1528 «luo
288 1489 348 1546 quae
358 1480 487 1528 morcant
501 1479 572 1526 totas
587 1470 768 1541 monosyllaba
782 1464 860 1523 lites?

150 1569 207 1631 Dic,
222 1569 274 1622 tluo
287 1583 346 1635 qua
357 1574 477 1620 sanctam
494 1570 619 1632 rumpant
628 1561 787 1632 pronomina
797 1558 912 1630 parem?
945 1632 948 1636 Ι

148 1663 206 1724 Die,
221 1663 273 1714 tluo
285 1673 345 1729 quaa
359 1657 458 1712 iaciant
470 1657 629 1727 pronomina
644 1656 752 1709 nomina
765 1653 886 1708 eunctis?

148 1751 243 1807 Omnia
256 1751 299 1803 ilic
310 1765 369 1820 qua
381 1756 444 1802 sunt
459 1748 545 1811 uerbi,
561 1762 620 1815 aure
635 1744 737 1817 syllaba
752 1743 850 1816 litiget?

148 1841 269 1910 Qualiter
281 1854 307 1894 et
322 1843 329 1882 t
346 1850 434 1895 tecum
448 1839 579 1908 loquitur,
594 1837 638 1908 qni
655 1853 707 1891 uon
722 1833 772 1891 luit
784 1835 921 1904 nuquam?

148 1932 212 1990 llaec
225 1933 293 2004 lege,
305 1932 451 1995 solverim,
464 1938 511 1984 aut
524 1939 631 1985 taurum
643 1927 767 1998 persolve
779 1934 866 1996 poeta
878 1922 900 1978 i.

462 2040 623 2100 cctxtrt.

454 2134 493 2188 De
508 2130 631 2188 lasciuia.

148 2228 213 2300 Qua
227 2239 255 2285 te
268 2227 443 2284 detraxerisl
458 2226 573 2281 luscinia
587 2224 685 2289 meeis,

185 2320 230 2374 llta
247 2335 313 2374 aneae
326 2317 415 2373 hterat
426 2317 517 2372 invilla
529 2314 638 2370 laetitio.

149 2409 190 2464 Tu
205 2426 263 2464 ntea
272 2410 418 2465 dulcisonis
432 2408 550 2478 implesti
563 2414 671 2476 pectora
684 2404 778 2463 musis,

182 2504 269 2572 litque
284 2503 404 2555 animum
420 2507 548 2553 maestum
559 2511 680 2552 carmine
693 2493 830 2549 mellilluo.

952 365 975 414 lt
991 353 1105 409 llaxima
1122 354 1240 409 laudanti
1256 366 1361 409 merces
1376 351 1403 405 in
1418 349 1497 406 eccla
1512 348 1634 403 manclrit

1025 446 1168 502 AEternum
1184 461 1275 515 regem
1288 457 1386 512 perpes
1403 443 1430 496 ln
1446 454 1508 496 arce
1522 439 1586 511 poli.

1301 554 1471 613 COEXXl‘ll.

1285 645 1473 703 abacorum

986 741 1151 813 Plangamns
1163 739 1302 804 otrentum,
1316 738 1440 811 Daphnin
1465 736 1631 801 dulcissime,
1646 744 1784 800 nostrum,

1024 838 1109 905 Quem
1125 838 1213 892 subito
1226 836 1315 906 rapuit
1330 851 1401 891 saera
1414 847 1529 890 noverea
1542 832 1609 887 suis.

989 931 1151 1003 Plangamus
1165 928 1268 1001 pariter
1278 928 1427 999 niterensis
1439 928 1552 983 vocibus
1566 926 1659 986 illum,

1024 1024 1113 1093 Incipe
1127 1032 1155 1077 tu
1167 1023 1268 1088 senior,
1282 1036 1382 1092 arrasa,
1397 1019 1515 1075 ileualea
1527 1021 1612 1090 prior.

989 1115 1061 1170 lleul
1078 1113 1189 1169 etteulus
1203 1112 1281 1168 nohis
1296 1112 1387 1167 iuerat
1398 1119 1508 1167 eantare
1523 1119 1626 1173 suetus
1685 1135 1688 1141 ·
1786 1100 1793 1111 ¹

1024 1206 1089 1274 Qua
1103 1213 1128 1259 te
1143 1219 1215 1259 nunc
1227 1204 1317 1275 rapuit
1332 1204 1400 1258 hora
1416 1201 1531 1258 uelanda
1545 1201 1617 1256 tuis?

988 1298 1061 1353 lieu!
1075 1295 1196 1360 cuculus,
1212 1297 1334 1362 etteultts,
1350 1313 1402 1367 qua
1418 1305 1446 1350 tc
1458 1296 1567 1367 regione
1584 1294 1695 1363 reliqui,

1025 1389 1120 1445 Infelix
1135 1386 1268 1444 uobisilla
1283 1389 1340 1445 dtcs
1354 1387 1463 1443 itterat:

989 1482 1074 1537 Omne
1087 1480 1320 1553 gentishomiuum
1333 1478 1457 1536 curtulum
1473 1495 1534 1535 ettut
1548 1477 1659 1550 plangat
1673 1479 1699 1532 ul
1711 1478 1784 1551 iqua,

1025 1577 1151 1632 Perditus
1164 1585 1221 1641 est;
1234 1574 1355 1639 cuculus,
1367 1574 1436 1628 betti
1455 1572 1526 1643 perit
1537 1587 1601 1627 eece
1619 1573 1715 1625 mens!

991 1670 1048 1724 lion
1063 1679 1157 1741 pereat
1170 1668 1292 1733 enotrius,
1307 1667 1399 1721 reniet
1411 1664 1463 1721 sub
1477 1674 1597 1736 tempore
1611 1664 1698 1728 reris,

1026 1764 1059 1817 Et
1073 1763 1149 1818 nobis
1163 1761 1275 1817 veniens
1286 1759 1405 1816 earmina
1418 1757 1480 1814 beta
1496 1758 1557 1812 ciet.
1593 1824 1596 1833 Ι

990 1855 1057 1923 Quis
1070 1855 1132 1919 scit,
1148 1854 1170 1910 si
1184 1853 1290 1910 teniat?
1304 1850 1398 1908 Timeo
1409 1863 1450 1908 cst
1463 1853 1620 1907 submersus
1635 1851 1663 1907 ia
1677 1849 1767 1914 tradis,

1026 1949 1179 2007 Vorticibus
1191 1957 1295 2018 raptus,
1310 1956 1392 2018 atque
1407 1955 1518 2001 necatus
1529 1943 1617 2016 aquis.

990 2039 1047 2094 lieu
1061 2038 1142 2094 milti!
1156 2039 1178 2095 si
1192 2039 1318 2094 ettcultmt
1330 2037 1453 2094 Daceltus
1466 2037 1595 2094 demersit
1607 2036 1636 2091 in
1651 2037 1735 2091 tutslie
1755 2108 1758 2113 Ι

1025 2131 1076 2199 oui
1091 2127 1301 2200 rapietJurenes
1314 2132 1416 2187 vortice
1431 2127 1569 2200 pestilera.

989 2223 1073 2294 238
1085 2222 1114 2278 Si
1129 2224 1209 2287 uitat,
1226 2223 1336 2288 redeat,
1356 2222 1487 2294 nidosque
1501 2230 1625 2277 recurrat
1641 2221 1674 2275 atl
1690 2220 1782 2284 alatas,

1025 2314 1080 2369 Nee
1094 2329 1192 2368 corvus
1203 2313 1327 2370 cuculum
1340 2314 1456 2369 dissecet
1470 2328 1557 2384 ungue
1572 2310 1640 2365 iero.

990 2404 1062 2461 llen!
1077 2406 1138 2475 quis
1153 2414 1189 2467 te,
1204 2405 1324 2470 cuculus,
1339 2405 1403 2459 nido
1417 2404 1488 2474 rapit
1500 2417 1562 2458 ecce
1579 2406 1715 2472 paterno!

1026 2497 1099 2552 llcul
1117 2498 1216 2567 rapuit,
1235 2497 1334 2568 rapuit,
1351 2497 1442 2553 neseio
1454 2498 1475 2551 si
1491 2496 1591 2550 teniat.

147 2595 317 2664 Quapropter
335 2592 443 2645 rettianl
456 2590 596 2644 volnerum
610 2586 689 2642 simul
705 2584 824 2653 undique
840 2597 938 2644 coetus,
989 2588 1118 2644 Carmina
1132 2589 1155 2643 si
1170 2604 1261 2655 curas,
1274 2589 1396 2652 crtenhrs,
1408 2588 1472 2642 ilum
1487 2602 1598 2642 currere
1612 2585 1714 2656 passis.

183 2683 308 2737 Catatttinc
322 2689 347 2733 te
362 2696 466 2734 mecum
482 2679 611 2748 plangere
623 2676 722 2731 Pierio.

148 2775 244 2844 Spreta
261 2773 361 2836 colore,
379 2779 467 2825 tamen
483 2769 572 2823 lucras
590 2785 642 2823 nou
660 2776 751 2838 spreta
766 2767 899 2832 canendo,

183 2865 248 2919 lata
261 2864 310 2920 sub
323 2872 437 2934 angusto
448 2871 557 2934 pectore
572 2861 581 2901 1
596 2877 648 2916 tot
661 2862 761 2917 sonuit.

147 2954 229 3012 Dnlee'
245 2957 328 3010 melos
342 2955 444 3010 iterans
456 2954 530 3009 tario
542 2953 722 3008 modulamine
733 2967 827 3018 muse,

183 3049 269 3118 btque
280 3046 434 3102 Creatorem
449 3044 593 3116 semperin
608 3060 655 3100 ore
670 3058 780 3098 canens.

147 3140 277 3196 Noctibus
291 3141 316 3194 in
331 3136 418 3193 turris
428 3137 692 3209 nusquam'cessarit
706 3138 740 3191 ab
756 3136 816 3191 odis

183 3236 240 3289 l'ox
256 3232 408 3288 reacramla
422 3233 518 3296 saorla,
533 3247 550 3285 o
564 3232 646 3287 decus
657 3240 739 3302 atque
754 3230 849 3286 decor!

1026 2685 1047 2740 T
1049 2701 1064 2740 e
1077 2684 1199 2754 Daphnin
1210 2681 1320 2752 jtttenis
1332 2691 1408 2753 opttat
1422 2684 1522 2738 babere
1537 2690 1610 2737 tuus.

992 2775 1108 2848 Tempus
1120 2777 1196 2832 adest
1211 2777 1294 2841 reris,
1309 2776 1430 2841 cuculus,
1447 2792 1490 2830 mo
1500 2775 1525 2829 lo
1539 2790 1633 2847 rumpe
1647 2768 1782 2844 soporata.

1026 2867 1065 2923 Te
1077 2867 1152 2937 eupit
1165 2876 1192 2921 et
1206 2867 1296 2922 senior
1310 2875 1391 2937 atquc
1406 2866 1524 2922 lienalca
1539 2875 1625 2936 pater.

991 2958 1030 3012 lin
1048 2959 1155 3014 tandem
1168 2969 1181 3008 r
1196 2959 1280 3015 nostri
1293 2958 1424 3013 librorum
1442 2965 1518 3029 prata
1529 2955 1651 3029 jttteuci.

949 3062 976 3130 α
1027 3047 1105 3104 Solus
1119 3049 1197 3105 abest
1208 3044 1329 3113 cuculus,
1346 3049 1416 3120 quis,
1432 3065 1508 3120 rogo,
1523 3049 1612 3119 pascit
1626 3047 1705 3103 eum?

991 3138 1063 3194 ileu!
1081 3138 1151 3195 male
1163 3139 1251 3210 pascit
1264 3154 1326 3194 eum
1340 3139 1472 3204 bacchus,
1494 3156 1565 3204 reor,
1579 3136 1750 3209 implacide,

1025 3229 1077 3297 oar
1097 3229 1147 3285 sub
1160 3238 1256 3284 cuncta
1274 3231 1349 3300 capit
1360 3239 1466 3286 uertere
1480 3229 1561 3285 corda
1577 3228 1657 3284 male.
1714 3274 1717 3279 .

149 3325 219 3392 Quid
233 3324 343 3386 mirum,
358 3321 511 3386 cherubim,
523 3323 659 3393 serapb‘nt
675 3322 696 3376 si
711 3336 776 3376 rece
788 3320 938 3376 Tottaateut
990 3321 1112 3392 Plangite
1139 3338 1211 3377 nune
1239 3321 1384 3388 cuculum,
1412 3323 1537 3378 cuculum
1564 3338 1635 3379 nuuc
1666 3323 1785 3397 plangite

184 3415 316 3483 Perpetua
331 3412 526 3475 lambendum
541 3421 585 3466 tua
604 3413 643 3468 sie
658 3412 762 3482 potuit?

148 3505 254 3560 Felito
271 3502 394 3566 uitulum,
404 3502 550 3559 'Dominum
565 3512 697 3573 nocteque
710 3505 806 3575 dieque

184 3594 235 3661 Qui
249 3592 337 3647 snullo
352 3592 398 3647 tali
414 3606 521 3663 semper
531 3591 559 3647 ia
574 3609 621 3649 ore
632 3594 721 3649 canit!

1637 3416 1730 3471 cuncti

1025 3499 1072 3555 llle
1089 3501 1201 3557 recessit
1214 3518 1309 3567 orans,
1326 3500 1394 3558 lleus
1406 3505 1477 3559 redit
1492 3503 1537 3559 ille
1550 3413 1635 3576 puto.[
1713 3476 1716 3481 .
1741 3456 1763 3491 '⁸

991 3591 1059 3662 Opto
1073 3601 1162 3648 tamen
1175 3592 1283 3649 flentem
1298 3595 1423 3653 cuculum
1438 3594 1586 3652 iubeamus
1600 3607 1629 3652 ut
1645 3594 1734 3663 illum,

148 3687 208 3743 Non
218 3687 293 3742 cibus
304 3694 386 3756 atque
401 3695 479 3757 patus
492 3685 615 3759 (somnus
626 3684 657 3758 ω)
670 3685 759 3743 luerat
773 3687 821 3744 tibi
836 3687 940 3746 dulcior
1026 3684 1059 3737 El
1073 3699 1122 3738 tros
1135 3684 1294 3757 plangamus
1307 3702 1367 3741 cura
1382 3685 1477 3741 cuculo
1490 3684 1603 3758 pariter.

856 3778 938 3856 [odis¹
990 3773 1091 3845 Plange
1106 3784 1167 3830 tuos
1181 3792 1261 3832 casus
1276 3776 1413 3849 lacrymis,
1427 3794 1495 3848 puer
1506 3777 1615 3851 inelyte,
1630 3779 1752 3853 plange:
1802 3852 1805 3859 Ι

183 3868 302 3924 Alterius
315 3868 454 3924 voluerum
469 3883 518 3923 neo
536 3867 635 3924 sociale
646 3869 751 3941 jugam.

149 3961 207 4019 iloe
219 3971 314 4016 natura
328 3963 416 4025 dedit,
433 3971 536 4016 nature
549 3969 576 4015 et
590 3960 721 4017 Conditor
735 3963 833 4019 almus.

185 4055 270 4122 Quem
285 4063 312 4109 tu
325 4054 439 4109 laudasti
454 4053 565 4108 vocibus
579 4054 714 4109 assiduis:

151 4143 186 4203 Ut
198 4160 248 4199 nos
258 4144 407 4199 instrueres
418 4153 432 4181 ¹²
446 4143 508 4197 rino
521 4157 669 4212 somnoque
684 4143 813 4212 sepultos.

185 4233 372 4304 Semnigeram
387 4233 484 4288 mentis
497 4246 622 4301 rumpere
636 4234 794 4304 segnitiem

150 4326 226 4395 Quod
240 4337 267 4382 tu
279 4327 376 4390 iecisti,
389 4325 503 4380 rationis
514 4334 542 4380 et
554 4325 638 4379 inst-ia
654 4340 760 4390 seusus,

184 4417 273 4473 lodice
286 4423 383 4471 natura
396 4415 527 4470 nobiliore
541 4414 627 4467 eatis:

150 4507 281 4564 Sensibus
291 4508 342 4561 boe
353 4519 456 4568 omues,
470 4518 566 4573 magna
578 4513 603 4557 et
616 4503 720 4558 ratione
736 4503 858 4575 rigentes

185 4598 337 4654 Gessissent
351 4595 458 4667 aliquod
473 4606 578 4666 tempus
592 4595 620 4649 ln
632 4607 680 4649 ore
696 4596 760 4649 suo!

186 4778 340 4849 ultagnas.

187 4849 321 4920 briguus.

188 4919 324 4973 cblattas.

186 4989 322 5059 stragas.

188 5059 290 5113 ellus.
321 5095 324 5101 -

190 5130 199 5168 ¹
222 5130 302 5188 Edit..
317 5127 442 5197 Derepita
456 5143 533 5180 aurat.

189 5203 202 5240 ἔ
221 5200 264 5264 F„
279 5199 398 5254 delubra.

186 5271 200 5311 l
220 5269 296 5338 Quod
308 5267 463 5324 eolrentlttm
479 5267 539 5321 aliis
558 5265 743 5335 relinquimur.

190 5341 198 5380 i
221 5340 305 5405 batt,
321 5338 442 5405 Qualitas
455 5347 494 5392 ttl.

189 5420 196 5458 ¹
220 5411 304 5473 Edit..
322 5409 418 5463 Parte.

187 5480 202 5520 ¹¹
220 5479 282 5543 ils„
295 5496 353 5551 aaa
368 5488 392 5532 te
402 5477 494 5532 dextre
507 5477 571 5533 milti
584 5481 680 5551 rapuit.

190 5547 200 5587 ¹
221 5549 282 5613 lis..
297 5558 407 5619 anenata
420 5558 533 5618 pttttnre.

187 5628 207 5659 ¹³
227 5619 285 5672 Vox
299 5635 404 5672 temnat
419 5618 560 5673 redundat.

113 5731 118 5745 ,
187 5698 201 5730 ¹
221 5687 303 5747 ttulit..
317 5688 513 5741 inlustraretur.

1027 3866 1060 3920 bt
1073 3882 1152 3921 eastts
1166 3867 1297 3939 plangunt
1308 3869 1411 3923 viscera
1427 3876 1482 3922 tota
1496 3876 1566 3923 titos.

992 3957 1020 4013 Si
1035 3975 1087 4013 non
1103 3960 1170 4014 dura
1183 3959 1250 4014 silex
1269 3959 1361 4031 genttit
1378 3968 1414 4023 to,
1428 3960 1533 4031 plange,
1549 3974 1708 4031 precantur,

1026 4049 1065 4104 Te
1079 4064 1234 4105 memorans
1249 4047 1336 4120 ipsum
1353 4050 1479 4121 plangere
1492 4046 1560 4105 harre
1569 4028 1665 4121 'potes

991 4141 1083 4196 Dulcis
1094 4156 1171 4196 amor
1184 4140 1240 4195 nati
1252 4141 1323 4212 cogit
1337 4138 1435 4196 dehere
1448 4150 1602 4213 percutiam,

1027 4233 1111 4288 [latus
1123 4234 1157 4290 ab
1168 4233 1292 4305 amplexu
1306 4234 1368 4288 (lum
1383 4234 1488 4303 rapitur
1501 4235 1599 4289 sttbita.

991 4328 1060 4383 Dum
1073 4324 1158 4382 irater
1171 4324 1188 4379 li
1197 4332 1283 4380 altem
1297 4340 1454 4396 germanum
1470 4324 1559 4395 perdit
1571 4333 1705 4389 amatam,

952 4418 980 4479 Ι)
1025 4419 1095 4488 outa
1111 4419 1161 4474 nisi
1173 4418 1228 4487 iata
1242 4416 1324 4472 iaciat
1336 4433 1443 4488 semper
1456 4425 1481 4471 et
1496 4417 1552 4486 ipsc
1565 4415 1648 4471 licat?

990 4512 1057 4567 Tres
1069 4511 1133 4565 olim
1148 4510 1259 4572 ritimis,
1273 4510 1361 4581 junxit
1376 4524 1444 4580 quos
1455 4509 1566 4580 spiritus
1577 4524 1659 4576 unns,

1024 4603 1075 4658 llit
1088 4603 1140 4658 duo
1154 4617 1225 4656 nunc
1240 4599 1354 4671 pariter.
1367 4599 1463 4655 tertius
1476 4600 1520 4655 ille
1533 4599 1608 4673 litgit.

1026 4785 1038 4812 ⁰
1055 4776 1111 4832 llos
1125 4790 1220 4831 versus
1243 4774 1415 4832 ilabillonins
1427 4777 1497 4831 emit
1511 4792 1544 4831 ex
1559 4776 1655 4832 colice
1669 4790 1724 4832 ras.
1741 4774 1784 4832 El·

990 4848 1101 4903 nonensi
1116 4848 1142 4901 in
1158 4846 1259 4918 Belgio,
1271 4856 1351 4913 atoue
1364 4847 1485 4902 ediditin
1499 4847 1638 4903 analectis
1650 4862 1715 4919 pag.
1730 4846 1784 4902 409

989 4932 1065 4972 norae
1088 4918 1225 4981 coitionis,
1245 4917 1290 4973 ubi
1312 4918 1369 4972 brec
1382 4917 1538 4973 adnotatit:
1558 4936 1567 4967 t
1581 4915 1712 4980 Catulus.
1726 4915 1784 4971 Ne·

990 4987 1076 5053 aulea,
1091 4987 1212 5058 Daphnin
1233 5002 1280 5042 seu
1299 4985 1417 5057 Depltait
1432 4988 1539 5042 nomina
1562 4996 1626 5043 sunt
1640 4988 1782 5075 supposita
1846 5032 1849 5040 .

990 5073 1038 5129 pro
1050 5059 1132 5120 reris,
1143 5057 1232 5126 ritualia
1246 5059 1278 5111 de
1288 5056 1364 5111 mora
1375 5067 1485 5126 usurpat
1495 5057 1642 5123 .llettiutts;
1654 5069 1684 5113 et
1700 5059 1783 5121 ibeo

989 5128 1105 5197 dulpbus
1114 5130 1255 5198 episcopus
1266 5126 1477 5190 Aurelianensis.
1486 5129 1531 5198 qui
1543 5129 1571 5183 in
1581 5129 1629 5183 lib.
1638 5145 1681 5192 nt,
1692 5144 1780 5184 erran.

976 5199 1016 5260 ·3,
1027 5199 1174 5255 lleualcant
1188 5197 1405 5268 poetamlautlat;
1419 5208 1447 5251 et
1458 5214 1541 5253 earm.
1559 5201 1570 5253 l
1586 5201 1667 5271 regite
1679 5213 1782 5255 measa

989 5269 1130 5338 prefuisse
1142 5268 1240 5323 innuit.
1254 5267 1372 5338 Daphnis
1389 5268 1536 5336 discipulus
1550 5269 1600 5323 luit
1618 5268 1783 5327 harichis

988 5339 1032 5393 eni
1047 5339 1103 5408 ipse.
1115 5339 1310 5408 expositionem
1324 5337 1351 5392 itt
1365 5351 1436 5392 tert.
1447 5340 1526 5394 Cant.
1537 5340 1618 5394 Cattt.
1634 5338 1782 5410 &aaqiita

989 5409 1095 5479 repiaoe,
1111 5417 1174 5473 ete,
1188 5409 1332 5463 tledicarit.
1346 5428 1354 5458 ι
1373 5408 1411 5463 De
1423 5409 1526 5463 Cucula
1544 5410 1612 5465 nibil
1629 5408 1709 5464 abac
1719 5422 1784 5465 atte-

988 5479 1082 5539 currit
1098 5479 1149 5533 uisi
1163 5478 1233 5548 quod
1244 5479 1370 5533 existimo
1382 5492 1443 5532 eum
1457 5494 1518 5536 esee
1528 5480 1780 5552 hliumproiligtun.

988 5549 1066 5673 3ng
1078 5549 1311 5673 prtefflrpnqtgagm
1324 5558 1351 5604 et
1365 5563 1458 5623 casum
1469 5552 1551 5607 etiam
1566 5550 1668 5622 plangit
1680 5550 1710 5605 'n
1722 5550 1767 5622 cpi

1044 5637 1050 5673 t
1095 5636 1122 5682 a,
1199 5635 1213 5672 e
1294 5658 1302 5672 .
1728 5644 1731 5649 ·

1026 5699 1039 5739 r
1057 5686 1148 5756 Forte,
1163 5689 1279 5743 rortdsat.
