<?xml version="1.0" encoding="UTF-8"?>
<!DOCTYPE html PUBLIC "-//W3C//DTD XHTML 1.0 Transitional//EN"
    "http://www.w3.org/TR/xhtml1/DTD/xhtml1-transitional.dtd">
<html xmlns="http://www.w3.org/1999/xhtml" xml:lang="en" lang="en">
 <head>
  <title>
</title>
<meta http-equiv="Content-Type" content="text/html;charset=utf-8" />
  <meta name='ocr-system' content='tesseract 3.04.00' />
  <meta name='ocr-capabilities' content='ocr_page ocr_carea ocr_par ocr_line ocrx_word'/>
</head>
<body>
  <div class='ocr_page' id='page_1' title='image "./patrologiaecurs25goog/patrologiaecurs25goog_0348.png"; bbox 0 0 3764 6120; ppageno 0'>
   <div class='ocr_carea' id='block_1_1' title="bbox 71 261 1220 360">
    <p class='ocr_par' dir='ltr' id='par_1_1' title="bbox 71 261 1220 360">
     <span class='ocr_line' id='line_1_1' title="bbox 71 261 1220 360; baseline 0.003 -4"><span class='ocrx_word' id='word_1_1' title='bbox 71 300 117 358; x_wconf 83' lang='lat' dir='ltr'>ssr</span> <span class='ocrx_word' id='word_1_2' title='bbox 541 295 832 358; x_wconf 77' lang='lat' dir='ltr'>anurounnrmes.</span> <span class='ocrx_word' id='word_1_3' title='bbox 851 330 886 341; x_wconf 85' lang='lat'><em>-</em></span> <span class='ocrx_word' id='word_1_4' title='bbox 907 300 985 356; x_wconf 75' lang='lat' dir='ltr'>urs</span> <span class='ocrx_word' id='word_1_5' title='bbox 1006 261 1220 360; x_wconf 61' lang='lat' dir='ltr'>ssnrcuunu.</span> 
     </span>
    </p>
   </div>
   <div class='ocr_carea' id='block_1_2' title="bbox 64 417 1461 587">
    <p class='ocr_par' dir='ltr' id='par_1_2' title="bbox 64 417 1461 587">
     <span class='ocr_line' id='line_1_2' title="bbox 65 417 1415 490; baseline 0.004 -16"><span class='ocrx_word' id='word_1_6' title='bbox 65 429 93 474; x_wconf 84' lang='lat' dir='ltr'>et</span> <span class='ocrx_word' id='word_1_7' title='bbox 109 417 217 488; x_wconf 84' lang='lat' dir='ltr'>Spiritu</span> <span class='ocrx_word' id='word_1_8' title='bbox 231 417 399 473; x_wconf 81' lang='lat' dir='ltr'>sanctorisit</span> <span class='ocrx_word' id='word_1_9' title='bbox 411 424 438 473; x_wconf 93' lang='lat' dir='ltr'>et</span> <span class='ocrx_word' id='word_1_10' title='bbox 447 427 542 489; x_wconf 85' lang='lat' dir='ltr'>regnat</span> <span class='ocrx_word' id='word_1_11' title='bbox 556 418 627 474; x_wconf 82' lang='lat' dir='ltr'>bens</span> <span class='ocrx_word' id='word_1_12' title='bbox 640 434 689 489; x_wconf 90' lang='lat' dir='ltr'>per</span> <span class='ocrx_word' id='word_1_13' title='bbox 705 420 795 474; x_wconf 90' lang='lat' dir='ltr'>omnia</span> <span class='ocrx_word' id='word_1_14' title='bbox 810 429 896 483; x_wconf 78' lang='lat' dir='ltr'>sae-lt</span> <span class='ocrx_word' id='word_1_15' title='bbox 983 422 1088 478; x_wconf 82' lang='lat' dir='ltr'>bcbiles</span> <span class='ocrx_word' id='word_1_16' title='bbox 1101 425 1205 489; x_wconf 78' lang='lat' dir='ltr'>turbas,</span> <span class='ocrx_word' id='word_1_17' title='bbox 1224 424 1302 480; x_wconf 83' lang='lat' dir='ltr'>solita</span> <span class='ocrx_word' id='word_1_18' title='bbox 1318 424 1415 490; x_wconf 83' lang='lat' dir='ltr'>salute,</span> 
     </span>
     <span class='ocr_line' id='line_1_3' title="bbox 64 508 1461 587; baseline 0.004 -21"><span class='ocrx_word' id='word_1_19' title='bbox 64 510 127 568; x_wconf 70' lang='lat' dir='ltr'>erla</span> <span class='ocrx_word' id='word_1_20' title='bbox 140 508 310 566; x_wconf 78' lang='lat' dir='ltr'>saeculomm.</span> <span class='ocrx_word' id='word_1_21' title='bbox 326 510 418 565; x_wconf 70' lang='lat' dir='ltr'>Amen.</span> <span class='ocrx_word' id='word_1_22' title='bbox 986 513 1111 571; x_wconf 79' lang='lat' dir='ltr'>Reddidit</span> <span class='ocrx_word' id='word_1_23' title='bbox 1128 531 1208 572; x_wconf 89' lang='lat' dir='ltr'>sanas</span> <span class='ocrx_word' id='word_1_24' title='bbox 1224 516 1322 587; x_wconf 91' lang='lat' dir='ltr'>populo</span> <span class='ocrx_word' id='word_1_25' title='bbox 1338 516 1461 581; x_wconf 73' lang='lat' dir='ltr'>ridente:</span> 
     </span>
    </p>
   </div>
   <div class='ocr_carea' id='block_1_3' title="bbox 174 601 1489 765">
    <p class='ocr_par' dir='ltr' id='par_1_3' title="bbox 174 601 1489 765">
     <span class='ocr_line' id='line_1_4' title="bbox 174 601 1489 765; baseline -0.03 -46"><span class='ocrx_word' id='word_1_26' title='bbox 174 662 374 719; x_wconf 76' lang='lat' dir='ltr'>sensusne</span> <span class='ocrx_word' id='word_1_27' title='bbox 395 663 558 719; x_wconf 76' lang='lat' dir='ltr'>nnoouuu</span> <span class='ocrx_word' id='word_1_28' title='bbox 583 664 752 719; x_wconf 77' lang='lat' dir='ltr'>susurru.</span> <span class='ocrx_word' id='word_1_29' title='bbox 984 601 1064 656; x_wconf 43' lang='grc' dir='ltr'>ΜΨ</span> <span class='ocrx_word' id='word_1_30' title='bbox 1077 603 1347 765; x_wconf 46' lang='grc' dir='ltr'>1)ΞῇΙίζίἒὲῗῇΜο</span> <span class='ocrx_word' id='word_1_31' title='bbox 1365 603 1489 668; x_wconf 63' lang='lat' dir='ltr'>reveno,</span> 
     </span>
    </p>
   </div>
   <div class='ocr_carea' id='block_1_4' title="bbox 99 775 1541 1221">
    <p class='ocr_par' dir='ltr' id='par_1_4' title="bbox 99 775 1541 1221">
     <span class='ocr_line' id='line_1_5' title="bbox 100 775 1464 850; baseline 0.006 -20"><span class='ocrx_word' id='word_1_32' title='bbox 100 775 176 839; x_wconf 77' lang='lat' dir='ltr'>Noli,</span> <span class='ocrx_word' id='word_1_33' title='bbox 187 775 387 850; x_wconf 66' lang='lat' dir='ltr'>quarsml’ater,</span> <span class='ocrx_word' id='word_1_34' title='bbox 396 775 555 831; x_wconf 90' lang='lat' dir='ltr'>munuscula</span> <span class='ocrx_word' id='word_1_35' title='bbox 566 791 694 847; x_wconf 89' lang='lat' dir='ltr'>spernere</span> <span class='ocrx_word' id='word_1_36' title='bbox 707 786 799 833; x_wconf 78' lang='lat' dir='ltr'>nostre</span> <span class='ocrx_word' id='word_1_37' title='bbox 815 793 822 831; x_wconf 80' lang='grc' dir='ltr'><em>τ</em></span> <span class='ocrx_word' id='word_1_38' title='bbox 983 781 1107 838; x_wconf 85' lang='lat' dir='ltr'>blortiier</span> <span class='ocrx_word' id='word_1_39' title='bbox 1120 798 1200 838; x_wconf 92' lang='lat' dir='ltr'>ursus</span> <span class='ocrx_word' id='word_1_40' title='bbox 1212 785 1325 839; x_wconf 90' lang='lat' dir='ltr'>timidus</span> <span class='ocrx_word' id='word_1_41' title='bbox 1340 785 1464 848; x_wconf 85' lang='lat' dir='ltr'>recessit,</span> 
     </span>
     <span class='ocr_line' id='line_1_6' title="bbox 99 868 1459 945; baseline 0.004 -20"><span class='ocrx_word' id='word_1_42' title='bbox 99 870 217 925; x_wconf 75' lang='lat' dir='ltr'>Parvula</span> <span class='ocrx_word' id='word_1_43' title='bbox 233 871 256 924; x_wconf 93' lang='lat' dir='ltr'>si</span> <span class='ocrx_word' id='word_1_44' title='bbox 270 871 374 934; x_wconf 84' lang='lat' dir='ltr'>videas,</span> <span class='ocrx_word' id='word_1_45' title='bbox 390 884 485 940; x_wconf 89' lang='lat' dir='ltr'>magna</span> <span class='ocrx_word' id='word_1_46' title='bbox 500 868 558 924; x_wconf 83' lang='lat' dir='ltr'>baee</span> <span class='ocrx_word' id='word_1_47' title='bbox 573 870 682 925; x_wconf 87' lang='lat' dir='ltr'>dilectio</span> <span class='ocrx_word' id='word_1_48' title='bbox 693 870 787 925; x_wconf 88' lang='lat' dir='ltr'>mittit.</span> <span class='ocrx_word' id='word_1_49' title='bbox 984 872 1054 927; x_wconf 77' lang='lat' dir='ltr'>Voce</span> <span class='ocrx_word' id='word_1_50' title='bbox 1069 874 1178 928; x_wconf 73' lang='lat' dir='ltr'>vedasti</span> <span class='ocrx_word' id='word_1_51' title='bbox 1192 875 1372 945; x_wconf 85' lang='lat' dir='ltr'>prohibentis,</span> <span class='ocrx_word' id='word_1_52' title='bbox 1388 876 1459 930; x_wconf 87' lang='lat' dir='ltr'>ultra</span> 
     </span>
     <span class='ocr_line' id='line_1_7' title="bbox 160 959 1541 1037; baseline 0.004 -22"><span class='ocrx_word' id='word_1_53' title='bbox 160 959 298 1017; x_wconf 75' lang='lat' dir='ltr'>suctum</span> <span class='ocrx_word' id='word_1_54' title='bbox 318 959 463 1015; x_wconf 82' lang='lat' dir='ltr'>litlthS</span> <span class='ocrx_word' id='word_1_55' title='bbox 479 960 523 1013; x_wconf 81' lang='lat' dir='ltr'>bu</span> <span class='ocrx_word' id='word_1_56' title='bbox 543 960 573 1014; x_wconf 87' lang='lat' dir='ltr'>S.</span> <span class='ocrx_word' id='word_1_57' title='bbox 593 959 761 1016; x_wconf 73' lang='lat' dir='ltr'>venusio.</span> <span class='ocrx_word' id='word_1_58' title='bbox 982 962 1138 1018; x_wconf 75' lang='lat' dir='ltr'>&#39;ferminum</span> <span class='ocrx_word' id='word_1_59' title='bbox 1149 967 1278 1036; x_wconf 90' lang='lat' dir='ltr'>scriptum</span> <span class='ocrx_word' id='word_1_60' title='bbox 1294 977 1437 1037; x_wconf 86' lang='lat' dir='ltr'>penetrare</span> <span class='ocrx_word' id='word_1_61' title='bbox 1452 968 1541 1023; x_wconf 89' lang='lat' dir='ltr'>dirum</span> 
     </span>
     <span class='ocr_line' id='line_1_8' title="bbox 201 1050 1346 1128; baseline 0.009 -24"><span class='ocrx_word' id='word_1_62' title='bbox 201 1051 256 1120; x_wconf 79' lang='lat' dir='ltr'>(Ec</span> <span class='ocrx_word' id='word_1_63' title='bbox 274 1050 423 1114; x_wconf 65' lang='lat' dir='ltr'>Laminie,</span> <span class='ocrx_word' id='word_1_64' title='bbox 438 1050 488 1104; x_wconf 87' lang='lat' dir='ltr'>loc.</span> <span class='ocrx_word' id='word_1_65' title='bbox 502 1052 560 1114; x_wconf 68' lang='lat' dir='ltr'>cit„</span> <span class='ocrx_word' id='word_1_66' title='bbox 573 1066 634 1120; x_wconf 76' lang='lat' dir='ltr'>pop.</span> <span class='ocrx_word' id='word_1_67' title='bbox 646 1050 720 1124; x_wconf 75' lang='lat' dir='ltr'>tib.)</span> <span class='ocrx_word' id='word_1_68' title='bbox 1085 1055 1170 1113; x_wconf 83' lang='lat' dir='ltr'>Omne</span> <span class='ocrx_word' id='word_1_69' title='bbox 1184 1072 1232 1128; x_wconf 90' lang='lat' dir='ltr'>per</span> <span class='ocrx_word' id='word_1_70' title='bbox 1248 1073 1346 1114; x_wconf 82' lang='lat' dir='ltr'>acrum.</span> 
     </span>
     <span class='ocr_line' id='line_1_9' title="bbox 136 1140 1403 1221; baseline 0.007 -24"><span class='ocrx_word' id='word_1_71' title='bbox 136 1140 248 1198; x_wconf 84' lang='lat' dir='ltr'>Christe</span> <span class='ocrx_word' id='word_1_72' title='bbox 260 1141 386 1196; x_wconf 76' lang='lat' dir='ltr'>Salvator</span> <span class='ocrx_word' id='word_1_73' title='bbox 397 1142 514 1196; x_wconf 90' lang='lat' dir='ltr'>bominis</span> <span class='ocrx_word' id='word_1_74' title='bbox 525 1141 559 1195; x_wconf 86' lang='lat' dir='ltr'>ab</span> <span class='ocrx_word' id='word_1_75' title='bbox 576 1155 625 1194; x_wconf 80' lang='lat' dir='ltr'>ore</span> <span class='ocrx_word' id='word_1_76' title='bbox 980 1147 1093 1203; x_wconf 76' lang='lat' dir='ltr'>Pectore</span> <span class='ocrx_word' id='word_1_77' title='bbox 1109 1165 1177 1220; x_wconf 92' lang='lat' dir='ltr'>puro</span> <span class='ocrx_word' id='word_1_78' title='bbox 1189 1152 1233 1221; x_wconf 92' lang='lat' dir='ltr'>pla</span> <span class='ocrx_word' id='word_1_79' title='bbox 1248 1153 1329 1207; x_wconf 75' lang='lat' dir='ltr'>verita</span> <span class='ocrx_word' id='word_1_80' title='bbox 1341 1168 1403 1207; x_wconf 83' lang='lat' dir='ltr'>sera</span> 
     </span>
    </p>
   </div>
   <div class='ocr_carea' id='block_1_5' title="bbox 135 1230 1449 1420">
    <p class='ocr_par' dir='ltr' id='par_1_5' title="bbox 135 1230 1449 1420">
     <span class='ocr_line' id='line_1_10' title="bbox 135 1230 1400 1313; baseline 0.009 -28"><span class='ocrx_word' id='word_1_81' title='bbox 135 1230 229 1285; x_wconf 85' lang='lat' dir='ltr'>llostis</span> <span class='ocrx_word' id='word_1_82' title='bbox 246 1231 353 1299; x_wconf 74' lang='lat' dir='ltr'>antiqui</span> <span class='ocrx_word' id='word_1_83' title='bbox 368 1231 524 1299; x_wconf 83' lang='lat' dir='ltr'>superantis</span> <span class='ocrx_word' id='word_1_84' title='bbox 541 1230 644 1293; x_wconf 80' lang='lat' dir='ltr'>lidum,</span> <span class='ocrx_word' id='word_1_85' title='bbox 976 1241 1095 1296; x_wconf 77' lang='lat' dir='ltr'>Auribus</span> <span class='ocrx_word' id='word_1_86' title='bbox 1107 1241 1175 1297; x_wconf 88' lang='lat' dir='ltr'>ludit</span> <span class='ocrx_word' id='word_1_87' title='bbox 1190 1244 1279 1313; x_wconf 92' lang='lat' dir='ltr'>populi</span> <span class='ocrx_word' id='word_1_88' title='bbox 1294 1243 1400 1299; x_wconf 79' lang='lat' dir='ltr'>tidelis:</span> 
     </span>
     <span class='ocr_line' id='line_1_11' title="bbox 136 1322 1449 1420; baseline 0.005 -44"><span class='ocrx_word' id='word_1_89' title='bbox 136 1322 234 1377; x_wconf 81' lang='lat' dir='ltr'>Nostra</span> <span class='ocrx_word' id='word_1_90' title='bbox 251 1323 410 1384; x_wconf 83' lang='lat' dir='ltr'>clementer,</span> <span class='ocrx_word' id='word_1_91' title='bbox 426 1322 549 1385; x_wconf 84' lang='lat' dir='ltr'>Domine,</span> <span class='ocrx_word' id='word_1_92' title='bbox 561 1336 718 1391; x_wconf 75' lang='lat' dir='ltr'>precamur,</span> <span class='ocrx_word' id='word_1_93' title='bbox 977 1330 1097 1386; x_wconf 72' lang='lat' dir='ltr'>Arrxemt</span> <span class='ocrx_word' id='word_1_94' title='bbox 1113 1333 1174 1387; x_wconf 77' lang='lat' dir='ltr'>inde</span> <span class='ocrx_word' id='word_1_95' title='bbox 1187 1348 1328 1388; x_wconf 78' lang='lat' dir='ltr'>numerum</span> <span class='ocrx_word' id='word_1_96' title='bbox 1342 1334 1449 1420; x_wconf 68' lang='lat' dir='ltr'>piorum</span> 
     </span>
    </p>
   </div>
   <div class='ocr_carea' id='block_1_6' title="bbox 135 1412 1434 1674">
    <p class='ocr_par' dir='ltr' id='par_1_6' title="bbox 135 1412 1434 1674">
     <span class='ocr_line' id='line_1_12' title="bbox 237 1412 1280 1482; baseline 0.008 -15"><span class='ocrx_word' id='word_1_97' title='bbox 237 1412 353 1482; x_wconf 86' lang='lat' dir='ltr'>Suscipe</span> <span class='ocrx_word' id='word_1_98' title='bbox 366 1422 440 1468; x_wconf 83' lang='lat' dir='ltr'>sota.</span> <span class='ocrx_word' id='word_1_99' title='bbox 1082 1420 1197 1478; x_wconf 80' lang='lat' dir='ltr'>Sedibus</span> <span class='ocrx_word' id='word_1_100' title='bbox 1207 1422 1280 1477; x_wconf 85' lang='lat' dir='ltr'>altis.</span> 
     </span>
     <span class='ocr_line' id='line_1_13' title="bbox 135 1503 1430 1576; baseline 0.005 -18"><span class='ocrx_word' id='word_1_101' title='bbox 135 1503 217 1559; x_wconf 85' lang='lat' dir='ltr'>llulta</span> <span class='ocrx_word' id='word_1_102' title='bbox 236 1504 324 1560; x_wconf 86' lang='lat' dir='ltr'>iecisti</span> <span class='ocrx_word' id='word_1_103' title='bbox 344 1505 448 1559; x_wconf 86' lang='lat' dir='ltr'>meritis</span> <span class='ocrx_word' id='word_1_104' title='bbox 466 1512 574 1559; x_wconf 91' lang='lat' dir='ltr'>tuomm</span> <span class='ocrx_word' id='word_1_105' title='bbox 975 1503 1059 1564; x_wconf 80' lang='lat' dir='ltr'>Obvia</span> <span class='ocrx_word' id='word_1_106' title='bbox 1075 1511 1149 1567; x_wconf 86' lang='lat' dir='ltr'>venit</span> <span class='ocrx_word' id='word_1_107' title='bbox 1167 1512 1277 1566; x_wconf 84' lang='lat' dir='ltr'>radians</span> <span class='ocrx_word' id='word_1_108' title='bbox 1294 1512 1430 1576; x_wconf 84' lang='lat' dir='ltr'>columna,</span> 
     </span>
     <span class='ocr_line' id='line_1_14' title="bbox 136 1592 1434 1674; baseline 0.007 -25"><span class='ocrx_word' id='word_1_109' title='bbox 136 1592 221 1660; x_wconf 82' lang='lat' dir='ltr'>bona,</span> <span class='ocrx_word' id='word_1_110' title='bbox 235 1595 352 1651; x_wconf 78' lang='lat' dir='ltr'>Vcdasto</span> <span class='ocrx_word' id='word_1_111' title='bbox 369 1596 478 1666; x_wconf 86' lang='lat' dir='ltr'>propria</span> <span class='ocrx_word' id='word_1_112' title='bbox 497 1596 608 1660; x_wconf 81' lang='lat' dir='ltr'>dedisti.</span> <span class='ocrx_word' id='word_1_113' title='bbox 972 1601 1117 1673; x_wconf 83' lang='lat' dir='ltr'>Splendida</span> <span class='ocrx_word' id='word_1_114' title='bbox 1127 1603 1187 1658; x_wconf 88' lang='lat' dir='ltr'>coeli</span> <span class='ocrx_word' id='word_1_115' title='bbox 1202 1604 1330 1658; x_wconf 90' lang='lat' dir='ltr'>comitata</span> <span class='ocrx_word' id='word_1_116' title='bbox 1343 1602 1434 1674; x_wconf 82' lang='lat' dir='ltr'>plebe,</span> 
     </span>
    </p>
   </div>
   <div class='ocr_carea' id='block_1_7' title="bbox 133 1681 1481 1845">
    <p class='ocr_par' dir='ltr' id='par_1_7' title="bbox 133 1681 1481 1845">
     <span class='ocr_line' id='line_1_15' title="bbox 133 1681 1481 1760; baseline 0.007 -24"><span class='ocrx_word' id='word_1_117' title='bbox 133 1681 189 1740; x_wconf 82' lang='lat' dir='ltr'>lios</span> <span class='ocrx_word' id='word_1_118' title='bbox 200 1686 239 1739; x_wconf 86' lang='lat' dir='ltr'>tui</span> <span class='ocrx_word' id='word_1_119' title='bbox 251 1685 322 1740; x_wconf 88' lang='lat' dir='ltr'>servi</span> <span class='ocrx_word' id='word_1_120' title='bbox 338 1693 383 1739; x_wconf 80' lang='lat' dir='ltr'>tua</span> <span class='ocrx_word' id='word_1_121' title='bbox 397 1685 482 1757; x_wconf 83' lang='lat' dir='ltr'>larga,</span> <span class='ocrx_word' id='word_1_122' title='bbox 495 1683 615 1750; x_wconf 82' lang='lat' dir='ltr'>Christe,</span> <span class='ocrx_word' id='word_1_123' title='bbox 975 1688 1107 1760; x_wconf 87' lang='lat' dir='ltr'>Spiritum</span> <span class='ocrx_word' id='word_1_124' title='bbox 1119 1706 1217 1760; x_wconf 89' lang='lat' dir='ltr'>purum</span> <span class='ocrx_word' id='word_1_125' title='bbox 1230 1691 1345 1747; x_wconf 87' lang='lat' dir='ltr'>Domino</span> <span class='ocrx_word' id='word_1_126' title='bbox 1356 1700 1481 1757; x_wconf 79' lang='lat' dir='ltr'>vocante,</span> 
     </span>
     <span class='ocr_line' id='line_1_16' title="bbox 242 1773 1247 1845; baseline 0.008 -16"><span class='ocrx_word' id='word_1_127' title='bbox 242 1773 328 1829; x_wconf 85' lang='lat' dir='ltr'>Corde</span> <span class='ocrx_word' id='word_1_128' title='bbox 339 1789 475 1845; x_wconf 84' lang='lat' dir='ltr'>rogamus.</span> <span class='ocrx_word' id='word_1_129' title='bbox 1080 1780 1147 1836; x_wconf 81' lang='lat' dir='ltr'>Fine</span> <span class='ocrx_word' id='word_1_130' title='bbox 1158 1783 1247 1838; x_wconf 88' lang='lat' dir='ltr'>beato.</span> 
     </span>
    </p>
   </div>
   <div class='ocr_carea' id='block_1_8' title="bbox 130 1862 1499 2576">
    <p class='ocr_par' dir='ltr' id='par_1_8' title="bbox 135 1862 1448 1930">
     <span class='ocr_line' id='line_1_17' title="bbox 135 1862 1448 1930; baseline 0.008 -12"><span class='ocrx_word' id='word_1_131' title='bbox 135 1863 219 1918; x_wconf 84' lang='lat' dir='ltr'>Terra</span> <span class='ocrx_word' id='word_1_132' title='bbox 235 1862 400 1919; x_wconf 76' lang='lat' dir='ltr'>Francorum</span> <span class='ocrx_word' id='word_1_133' title='bbox 421 1864 548 1919; x_wconf 80' lang='lat' dir='ltr'>tenebras</span> <span class='ocrx_word' id='word_1_134' title='bbox 561 1865 675 1920; x_wconf 77' lang='lat' dir='ltr'>babebat</span> <span class='ocrx_word' id='word_1_135' title='bbox 975 1870 988 1907; x_wconf 67' lang='lat' dir='ltr'>b</span> <span class='ocrx_word' id='word_1_136' title='bbox 1004 1871 1106 1927; x_wconf 85' lang='lat' dir='ltr'>Zabulo</span> <span class='ocrx_word' id='word_1_137' title='bbox 1122 1873 1196 1927; x_wconf 85' lang='lat' dir='ltr'>vieto</span> <span class='ocrx_word' id='word_1_138' title='bbox 1211 1872 1263 1929; x_wconf 88' lang='lat' dir='ltr'>tide</span> <span class='ocrx_word' id='word_1_139' title='bbox 1277 1890 1338 1929; x_wconf 91' lang='lat' dir='ltr'>cum</span> <span class='ocrx_word' id='word_1_140' title='bbox 1353 1875 1448 1930; x_wconf 84' lang='lat' dir='ltr'>labore</span> 
     </span>
    </p>

    <p class='ocr_par' dir='ltr' id='par_1_9' title="bbox 135 1938 1444 2035">
     <span class='ocr_line' id='line_1_18' title="bbox 135 1938 1444 2035; baseline 0.01 -27"><span class='ocrx_word' id='word_1_141' title='bbox 135 1938 280 2020; x_wconf 61' lang='lat' dir='ltr'>l&#39;lorridas;</span> <span class='ocrx_word' id='word_1_142' title='bbox 292 1955 409 2024; x_wconf 89' lang='lat' dir='ltr'>dempsit</span> <span class='ocrx_word' id='word_1_143' title='bbox 423 1954 513 2011; x_wconf 86' lang='lat' dir='ltr'>radios</span> <span class='ocrx_word' id='word_1_144' title='bbox 528 1955 623 2011; x_wconf 81' lang='lat' dir='ltr'>salutis</span> <span class='ocrx_word' id='word_1_145' title='bbox 972 1961 1086 2034; x_wconf 76' lang='lat' dir='ltr'>Belliger</span> <span class='ocrx_word' id='word_1_146' title='bbox 1097 1963 1174 2017; x_wconf 88' lang='lat' dir='ltr'>miles</span> <span class='ocrx_word' id='word_1_147' title='bbox 1187 1967 1339 2035; x_wconf 85' lang='lat' dir='ltr'>penetrarit</span> <span class='ocrx_word' id='word_1_148' title='bbox 1354 1975 1444 2033; x_wconf 81' lang='lat' dir='ltr'>astra;</span> 
     </span>
    </p>

    <p class='ocr_par' dir='ltr' id='par_1_10' title="bbox 135 2044 1412 2214">
     <span class='ocr_line' id='line_1_19' title="bbox 135 2044 1412 2125; baseline 0.013 -27"><span class='ocrx_word' id='word_1_149' title='bbox 135 2045 245 2099; x_wconf 85' lang='lat' dir='ltr'>l&#39;isccra</span> <span class='ocrx_word' id='word_1_150' title='bbox 264 2052 356 2098; x_wconf 86' lang='lat' dir='ltr'>nostra</span> <span class='ocrx_word' id='word_1_151' title='bbox 368 2056 381 2083; x_wconf 61' lang='grc' dir='ltr'>ε</span> <span class='ocrx_word' id='word_1_152' title='bbox 399 2045 501 2114; x_wconf 83' lang='lat' dir='ltr'>pietate</span> <span class='ocrx_word' id='word_1_153' title='bbox 513 2044 614 2110; x_wconf 78' lang='lat' dir='ltr'>l’utris,</span> <span class='ocrx_word' id='word_1_154' title='bbox 972 2053 1085 2108; x_wconf 85' lang='lat' dir='ltr'>Praemia</span> <span class='ocrx_word' id='word_1_155' title='bbox 1099 2054 1182 2125; x_wconf 87' lang='lat' dir='ltr'>digno</span> <span class='ocrx_word' id='word_1_156' title='bbox 1193 2057 1299 2112; x_wconf 88' lang='lat' dir='ltr'>obtinet</span> <span class='ocrx_word' id='word_1_157' title='bbox 1308 2057 1412 2114; x_wconf 88' lang='lat' dir='ltr'>bonore</span> 
     </span>
     <span class='ocr_line' id='line_1_20' title="bbox 236 2137 1290 2214; baseline 0.009 -23"><span class='ocrx_word' id='word_1_158' title='bbox 236 2138 358 2202; x_wconf 79' lang='lat' dir='ltr'>Christe,</span> <span class='ocrx_word' id='word_1_159' title='bbox 371 2137 484 2208; x_wconf 75' lang='lat' dir='ltr'>refulge.</span> <span class='ocrx_word' id='word_1_160' title='bbox 1079 2143 1161 2214; x_wconf 82' lang='lat' dir='ltr'>Regis</span> <span class='ocrx_word' id='word_1_161' title='bbox 1175 2145 1203 2199; x_wconf 90' lang='lat' dir='ltr'>in</span> <span class='ocrx_word' id='word_1_162' title='bbox 1219 2147 1290 2200; x_wconf 85' lang='lat' dir='ltr'>auia.</span> 
     </span>
    </p>

    <p class='ocr_par' dir='ltr' id='par_1_11' title="bbox 131 2229 1396 2298">
     <span class='ocr_line' id='line_1_21' title="bbox 131 2229 1396 2298; baseline 0.007 -14"><span class='ocrx_word' id='word_1_163' title='bbox 131 2229 258 2284; x_wconf 80' lang='lat' dir='ltr'>Vultibus</span> <span class='ocrx_word' id='word_1_164' title='bbox 269 2230 348 2285; x_wconf 74' lang='lat' dir='ltr'>cecis</span> <span class='ocrx_word' id='word_1_165' title='bbox 365 2230 467 2298; x_wconf 84' lang='lat' dir='ltr'>pictate</span> <span class='ocrx_word' id='word_1_166' title='bbox 481 2241 569 2284; x_wconf 75' lang='lat' dir='ltr'>motuis</span> <span class='ocrx_word' id='word_1_167' title='bbox 973 2232 1063 2288; x_wconf 79' lang='lat' dir='ltr'>Gloria</span> <span class='ocrx_word' id='word_1_168' title='bbox 1080 2234 1169 2290; x_wconf 85' lang='lat' dir='ltr'>laudis</span> <span class='ocrx_word' id='word_1_169' title='bbox 1180 2246 1288 2292; x_wconf 88' lang='lat' dir='ltr'>resonet</span> <span class='ocrx_word' id='word_1_170' title='bbox 1305 2240 1332 2292; x_wconf 93' lang='lat' dir='ltr'>in</span> <span class='ocrx_word' id='word_1_171' title='bbox 1346 2254 1396 2293; x_wconf 89' lang='lat' dir='ltr'>ore</span> 
     </span>
    </p>

    <p class='ocr_par' dir='ltr' id='par_1_12' title="bbox 132 2319 1499 2399">
     <span class='ocr_line' id='line_1_22' title="bbox 132 2319 1499 2399; baseline 0.007 -23"><span class='ocrx_word' id='word_1_172' title='bbox 132 2319 247 2376; x_wconf 77' lang='lat' dir='ltr'>Lumina</span> <span class='ocrx_word' id='word_1_173' title='bbox 259 2321 331 2374; x_wconf 86' lang='lat' dir='ltr'>clara</span> <span class='ocrx_word' id='word_1_174' title='bbox 344 2320 419 2375; x_wconf 89' lang='lat' dir='ltr'>dedit</span> <span class='ocrx_word' id='word_1_175' title='bbox 434 2321 492 2389; x_wconf 89' lang='lat' dir='ltr'>ipse</span> <span class='ocrx_word' id='word_1_176' title='bbox 507 2329 630 2386; x_wconf 75' lang='lat' dir='ltr'>sanetus,</span> <span class='ocrx_word' id='word_1_177' title='bbox 971 2325 1100 2380; x_wconf 83' lang='lat' dir='ltr'>Omnium</span> <span class='ocrx_word' id='word_1_178' title='bbox 1112 2324 1214 2390; x_wconf 87' lang='lat' dir='ltr'>Putris,</span> <span class='ocrx_word' id='word_1_179' title='bbox 1232 2329 1383 2399; x_wconf 70' lang='lat' dir='ltr'>genitaeque</span> <span class='ocrx_word' id='word_1_180' title='bbox 1400 2325 1499 2395; x_wconf 74' lang='lat' dir='ltr'>Proin,</span> 
     </span>
    </p>

    <p class='ocr_par' dir='ltr' id='par_1_13' title="bbox 130 2407 1446 2576">
     <span class='ocr_line' id='line_1_23' title="bbox 130 2407 1446 2490; baseline 0.009 -27"><span class='ocrx_word' id='word_1_181' title='bbox 130 2408 232 2466; x_wconf 76' lang='lat' dir='ltr'>Lucida</span> <span class='ocrx_word' id='word_1_182' title='bbox 247 2407 312 2463; x_wconf 84' lang='lat' dir='ltr'>iecit</span> <span class='ocrx_word' id='word_1_183' title='bbox 325 2411 468 2466; x_wconf 89' lang='lat' dir='ltr'>tenebrosa</span> <span class='ocrx_word' id='word_1_184' title='bbox 482 2410 564 2465; x_wconf 80' lang='lat' dir='ltr'>corda</span> <span class='ocrx_word' id='word_1_185' title='bbox 973 2416 1097 2490; x_wconf 80' lang='lat' dir='ltr'>Spiritus</span> <span class='ocrx_word' id='word_1_186' title='bbox 1110 2418 1198 2471; x_wconf 86' lang='lat' dir='ltr'>sancti</span> <span class='ocrx_word' id='word_1_187' title='bbox 1212 2419 1316 2487; x_wconf 80' lang='lat' dir='ltr'>parlier</span> <span class='ocrx_word' id='word_1_188' title='bbox 1332 2422 1446 2476; x_wconf 82' lang='lat' dir='ltr'>resultet</span> 
     </span>
     <span class='ocr_line' id='line_1_24' title="bbox 234 2501 1411 2576; baseline 0.007 -19"><span class='ocrx_word' id='word_1_189' title='bbox 234 2501 333 2572; x_wconf 87' lang='lat' dir='ltr'>lgniier</span> <span class='ocrx_word' id='word_1_190' title='bbox 347 2502 402 2557; x_wconf 91' lang='lat' dir='ltr'>ille.</span> <span class='ocrx_word' id='word_1_191' title='bbox 1078 2505 1169 2561; x_wconf 64' lang='lat' dir='ltr'>herde</span> <span class='ocrx_word' id='word_1_192' title='bbox 1180 2509 1411 2576; x_wconf 76' lang='lat' dir='ltr'>perennibmrn.</span> 
     </span>
    </p>
   </div>
   <div class='ocr_carea' id='block_1_9' title="bbox 66 2633 1686 2781">
    <p class='ocr_par' dir='ltr' id='par_1_14' title="bbox 66 2633 1686 2781">
     <span class='ocr_line' id='line_1_25' title="bbox 96 2633 1644 2710; baseline 0.005 -20"><span class='ocrx_word' id='word_1_193' title='bbox 96 2647 108 2677; x_wconf 84' lang='lat'><strong>·</strong></span> <span class='ocrx_word' id='word_1_194' title='bbox 125 2636 164 2691; x_wconf 89' lang='lat' dir='ltr'>lta</span> <span class='ocrx_word' id='word_1_195' title='bbox 180 2637 288 2706; x_wconf 74' lang='lat' dir='ltr'>uiridem</span> <span class='ocrx_word' id='word_1_196' title='bbox 304 2637 330 2691; x_wconf 95' lang='lat' dir='ltr'>in</span> <span class='ocrx_word' id='word_1_197' title='bbox 345 2637 592 2707; x_wconf 60' lang='lat' dir='ltr'>codiceseriptum</span> <span class='ocrx_word' id='word_1_198' title='bbox 606 2645 657 2699; x_wconf 81' lang='lat' dir='ltr'>est,</span> <span class='ocrx_word' id='word_1_199' title='bbox 673 2635 721 2692; x_wconf 88' lang='lat' dir='ltr'>scd</span> <span class='ocrx_word' id='word_1_200' title='bbox 743 2636 777 2691; x_wconf 92' lang='lat' dir='ltr'>de</span> <span class='ocrx_word' id='word_1_201' title='bbox 801 2651 846 2708; x_wconf 84' lang='lat' dir='ltr'>ge·</span> <span class='ocrx_word' id='word_1_202' title='bbox 903 2642 968 2690; x_wconf 81' lang='lat' dir='ltr'>stat.</span> <span class='ocrx_word' id='word_1_203' title='bbox 992 2633 1111 2692; x_wconf 76' lang='lat' dir='ltr'>brunes.</span> <span class='ocrx_word' id='word_1_204' title='bbox 1141 2636 1220 2693; x_wconf 80' lang='lat' dir='ltr'>Forte</span> <span class='ocrx_word' id='word_1_205' title='bbox 1234 2637 1393 2710; x_wconf 86' lang='lat' dir='ltr'>legendum:</span> <span class='ocrx_word' id='word_1_206' title='bbox 1408 2640 1538 2697; x_wconf 85' lang='lat' dir='ltr'>lliseraas</span> <span class='ocrx_word' id='word_1_207' title='bbox 1553 2645 1644 2699; x_wconf 72' lang='lat' dir='ltr'>nostri</span> 
     </span>
     <span class='ocr_line' id='line_1_26' title="bbox 66 2703 1686 2781; baseline 0.005 -22"><span class='ocrx_word' id='word_1_208' title='bbox 66 2706 140 2762; x_wconf 83' lang='lat' dir='ltr'>ruina</span> <span class='ocrx_word' id='word_1_209' title='bbox 154 2707 235 2778; x_wconf 79' lang='lat' dir='ltr'>brrjus</span> <span class='ocrx_word' id='word_1_210' title='bbox 263 2706 315 2762; x_wconf 87' lang='lat' dir='ltr'>loci</span> <span class='ocrx_word' id='word_1_211' title='bbox 339 2707 454 2763; x_wconf 88' lang='lat' dir='ltr'>lectione</span> <span class='ocrx_word' id='word_1_212' title='bbox 472 2709 591 2781; x_wconf 87' lang='lat' dir='ltr'>nondum</span> <span class='ocrx_word' id='word_1_213' title='bbox 615 2707 681 2763; x_wconf 88' lang='lat' dir='ltr'>mibi</span> <span class='ocrx_word' id='word_1_214' title='bbox 703 2705 772 2762; x_wconf 85' lang='lat' dir='ltr'>satis</span> <span class='ocrx_word' id='word_1_215' title='bbox 784 2719 850 2764; x_wconf 81' lang='lat' dir='ltr'>cou-</span> <span class='ocrx_word' id='word_1_216' title='bbox 938 2705 952 2746; x_wconf 71' lang='lat' dir='ltr'>l</span> <span class='ocrx_word' id='word_1_217' title='bbox 972 2703 1073 2760; x_wconf 80' lang='lat' dir='ltr'>Zobslo</span> <span class='ocrx_word' id='word_1_218' title='bbox 1087 2707 1157 2777; x_wconf 93' lang='lat' dir='ltr'>apud</span> <span class='ocrx_word' id='word_1_219' title='bbox 1169 2719 1274 2764; x_wconf 81' lang='lat' dir='ltr'>ueteres</span> <span class='ocrx_word' id='word_1_220' title='bbox 1293 2725 1343 2780; x_wconf 93' lang='lat' dir='ltr'>pro</span> <span class='ocrx_word' id='word_1_221' title='bbox 1359 2710 1473 2767; x_wconf 77' lang='lat' dir='ltr'>diabolo.</span> <span class='ocrx_word' id='word_1_222' title='bbox 1489 2712 1548 2768; x_wconf 76' lang='lat' dir='ltr'>vid.</span> <span class='ocrx_word' id='word_1_223' title='bbox 1562 2712 1686 2771; x_wconf 81' lang='lat' dir='ltr'>Lambec.</span> 
     </span>
    </p>
   </div>
   <div class='ocr_carea' id='block_1_10' title="bbox 342 2935 1404 3239">
    <p class='ocr_par' dir='ltr' id='par_1_15' title="bbox 342 2935 1404 3239">
     <span class='ocr_line' id='line_1_27' title="bbox 413 2935 1329 3055; baseline 0.011 -15"><span class='ocrx_word' id='word_1_224' title='bbox 413 2968 492 3041; x_wconf 80' lang='lat' dir='ltr'>urs</span> <span class='ocrx_word' id='word_1_225' title='bbox 519 2935 1329 3055; x_wconf 81' lang='lat' dir='ltr'><strong>OPUSCULUM‘TERTIUM.</strong></span> 
     </span>
     <span class='ocr_line' id='line_1_28' title="bbox 342 3154 1404 3239; baseline 0 -1"><span class='ocrx_word' id='word_1_226' title='bbox 342 3158 464 3238; x_wconf 77' lang='lat' dir='ltr'>viru</span> <span class='ocrx_word' id='word_1_227' title='bbox 494 3154 790 3236; x_wconf 78' lang='lat' dir='ltr'>uuuursstur</span> <span class='ocrx_word' id='word_1_228' title='bbox 817 3157 1048 3238; x_wconf 80' lang='lat' dir='ltr'>urcnunu</span> <span class='ocrx_word' id='word_1_229' title='bbox 1078 3157 1404 3239; x_wconf 85' lang='lat' dir='ltr'>rnnsuurunr.</span> 
     </span>
    </p>
   </div>
   <div class='ocr_carea' id='block_1_11' title="bbox 93 3381 1696 3479">
    <p class='ocr_par' dir='ltr' id='par_1_16' title="bbox 93 3381 1696 3479">
     <span class='ocr_line' id='line_1_29' title="bbox 93 3381 1696 3479; baseline 0.009 -36"><span class='ocrx_word' id='word_1_230' title='bbox 93 3383 277 3447; x_wconf 77' lang='lat' dir='ltr'>bllAEFn&#39;tto</span> <span class='ocrx_word' id='word_1_231' title='bbox 292 3384 337 3440; x_wconf 79' lang='lat' dir='ltr'>bb</span> <span class='ocrx_word' id='word_1_232' title='bbox 355 3383 520 3442; x_wconf 79' lang='lat' dir='ltr'>clltbbtiili</span> <span class='ocrx_word' id='word_1_233' title='bbox 540 3381 800 3441; x_wconf 66' lang='lat' dir='ltr'>incentionem.</span> <span class='ocrx_word' id='word_1_234' title='bbox 858 3385 983 3459; x_wconf 78' lang='lat' dir='ltr'>Clomm</span> <span class='ocrx_word' id='word_1_235' title='bbox 1008 3405 1158 3474; x_wconf 55' lang='lat' dir='ltr'>mentione</span> <span class='ocrx_word' id='word_1_236' title='bbox 1177 3414 1239 3475; x_wconf 65' lang='lat' dir='ltr'>pom</span> <span class='ocrx_word' id='word_1_237' title='bbox 1249 3406 1321 3477; x_wconf 72' lang='lat' dir='ltr'>1b¹⁰⁸</span> <span class='ocrx_word' id='word_1_238' title='bbox 1341 3410 1478 3479; x_wconf 55' lang='lat' dir='ltr'>,prmum</span> <span class='ocrx_word' id='word_1_239' title='bbox 1492 3410 1560 3469; x_wconf 66' lang='lat' dir='ltr'>mxu</span> <span class='ocrx_word' id='word_1_240' title='bbox 1583 3413 1696 3474; x_wconf 45' lang='lat' dir='ltr'>rm,</span> 
     </span>
    </p>
   </div>
   <div class='ocr_carea' id='block_1_12' title="bbox 48 3493 1735 4658">
    <p class='ocr_par' dir='ltr' id='par_1_17' title="bbox 49 3493 1685 3839">
     <span class='ocr_line' id='line_1_30' title="bbox 93 3493 1685 3574; baseline 0.011 -26"><span class='ocrx_word' id='word_1_241' title='bbox 93 3502 205 3559; x_wconf 75' lang='lat' dir='ltr'>bomino</span> <span class='ocrx_word' id='word_1_242' title='bbox 218 3497 648 3570; x_wconf 78' lang='lat' dir='ltr'>sempersenerabilisemperque</span> <span class='ocrx_word' id='word_1_243' title='bbox 659 3493 844 3559; x_wconf 82' lang='lat' dir='ltr'>desiderabili,</span> <span class='ocrx_word' id='word_1_244' title='bbox 894 3495 1053 3560; x_wconf 83' lang='lat' dir='ltr'>secuudum,</span> <span class='ocrx_word' id='word_1_245' title='bbox 1065 3503 1120 3550; x_wconf 88' lang='lat' dir='ltr'>tam</span> <span class='ocrx_word' id='word_1_246' title='bbox 1133 3496 1383 3568; x_wconf 86' lang='lat' dir='ltr'>modicogestomm</span> <span class='ocrx_word' id='word_1_247' title='bbox 1397 3501 1685 3574; x_wconf 64' lang='lat' dir='ltr'>volumioetmtssretur.</span> 
     </span>
     <span class='ocr_line' id='line_1_31' title="bbox 51 3584 1684 3661; baseline 0.009 -21"><span class='ocrx_word' id='word_1_248' title='bbox 51 3593 177 3661; x_wconf 79' lang='lat' dir='ltr'>piissimo</span> <span class='ocrx_word' id='word_1_249' title='bbox 190 3598 293 3645; x_wconf 83' lang='lat' dir='ltr'>sauctae</span> <span class='ocrx_word' id='word_1_250' title='bbox 310 3587 437 3643; x_wconf 75' lang='lat' dir='ltr'>Ecclesiae</span> <span class='ocrx_word' id='word_1_251' title='bbox 452 3587 547 3651; x_wconf 87' lang='lat' dir='ltr'>tutori,</span> <span class='ocrx_word' id='word_1_252' title='bbox 560 3586 648 3657; x_wconf 80' lang='lat' dir='ltr'>gratis</span> <span class='ocrx_word' id='word_1_253' title='bbox 670 3584 718 3638; x_wconf 85' lang='lat' dir='ltr'>bei</span> <span class='ocrx_word' id='word_1_254' title='bbox 738 3598 846 3654; x_wconf 86' lang='lat' dir='ltr'>semper</span> <span class='ocrx_word' id='word_1_255' title='bbox 894 3585 976 3655; x_wconf 79' lang='lat' dir='ltr'>idque</span> <span class='ocrx_word' id='word_1_256' title='bbox 987 3585 1052 3639; x_wconf 90' lang='lat' dir='ltr'>mibi</span> <span class='ocrx_word' id='word_1_257' title='bbox 1064 3588 1228 3656; x_wconf 74' lang='lat' dir='ltr'>stupescenti</span> <span class='ocrx_word' id='word_1_258' title='bbox 1244 3587 1363 3645; x_wconf 91' lang='lat' dir='ltr'>innotuit</span> <span class='ocrx_word' id='word_1_259' title='bbox 1374 3590 1431 3660; x_wconf 82' lang='lat' dir='ltr'>jam</span> <span class='ocrx_word' id='word_1_260' title='bbox 1446 3593 1534 3650; x_wconf 76' lang='lat' dir='ltr'>dctus</span> <span class='ocrx_word' id='word_1_261' title='bbox 1549 3611 1684 3654; x_wconf 71' lang='lat' dir='ltr'>muroru-</span> 
     </span>
     <span class='ocr_line' id='line_1_32' title="bbox 51 3672 1684 3757; baseline 0.01 -30"><span class='ocrx_word' id='word_1_262' title='bbox 51 3683 177 3757; x_wconf 62' lang='lat' dir='ltr'>Augusto</span> <span class='ocrx_word' id='word_1_263' title='bbox 189 3679 298 3745; x_wconf 80' lang='lat' dir='ltr'>Carolo,</span> <span class='ocrx_word' id='word_1_264' title='bbox 309 3686 407 3734; x_wconf 82' lang='lat' dir='ltr'>restrae</span> <span class='ocrx_word' id='word_1_265' title='bbox 429 3677 525 3733; x_wconf 87' lang='lat' dir='ltr'>salutis</span> <span class='ocrx_word' id='word_1_266' title='bbox 538 3689 636 3746; x_wconf 85' lang='lat' dir='ltr'>perpes</span> <span class='ocrx_word' id='word_1_267' title='bbox 647 3675 751 3730; x_wconf 87' lang='lat' dir='ltr'>amicus</span> <span class='ocrx_word' id='word_1_268' title='bbox 771 3672 845 3728; x_wconf 81' lang='lat' dir='ltr'>Albi·</span> <span class='ocrx_word' id='word_1_269' title='bbox 894 3674 957 3729; x_wconf 92' lang='lat' dir='ltr'>bilis</span> <span class='ocrx_word' id='word_1_270' title='bbox 968 3675 1009 3728; x_wconf 84' lang='lat' dir='ltr'>vir</span> <span class='ocrx_word' id='word_1_271' title='bbox 1022 3675 1210 3744; x_wconf 74' lang='lat' dir='ltr'>ingilbertus,</span> <span class='ocrx_word' id='word_1_272' title='bbox 1231 3693 1264 3732; x_wconf 84' lang='lat' dir='ltr'>ac</span> <span class='ocrx_word' id='word_1_273' title='bbox 1278 3679 1434 3747; x_wconf 83' lang='lat' dir='ltr'>spirituales</span> <span class='ocrx_word' id='word_1_274' title='bbox 1448 3683 1546 3740; x_wconf 78' lang='lat' dir='ltr'>iratres</span> <span class='ocrx_word' id='word_1_275' title='bbox 1560 3686 1684 3754; x_wconf 65' lang='lat' dir='ltr'>eirnfem</span> 
     </span>
     <span class='ocr_line' id='line_1_33' title="bbox 49 3763 1683 3839; baseline 0.023 -44"><span class='ocrx_word' id='word_1_276' title='bbox 49 3787 119 3830; x_wconf 59' lang='lat' dir='ltr'><strong>m</strong></span> <span class='ocrx_word' id='word_1_277' title='bbox 895 3766 983 3820; x_wconf 83' lang='lat' dir='ltr'>sancti</span> <span class='ocrx_word' id='word_1_278' title='bbox 996 3764 1062 3827; x_wconf 84' lang='lat' dir='ltr'>loci,</span> <span class='ocrx_word' id='word_1_279' title='bbox 1073 3763 1166 3818; x_wconf 83' lang='lat' dir='ltr'>baberi</span> <span class='ocrx_word' id='word_1_280' title='bbox 1178 3765 1246 3833; x_wconf 89' lang='lat' dir='ltr'>apud</span> <span class='ocrx_word' id='word_1_281' title='bbox 1262 3780 1299 3827; x_wconf 85' lang='lat' dir='ltr'>se,</span> <span class='ocrx_word' id='word_1_282' title='bbox 1315 3768 1380 3835; x_wconf 85' lang='lat' dir='ltr'>quin</span> <span class='ocrx_word' id='word_1_283' title='bbox 1406 3770 1488 3824; x_wconf 83' lang='lat' dir='ltr'>etism</span> <span class='ocrx_word' id='word_1_284' title='bbox 1504 3775 1575 3839; x_wconf 84' lang='lat' dir='ltr'>apud</span> <span class='ocrx_word' id='word_1_285' title='bbox 1591 3774 1683 3834; x_wconf 75' lang='lat' dir='ltr'>diver·</span> 
     </span>
    </p>

    <p class='ocr_par' dir='ltr' id='par_1_18' title="bbox 48 3854 1735 4658">
     <span class='ocr_line' id='line_1_34' title="bbox 89 3854 1688 3933; baseline 0.003 -14"><span class='ocrx_word' id='word_1_286' title='bbox 89 3863 255 3919; x_wconf 81' lang='lat' dir='ltr'>llcmorante</span> <span class='ocrx_word' id='word_1_287' title='bbox 270 3870 364 3917; x_wconf 78' lang='lat' dir='ltr'>restrae</span> <span class='ocrx_word' id='word_1_288' title='bbox 377 3857 544 3927; x_wconf 80' lang='lat' dir='ltr'>excellentiae</span> <span class='ocrx_word' id='word_1_289' title='bbox 555 3857 655 3927; x_wconf 87' lang='lat' dir='ltr'>pietate</span> <span class='ocrx_word' id='word_1_290' title='bbox 664 3855 693 3911; x_wconf 90' lang='lat' dir='ltr'>in</span> <span class='ocrx_word' id='word_1_291' title='bbox 712 3854 771 3910; x_wconf 92' lang='lat' dir='ltr'>loco</span> <span class='ocrx_word' id='word_1_292' title='bbox 784 3869 846 3908; x_wconf 87' lang='lat' dir='ltr'>sun·</span> <span class='ocrx_word' id='word_1_293' title='bbox 895 3873 940 3913; x_wconf 85' lang='lat' dir='ltr'>sas</span> <span class='ocrx_word' id='word_1_294' title='bbox 962 3856 1101 3919; x_wconf 83' lang='lat' dir='ltr'>ecelesias,</span> <span class='ocrx_word' id='word_1_295' title='bbox 1112 3855 1232 3910; x_wconf 87' lang='lat' dir='ltr'>codicem</span> <span class='ocrx_word' id='word_1_296' title='bbox 1247 3856 1330 3911; x_wconf 85' lang='lat' dir='ltr'>aliurn</span> <span class='ocrx_word' id='word_1_297' title='bbox 1347 3868 1358 3896; x_wconf 72' lang='lat'>0</span> <span class='ocrx_word' id='word_1_298' title='bbox 1383 3859 1535 3928; x_wconf 85' lang='lat' dir='ltr'>grandioris</span> <span class='ocrx_word' id='word_1_299' title='bbox 1552 3867 1688 3933; x_wconf 81' lang='lat' dir='ltr'>quantita-</span> 
     </span>
     <span class='ocr_line' id='line_1_35' title="bbox 48 3943 1688 4024; baseline 0.021 -46"><span class='ocrx_word' id='word_1_300' title='bbox 48 3966 99 4014; x_wconf 42' lang='grc' dir='ltr'>τω</span> <span class='ocrx_word' id='word_1_301' title='bbox 114 3966 143 4012; x_wconf 86' lang='lat' dir='ltr'>et</span> <span class='ocrx_word' id='word_1_302' title='bbox 156 3955 414 4016; x_wconf 50' lang='lat' dir='ltr'>mesimenmbffi</span> <span class='ocrx_word' id='word_1_303' title='bbox 431 3952 580 4015; x_wconf 53' lang='lat' dir='ltr'>empulae,</span> <span class='ocrx_word' id='word_1_304' title='bbox 596 3968 658 4007; x_wconf 68' lang='lat' dir='ltr'>cum</span> <span class='ocrx_word' id='word_1_305' title='bbox 686 3961 714 4006; x_wconf 68' lang='lat' dir='ltr'>er</span> <span class='ocrx_word' id='word_1_306' title='bbox 726 3966 777 4020; x_wconf 71' lang='lat'>²8⁰</span> <span class='ocrx_word' id='word_1_307' title='bbox 800 3964 846 4005; x_wconf 75' lang='lat' dir='ltr'>ve-</span> <span class='ocrx_word' id='word_1_308' title='bbox 895 3945 1157 4017; x_wconf 57' lang='lat' dir='ltr'>timinquoscilieet</span> <span class='ocrx_word' id='word_1_309' title='bbox 1181 3943 1226 3999; x_wconf 79' lang='lat' dir='ltr'>illa</span> <span class='ocrx_word' id='word_1_310' title='bbox 1247 3945 1377 4001; x_wconf 74' lang='lat' dir='ltr'>miraculo</span> <span class='ocrx_word' id='word_1_311' title='bbox 1401 3946 1570 4017; x_wconf 77' lang='lat' dir='ltr'>legebantur,</span> <span class='ocrx_word' id='word_1_312' title='bbox 1589 3955 1688 4024; x_wconf 84' lang='lat' dir='ltr'>quibos</span> 
     </span>
     <span class='ocr_line' id='line_1_36' title="bbox 49 4035 1735 4135; baseline 0.004 -40"><span class='ocrx_word' id='word_1_313' title='bbox 49 4047 225 4119; x_wconf 68' lang='lat' dir='ltr'>srmgmriue</span> <span class='ocrx_word' id='word_1_314' title='bbox 240 4061 345 4110; x_wconf 85' lang='lat' dir='ltr'>scmus,</span> <span class='ocrx_word' id='word_1_315' title='bbox 365 4052 461 4100; x_wconf 75' lang='lat' dir='ltr'>restrae</span> <span class='ocrx_word' id='word_1_316' title='bbox 475 4042 585 4113; x_wconf 88' lang='lat' dir='ltr'>pietatis</span> <span class='ocrx_word' id='word_1_317' title='bbox 608 4040 719 4111; x_wconf 83' lang='lat' dir='ltr'>uestigia</span> <span class='ocrx_word' id='word_1_318' title='bbox 746 4038 845 4093; x_wconf 87' lang='lat' dir='ltr'>ibidem</span> <span class='ocrx_word' id='word_1_319' title='bbox 896 4053 949 4092; x_wconf 86' lang='lat' dir='ltr'>uon</span> <span class='ocrx_word' id='word_1_320' title='bbox 962 4036 1097 4091; x_wconf 80' lang='lat' dir='ltr'>inumerito</span> <span class='ocrx_word' id='word_1_321' title='bbox 1117 4042 1242 4091; x_wconf 88' lang='lat' dir='ltr'>sanctum</span> <span class='ocrx_word' id='word_1_322' title='bbox 1263 4035 1364 4092; x_wconf 80' lang='lat' dir='ltr'>Christi</span> <span class='ocrx_word' id='word_1_323' title='bbox 1388 4037 1573 4099; x_wconf 88' lang='lat' dir='ltr'>conlcssorem</span> <span class='ocrx_word' id='word_1_324' title='bbox 1598 4050 1687 4102; x_wconf 82' lang='lat' dir='ltr'>omnis</span> <span class='ocrx_word' id='word_1_325' title='bbox 1730 4115 1735 4135; x_wconf 35' lang='grc' dir='ltr'><strong>ι</strong></span> 
     </span>
     <span class='ocr_line' id='line_1_37' title="bbox 49 4118 1685 4210; baseline -0.001 -17"><span class='ocrx_word' id='word_1_326' title='bbox 49 4149 236 4210; x_wconf 80' lang='lat' dir='ltr'>prosecutus,</span> <span class='ocrx_word' id='word_1_327' title='bbox 263 4118 457 4208; x_wconf 85' lang='lat' dir='ltr'>aliquantisper</span> <span class='ocrx_word' id='word_1_328' title='bbox 490 4149 691 4198; x_wconf 85' lang='lat' dir='ltr'>commorarer;</span> <span class='ocrx_word' id='word_1_329' title='bbox 721 4138 847 4187; x_wconf 76' lang='lat' dir='ltr'>oraverat</span> <span class='ocrx_word' id='word_1_330' title='bbox 895 4128 981 4185; x_wconf 86' lang='lat' dir='ltr'>Gallia</span> <span class='ocrx_word' id='word_1_331' title='bbox 1004 4126 1152 4182; x_wconf 76' lang='lat' dir='ltr'>attobebat.</span> <span class='ocrx_word' id='word_1_332' title='bbox 1170 4125 1255 4197; x_wconf 75' lang='lat' dir='ltr'>Curius</span> <span class='ocrx_word' id='word_1_333' title='bbox 1270 4127 1384 4197; x_wconf 85' lang='lat' dir='ltr'>simplex</span> <span class='ocrx_word' id='word_1_334' title='bbox 1404 4138 1431 4184; x_wconf 81' lang='lat' dir='ltr'>et</span> <span class='ocrx_word' id='word_1_335' title='bbox 1445 4131 1535 4188; x_wconf 76' lang='lat' dir='ltr'>mimos</span> <span class='ocrx_word' id='word_1_336' title='bbox 1549 4135 1631 4204; x_wconf 83' lang='lat' dir='ltr'>polita</span> <span class='ocrx_word' id='word_1_337' title='bbox 1646 4138 1685 4191; x_wconf 75' lang='lat' dir='ltr'>lo</span> 
     </span>
     <span class='ocr_line' id='line_1_38' title="bbox 49 4210 1688 4304; baseline 0 -21"><span class='ocrx_word' id='word_1_338' title='bbox 49 4246 144 4289; x_wconf 78' lang='lat' dir='ltr'>meam</span> <span class='ocrx_word' id='word_1_339' title='bbox 158 4232 317 4304; x_wconf 82' lang='lat' dir='ltr'>parvitatem</span> <span class='ocrx_word' id='word_1_340' title='bbox 332 4232 373 4285; x_wconf 86' lang='lat' dir='ltr'>tir</span> <span class='ocrx_word' id='word_1_341' title='bbox 384 4244 497 4300; x_wconf 90' lang='lat' dir='ltr'>magnus</span> <span class='ocrx_word' id='word_1_342' title='bbox 511 4228 537 4282; x_wconf 90' lang='lat' dir='ltr'>in</span> <span class='ocrx_word' id='word_1_343' title='bbox 556 4226 665 4282; x_wconf 83' lang='lat' dir='ltr'>Christo</span> <span class='ocrx_word' id='word_1_344' title='bbox 679 4210 805 4279; x_wconf 81' lang='lat' dir='ltr'>dominus</span> <span class='ocrx_word' id='word_1_345' title='bbox 818 4231 846 4276; x_wconf 86' lang='lat' dir='ltr'>et</span> <span class='ocrx_word' id='word_1_346' title='bbox 896 4221 970 4277; x_wconf 90' lang='lat' dir='ltr'>cutio</span> <span class='ocrx_word' id='word_1_347' title='bbox 984 4219 1047 4289; x_wconf 86' lang='lat' dir='ltr'>quia</span> <span class='ocrx_word' id='word_1_348' title='bbox 1058 4216 1188 4273; x_wconf 84' lang='lat' dir='ltr'>iratribus</span> <span class='ocrx_word' id='word_1_349' title='bbox 1211 4219 1245 4272; x_wconf 89' lang='lat' dir='ltr'>ad</span> <span class='ocrx_word' id='word_1_350' title='bbox 1259 4219 1426 4275; x_wconf 85' lang='lat' dir='ltr'>recitandum</span> <span class='ocrx_word' id='word_1_351' title='bbox 1445 4223 1472 4276; x_wconf 93' lang='lat' dir='ltr'>in</span> <span class='ocrx_word' id='word_1_352' title='bbox 1486 4225 1587 4294; x_wconf 88' lang='lat' dir='ltr'>populo</span> <span class='ocrx_word' id='word_1_353' title='bbox 1598 4230 1688 4297; x_wconf 79' lang='lat' dir='ltr'>aptior</span> 
     </span>
     <span class='ocr_line' id='line_1_39' title="bbox 48 4301 1687 4407; baseline -0.003 -22"><span class='ocrx_word' id='word_1_354' title='bbox 48 4301 217 4387; x_wconf 73' lang='lat' dir='ltr'>reserabitis</span> <span class='ocrx_word' id='word_1_355' title='bbox 228 4327 313 4380; x_wconf 85' lang='lat' dir='ltr'>abbas</span> <span class='ocrx_word' id='word_1_356' title='bbox 325 4323 497 4394; x_wconf 73' lang='lat' dir='ltr'>ingilbertus</span> <span class='ocrx_word' id='word_1_357' title='bbox 511 4320 537 4386; x_wconf 77' lang='lat' dir='ltr'>b,</span> <span class='ocrx_word' id='word_1_358' title='bbox 550 4335 604 4389; x_wconf 87' lang='lat' dir='ltr'>quo</span> <span class='ocrx_word' id='word_1_359' title='bbox 619 4318 646 4372; x_wconf 95' lang='lat' dir='ltr'>in</span> <span class='ocrx_word' id='word_1_360' title='bbox 657 4317 763 4396; x_wconf 85' lang='lat' dir='ltr'>laudem</span> <span class='ocrx_word' id='word_1_361' title='bbox 773 4315 844 4371; x_wconf 83' lang='lat' dir='ltr'>Cou-</span> <span class='ocrx_word' id='word_1_362' title='bbox 897 4312 964 4386; x_wconf 75' lang='lat' dir='ltr'>[Ab.</span> <span class='ocrx_word' id='word_1_363' title='bbox 979 4313 1005 4367; x_wconf 88' lang='lat' dir='ltr'>iu</span> <span class='ocrx_word' id='word_1_364' title='bbox 1018 4310 1145 4407; x_wconf 80' lang='lat' dir='ltr'>populum</span> <span class='ocrx_word' id='word_1_365' title='bbox 1166 4310 1297 4385; x_wconf 88' lang='lat' dir='ltr'>apertior]</span> <span class='ocrx_word' id='word_1_366' title='bbox 1318 4314 1459 4371; x_wconf 85' lang='lat' dir='ltr'>ridebatur</span> <span class='ocrx_word' id='word_1_367' title='bbox 1484 4317 1609 4375; x_wconf 86' lang='lat' dir='ltr'>sullioere</span> <span class='ocrx_word' id='word_1_368' title='bbox 1635 4324 1687 4379; x_wconf 86' lang='lat' dir='ltr'>sibl</span> 
     </span>
     <span class='ocr_line' id='line_1_40' title="bbox 51 4401 1688 4498; baseline -0.004 -23"><span class='ocrx_word' id='word_1_369' title='bbox 51 4417 161 4479; x_wconf 72' lang='lat' dir='ltr'>dium.</span> <span class='ocrx_word' id='word_1_370' title='bbox 175 4415 221 4485; x_wconf 81' lang='lat' dir='ltr'>qui</span> <span class='ocrx_word' id='word_1_371' title='bbox 233 4413 364 4468; x_wconf 83' lang='lat' dir='ltr'>urirnbilis</span> <span class='ocrx_word' id='word_1_372' title='bbox 377 4424 484 4480; x_wconf 87' lang='lat' dir='ltr'>semper</span> <span class='ocrx_word' id='word_1_373' title='bbox 499 4414 610 4479; x_wconf 86' lang='lat' dir='ltr'>apparet</span> <span class='ocrx_word' id='word_1_374' title='bbox 628 4407 654 4461; x_wconf 96' lang='lat' dir='ltr'>in</span> <span class='ocrx_word' id='word_1_375' title='bbox 674 4406 767 4461; x_wconf 86' lang='lat' dir='ltr'>electis</span> <span class='ocrx_word' id='word_1_376' title='bbox 779 4407 844 4468; x_wconf 83' lang='lat' dir='ltr'>suis,</span> <span class='ocrx_word' id='word_1_377' title='bbox 896 4403 1016 4460; x_wconf 90' lang='lat' dir='ltr'>camdem</span> <span class='ocrx_word' id='word_1_378' title='bbox 1032 4401 1239 4472; x_wconf 83' lang='lat' dir='ltr'>descriptionem</span> <span class='ocrx_word' id='word_1_379' title='bbox 1256 4415 1459 4466; x_wconf 79' lang='lat' dir='ltr'>comensemnt.</span> <span class='ocrx_word' id='word_1_380' title='bbox 1470 4407 1600 4498; x_wconf 33' lang='lat' dir='ltr'>&#39;Dumque</span> <span class='ocrx_word' id='word_1_381' title='bbox 1617 4413 1688 4469; x_wconf 90' lang='lat' dir='ltr'>iniis</span> 
     </span>
     <span class='ocr_line' id='line_1_41' title="bbox 54 4493 1689 4580; baseline 0.004 -27"><span class='ocrx_word' id='word_1_382' title='bbox 54 4507 200 4580; x_wconf 69' lang='lat' dir='ltr'>quemdem</span> <span class='ocrx_word' id='word_1_383' title='bbox 215 4503 333 4557; x_wconf 89' lang='lat' dir='ltr'>libellum</span> <span class='ocrx_word' id='word_1_384' title='bbox 359 4500 430 4572; x_wconf 75' lang='lat' dir='ltr'>stylo</span> <span class='ocrx_word' id='word_1_385' title='bbox 457 4499 615 4570; x_wconf 89' lang='lat' dir='ltr'>simpliciori</span> <span class='ocrx_word' id='word_1_386' title='bbox 637 4497 789 4568; x_wconf 79' lang='lat' dir='ltr'>digestum,</span> <span class='ocrx_word' id='word_1_387' title='bbox 812 4498 846 4552; x_wconf 89' lang='lat' dir='ltr'>de</span> <span class='ocrx_word' id='word_1_388' title='bbox 896 4493 1293 4564; x_wconf 77' lang='lat' dir='ltr'>quarogsbmtpranomndis</span> <span class='ocrx_word' id='word_1_389' title='bbox 1305 4493 1470 4566; x_wconf 80' lang='lat' dir='ltr'>jamjamque</span> <span class='ocrx_word' id='word_1_390' title='bbox 1491 4498 1689 4572; x_wconf 81' lang='lat' dir='ltr'>animosappli-</span> 
     </span>
     <span class='ocr_line' id='line_1_42' title="bbox 54 4584 1688 4658; baseline -0.002 -7"><span class='ocrx_word' id='word_1_391' title='bbox 54 4599 110 4652; x_wconf 86' lang='lat' dir='ltr'>rita</span> <span class='ocrx_word' id='word_1_392' title='bbox 123 4594 290 4652; x_wconf 72' lang='lat' dir='ltr'>sanctissimi</span> <span class='ocrx_word' id='word_1_393' title='bbox 312 4608 344 4646; x_wconf 90' lang='lat' dir='ltr'>ac</span> <span class='ocrx_word' id='word_1_394' title='bbox 367 4606 431 4645; x_wconf 82' lang='lat' dir='ltr'>vere</span> <span class='ocrx_word' id='word_1_395' title='bbox 455 4587 592 4658; x_wconf 88' lang='lat' dir='ltr'>magniilci</span> <span class='ocrx_word' id='word_1_396' title='bbox 622 4585 787 4643; x_wconf 81' lang='lat' dir='ltr'>confessoris</span> <span class='ocrx_word' id='word_1_397' title='bbox 802 4585 847 4639; x_wconf 84' lang='lat' dir='ltr'>lli·</span> <span class='ocrx_word' id='word_1_398' title='bbox 896 4599 997 4648; x_wconf 87' lang='lat' dir='ltr'>carem‚</span> <span class='ocrx_word' id='word_1_399' title='bbox 1013 4594 1122 4654; x_wconf 88' lang='lat' dir='ltr'>repente</span> <span class='ocrx_word' id='word_1_400' title='bbox 1139 4584 1358 4654; x_wconf 81' lang='lat' dir='ltr'>restraepietatis</span> <span class='ocrx_word' id='word_1_401' title='bbox 1383 4586 1478 4639; x_wconf 82' lang='lat' dir='ltr'>nrrntio</span> <span class='ocrx_word' id='word_1_402' title='bbox 1494 4601 1554 4642; x_wconf 91' lang='lat' dir='ltr'>snm</span> <span class='ocrx_word' id='word_1_403' title='bbox 1568 4605 1688 4646; x_wconf 73' lang='lat' dir='ltr'>conten-</span> 
     </span>
    </p>
   </div>
   <div class='ocr_carea' id='block_1_13' title="bbox 55 4658 1798 4749">
    <p class='ocr_par' dir='ltr' id='par_1_19' title="bbox 55 4658 1798 4749">
     <span class='ocr_line' id='line_1_43' title="bbox 55 4658 1798 4749; baseline 0.003 -14"><span class='ocrx_word' id='word_1_404' title='bbox 55 4685 143 4742; x_wconf 66' lang='lat' dir='ltr'>ebeni</span> <span class='ocrx_word' id='word_1_405' title='bbox 155 4683 256 4739; x_wconf 84' lang='lat' dir='ltr'>cultius</span> <span class='ocrx_word' id='word_1_406' title='bbox 275 4682 443 4737; x_wconf 79' lang='lat' dir='ltr'>adnotarem.</span> <span class='ocrx_word' id='word_1_407' title='bbox 476 4678 597 4749; x_wconf 76' lang='lat' dir='ltr'>Dumque</span> <span class='ocrx_word' id='word_1_408' title='bbox 614 4677 848 4735; x_wconf 76' lang='lat' dir='ltr'>exauditisconti·</span> <span class='ocrx_word' id='word_1_409' title='bbox 899 4682 952 4737; x_wconf 83' lang='lat' dir='ltr'>tus,</span> <span class='ocrx_word' id='word_1_410' title='bbox 968 4676 1008 4731; x_wconf 88' lang='lat' dir='ltr'>uti</span> <span class='ocrx_word' id='word_1_411' title='bbox 1025 4689 1127 4745; x_wconf 79' lang='lat' dir='ltr'>euquae</span> <span class='ocrx_word' id='word_1_412' title='bbox 1142 4658 1294 4729; x_wconf 75' lang='lat' dir='ltr'>&#39;tractabam</span> <span class='ocrx_word' id='word_1_413' title='bbox 1305 4673 1345 4728; x_wconf 90' lang='lat' dir='ltr'>sic</span> <span class='ocrx_word' id='word_1_414' title='bbox 1358 4682 1492 4739; x_wconf 86' lang='lat' dir='ltr'>notarem,</span> <span class='ocrx_word' id='word_1_415' title='bbox 1507 4678 1579 4734; x_wconf 88' lang='lat' dir='ltr'>sicut</span> <span class='ocrx_word' id='word_1_416' title='bbox 1594 4696 1688 4737; x_wconf 82' lang='lat' dir='ltr'>revera</span> <span class='ocrx_word' id='word_1_417' title='bbox 1796 4683 1798 4688; x_wconf 85' lang='grc'><strong>’</strong></span> 
     </span>
    </p>
   </div>
   <div class='ocr_carea' id='block_1_14' title="bbox 58 4734 1690 5204">
    <p class='ocr_par' dir='ltr' id='par_1_20' title="bbox 58 4734 1690 5204">
     <span class='ocr_line' id='line_1_44' title="bbox 58 4734 1688 4847; baseline -0.004 -19"><span class='ocrx_word' id='word_1_418' title='bbox 58 4792 109 4833; x_wconf 83' lang='lat' dir='ltr'>nuo</span> <span class='ocrx_word' id='word_1_419' title='bbox 120 4775 249 4847; x_wconf 86' lang='lat' dir='ltr'>precibus</span> <span class='ocrx_word' id='word_1_420' title='bbox 261 4772 330 4843; x_wconf 79' lang='lat' dir='ltr'>ejus,</span> <span class='ocrx_word' id='word_1_421' title='bbox 343 4788 403 4843; x_wconf 82' lang='lat' dir='ltr'>qrrae</span> <span class='ocrx_word' id='word_1_422' title='bbox 417 4772 467 4842; x_wconf 85' lang='lat' dir='ltr'>ipsi</span> <span class='ocrx_word' id='word_1_423' title='bbox 481 4772 579 4826; x_wconf 76' lang='lat' dir='ltr'>divium</span> <span class='ocrx_word' id='word_1_424' title='bbox 589 4767 724 4836; x_wconf 82' lang='lat' dir='ltr'>majestati</span> <span class='ocrx_word' id='word_1_425' title='bbox 736 4766 847 4822; x_wconf 81' lang='lat' dir='ltr'>exaudi·</span> <span class='ocrx_word' id='word_1_426' title='bbox 862 4734 886 4792; x_wconf 70' lang='lat'>⁰</span> <span class='ocrx_word' id='word_1_427' title='bbox 898 4766 1036 4835; x_wconf 78' lang='lat' dir='ltr'>sapientise</span> <span class='ocrx_word' id='word_1_428' title='bbox 1050 4772 1146 4820; x_wconf 80' lang='lat' dir='ltr'>restrae</span> <span class='ocrx_word' id='word_1_429' title='bbox 1157 4763 1267 4818; x_wconf 71' lang='lat' dir='ltr'>arenbus</span> <span class='ocrx_word' id='word_1_430' title='bbox 1278 4751 1428 4817; x_wconf 75' lang='lat' dir='ltr'>inserenda.</span> <span class='ocrx_word' id='word_1_431' title='bbox 1441 4764 1509 4821; x_wconf 88' lang='lat' dir='ltr'>lliuc</span> <span class='ocrx_word' id='word_1_432' title='bbox 1531 4782 1584 4838; x_wconf 90' lang='lat' dir='ltr'>ego</span> <span class='ocrx_word' id='word_1_433' title='bbox 1592 4781 1670 4827; x_wconf 83' lang='lat' dir='ltr'>rorat</span> <span class='ocrx_word' id='word_1_434' title='bbox 1680 4788 1688 4822; x_wconf 77' lang='lat' dir='ltr'>r</span> 
     </span>
     <span class='ocr_line' id='line_1_45' title="bbox 59 4853 1686 4931; baseline -0.004 -10"><span class='ocrx_word' id='word_1_435' title='bbox 59 4866 164 4924; x_wconf 78' lang='lat' dir='ltr'>bilrset</span> <span class='ocrx_word' id='word_1_436' title='bbox 174 4868 266 4922; x_wconf 82' lang='lat' dir='ltr'>cbarac</span> <span class='ocrx_word' id='word_1_437' title='bbox 276 4873 433 4927; x_wconf 85' lang='lat' dir='ltr'>noscuntur,</span> <span class='ocrx_word' id='word_1_438' title='bbox 448 4863 572 4918; x_wconf 83' lang='lat' dir='ltr'>eumdem</span> <span class='ocrx_word' id='word_1_439' title='bbox 597 4862 663 4915; x_wconf 88' lang='lat' dir='ltr'>mibi</span> <span class='ocrx_word' id='word_1_440' title='bbox 677 4858 799 4914; x_wconf 80' lang='lat' dir='ltr'>exbiberi</span> <span class='ocrx_word' id='word_1_441' title='bbox 819 4857 848 4911; x_wconf 92' lang='lat' dir='ltr'>li·</span> <span class='ocrx_word' id='word_1_442' title='bbox 899 4858 1016 4921; x_wconf 83' lang='lat' dir='ltr'>notario,</span> <span class='ocrx_word' id='word_1_443' title='bbox 1031 4864 1059 4911; x_wconf 87' lang='lat' dir='ltr'>et</span> <span class='ocrx_word' id='word_1_444' title='bbox 1073 4854 1126 4909; x_wconf 82' lang='lat' dir='ltr'>tino</span> <span class='ocrx_word' id='word_1_445' title='bbox 1136 4869 1192 4927; x_wconf 79' lang='lat' dir='ltr'>prm</span> <span class='ocrx_word' id='word_1_446' title='bbox 1208 4853 1294 4909; x_wconf 87' lang='lat' dir='ltr'>oculis</span> <span class='ocrx_word' id='word_1_447' title='bbox 1307 4853 1364 4924; x_wconf 77' lang='lat' dir='ltr'>jau</span> <span class='ocrx_word' id='word_1_448' title='bbox 1380 4855 1452 4910; x_wconf 88' lang='lat' dir='ltr'>dicto</span> <span class='ocrx_word' id='word_1_449' title='bbox 1469 4856 1571 4925; x_wconf 87' lang='lat' dir='ltr'>libello,</span> <span class='ocrx_word' id='word_1_450' title='bbox 1584 4874 1617 4914; x_wconf 86' lang='lat' dir='ltr'>ca</span> <span class='ocrx_word' id='word_1_451' title='bbox 1628 4876 1686 4931; x_wconf 72' lang='lat' dir='ltr'>quur</span> 
     </span>
     <span class='ocr_line' id='line_1_46' title="bbox 60 4943 1687 5027; baseline -0.005 -18"><span class='ocrx_word' id='word_1_452' title='bbox 60 4956 154 5015; x_wconf 48' lang='lat' dir='ltr'>&amp;burn</span> <span class='ocrx_word' id='word_1_453' title='bbox 167 4954 323 5027; x_wconf 66' lang='lat' dir='ltr'>petiissem</span> <span class='ocrx_word' id='word_1_454' title='bbox 344 4968 396 5008; x_wconf 94' lang='lat' dir='ltr'>non</span> <span class='ocrx_word' id='word_1_455' title='bbox 407 4967 501 5024; x_wconf 88' lang='lat' dir='ltr'>parom</span> <span class='ocrx_word' id='word_1_456' title='bbox 517 4950 631 5004; x_wconf 86' lang='lat' dir='ltr'>miratus</span> <span class='ocrx_word' id='word_1_457' title='bbox 648 4960 708 5002; x_wconf 88' lang='lat' dir='ltr'>sum</span> <span class='ocrx_word' id='word_1_458' title='bbox 720 4960 768 5002; x_wconf 90' lang='lat' dir='ltr'>cur</span> <span class='ocrx_word' id='word_1_459' title='bbox 779 4945 847 5000; x_wconf 84' lang='lat' dir='ltr'>tanti</span> <span class='ocrx_word' id='word_1_460' title='bbox 899 4946 1001 5004; x_wconf 87' lang='lat' dir='ltr'>relerre</span> <span class='ocrx_word' id='word_1_461' title='bbox 1015 4944 1155 5003; x_wconf 84' lang='lat' dir='ltr'>uidebatur</span> <span class='ocrx_word' id='word_1_462' title='bbox 1165 4943 1198 5001; x_wconf 87' lang='lat' dir='ltr'>de</span> <span class='ocrx_word' id='word_1_463' title='bbox 1215 4945 1413 5012; x_wconf 80' lang='lat' dir='ltr'>conversione,</span> <span class='ocrx_word' id='word_1_464' title='bbox 1439 4948 1472 5004; x_wconf 89' lang='lat' dir='ltr'>de</span> <span class='ocrx_word' id='word_1_465' title='bbox 1489 4948 1626 5013; x_wconf 88' lang='lat' dir='ltr'>moribus,</span> <span class='ocrx_word' id='word_1_466' title='bbox 1653 4950 1687 5004; x_wconf 75' lang='lat' dir='ltr'>de</span> 
     </span>
     <span class='ocr_line' id='line_1_47' title="bbox 60 5035 1689 5116; baseline -0.006 -11"><span class='ocrx_word' id='word_1_467' title='bbox 60 5048 174 5105; x_wconf 73' lang='lat' dir='ltr'>murinis</span> <span class='ocrx_word' id='word_1_468' title='bbox 187 5046 338 5112; x_wconf 74' lang='lat' dir='ltr'>couiessor.</span> <span class='ocrx_word' id='word_1_469' title='bbox 354 5061 435 5116; x_wconf 82' lang='lat' dir='ltr'>quem</span> <span class='ocrx_word' id='word_1_470' title='bbox 451 5053 589 5101; x_wconf 82' lang='lat' dir='ltr'>tmtarum</span> <span class='ocrx_word' id='word_1_471' title='bbox 614 5039 743 5096; x_wconf 88' lang='lat' dir='ltr'>virtutum</span> <span class='ocrx_word' id='word_1_472' title='bbox 757 5053 849 5109; x_wconf 64' lang='lat' dir='ltr'>opere</span> <span class='ocrx_word' id='word_1_473' title='bbox 899 5035 1066 5092; x_wconf 86' lang='lat' dir='ltr'>coutinentia</span> <span class='ocrx_word' id='word_1_474' title='bbox 1083 5042 1112 5091; x_wconf 84' lang='lat' dir='ltr'>et</span> <span class='ocrx_word' id='word_1_475' title='bbox 1120 5036 1266 5092; x_wconf 86' lang='lat' dir='ltr'>sanctitate</span> <span class='ocrx_word' id='word_1_476' title='bbox 1280 5052 1344 5092; x_wconf 81' lang='lat' dir='ltr'>sere</span> <span class='ocrx_word' id='word_1_477' title='bbox 1359 5037 1689 5108; x_wconf 74' lang='lat' dir='ltr'>incomparabilimecnou</span> 
     </span>
     <span class='ocr_line' id='line_1_48' title="bbox 63 5127 1690 5204; baseline -0.006 -8"><span class='ocrx_word' id='word_1_478' title='bbox 63 5137 525 5204; x_wconf 64' lang='lat' dir='ltr'>mmronstsbaeqsemqne</span> <span class='ocrx_word' id='word_1_479' title='bbox 540 5133 628 5204; x_wconf 81' lang='lat' dir='ltr'>prisca</span> <span class='ocrx_word' id='word_1_480' title='bbox 642 5130 712 5185; x_wconf 86' lang='lat' dir='ltr'>iama</span> <span class='ocrx_word' id='word_1_481' title='bbox 732 5130 854 5186; x_wconf 72' lang='lat' dir='ltr'>usdrusu·</span> <span class='ocrx_word' id='word_1_482' title='bbox 899 5127 1064 5198; x_wconf 79' lang='lat' dir='ltr'>deglorioso</span> <span class='ocrx_word' id='word_1_483' title='bbox 1076 5127 1190 5182; x_wconf 86' lang='lat' dir='ltr'>transitu</span> <span class='ocrx_word' id='word_1_484' title='bbox 1209 5127 1268 5197; x_wconf 75' lang='lat' dir='ltr'>ejus</span> <span class='ocrx_word' id='word_1_485' title='bbox 1282 5129 1317 5184; x_wconf 87' lang='lat' dir='ltr'>ad</span> <span class='ocrx_word' id='word_1_486' title='bbox 1330 5128 1488 5195; x_wconf 84' lang='lat' dir='ltr'>Christum,</span> <span class='ocrx_word' id='word_1_487' title='bbox 1514 5146 1560 5187; x_wconf 84' lang='lat' dir='ltr'>seu</span> <span class='ocrx_word' id='word_1_488' title='bbox 1575 5131 1609 5189; x_wconf 83' lang='lat' dir='ltr'>de</span> <span class='ocrx_word' id='word_1_489' title='bbox 1622 5133 1690 5188; x_wconf 85' lang='lat' dir='ltr'>rela-</span> 
     </span>
    </p>
   </div>
   <div class='ocr_carea' id='block_1_15' title="bbox 62 5259 1689 5478">
    <p class='ocr_par' dir='ltr' id='par_1_21' title="bbox 62 5259 1689 5478">
     <span class='ocr_line' id='line_1_49' title="bbox 95 5259 1689 5337; baseline -0.004 -8"><span class='ocrx_word' id='word_1_490' title='bbox 95 5267 375 5328; x_wconf 63' lang='lat' dir='ltr'>trecassinensis</span> <span class='ocrx_word' id='word_1_491' title='bbox 392 5265 479 5337; x_wconf 81' lang='lat' dir='ltr'>llagni</span> <span class='ocrx_word' id='word_1_492' title='bbox 492 5263 525 5320; x_wconf 82' lang='lat' dir='ltr'>ad</span> <span class='ocrx_word' id='word_1_493' title='bbox 540 5261 848 5320; x_wconf 76' lang='lat' dir='ltr'>monasteriumCentu-</span> <span class='ocrx_word' id='word_1_494' title='bbox 900 5260 995 5315; x_wconf 77' lang='lat' dir='ltr'>landus</span> <span class='ocrx_word' id='word_1_495' title='bbox 1018 5259 1053 5315; x_wconf 81' lang='lat' dir='ltr'>ad</span> <span class='ocrx_word' id='word_1_496' title='bbox 1074 5259 1145 5315; x_wconf 73' lang='lat' dir='ltr'>mem</span> <span class='ocrx_word' id='word_1_497' title='bbox 1162 5260 1196 5315; x_wconf 72' lang='lat' dir='ltr'>ld</span> <span class='ocrx_word' id='word_1_498' title='bbox 1208 5259 1288 5315; x_wconf 80' lang='lat' dir='ltr'>Febr.</span> <span class='ocrx_word' id='word_1_499' title='bbox 1314 5270 1339 5316; x_wconf 82' lang='lat' dir='ltr'>et</span> <span class='ocrx_word' id='word_1_500' title='bbox 1365 5259 1534 5321; x_wconf 86' lang='lat' dir='ltr'>liabilronius</span> <span class='ocrx_word' id='word_1_501' title='bbox 1561 5265 1587 5319; x_wconf 93' lang='lat' dir='ltr'>in</span> <span class='ocrx_word' id='word_1_502' title='bbox 1611 5265 1689 5323; x_wconf 76' lang='lat' dir='ltr'>Actis</span> 
     </span>
     <span class='ocr_line' id='line_1_50' title="bbox 62 5328 1674 5418; baseline -0.011 -19"><span class='ocrx_word' id='word_1_503' title='bbox 62 5339 140 5405; x_wconf 64' lang='lat' dir='ltr'>bt.</span> <span class='ocrx_word' id='word_1_504' title='bbox 152 5341 244 5410; x_wconf 83' lang='lat' dir='ltr'>ibique</span> <span class='ocrx_word' id='word_1_505' title='bbox 258 5339 292 5394; x_wconf 82' lang='lat' dir='ltr'>nb</span> <span class='ocrx_word' id='word_1_506' title='bbox 302 5352 337 5393; x_wconf 86' lang='lat' dir='ltr'>eo</span> <span class='ocrx_word' id='word_1_507' title='bbox 350 5337 454 5392; x_wconf 83' lang='lat' dir='ltr'>Pascha</span> <span class='ocrx_word' id='word_1_508' title='bbox 474 5334 639 5391; x_wconf 84' lang='lat' dir='ltr'>celebratum</span> <span class='ocrx_word' id='word_1_509' title='bbox 653 5349 698 5387; x_wconf 85' lang='lat' dir='ltr'>an.</span> <span class='ocrx_word' id='word_1_510' title='bbox 709 5332 782 5414; x_wconf 53' lang='lat' dir='ltr'>libi),</span> <span class='ocrx_word' id='word_1_511' title='bbox 810 5339 849 5386; x_wconf 84' lang='lat' dir='ltr'>te-</span> <span class='ocrx_word' id='word_1_512' title='bbox 903 5328 952 5411; x_wconf 69' lang='lat' dir='ltr'>ss:</span> <span class='ocrx_word' id='word_1_513' title='bbox 967 5329 999 5385; x_wconf 85' lang='lat'>0.</span> <span class='ocrx_word' id='word_1_514' title='bbox 1014 5329 1123 5413; x_wconf 62' lang='lat'>⁸:⁸²⁰·</span> <span class='ocrx_word' id='word_1_515' title='bbox 1133 5344 1199 5412; x_wconf 73' lang='lat' dir='ltr'>sce.</span> <span class='ocrx_word' id='word_1_516' title='bbox 1220 5346 1256 5385; x_wconf 76' lang='lat' dir='ltr'>rr.</span> <span class='ocrx_word' id='word_1_517' title='bbox 1274 5330 1626 5418; x_wconf 34' lang='lat' dir='ltr'>bugilbertus&#39;c&#39;oronntiont</span> <span class='ocrx_word' id='word_1_518' title='bbox 1636 5337 1674 5393; x_wconf 66' lang='lat'>(32</span> 
     </span>
     <span class='ocr_line' id='line_1_51' title="bbox 64 5397 1688 5478; baseline -0.006 -10"><span class='ocrx_word' id='word_1_519' title='bbox 64 5420 167 5469; x_wconf 64' lang='lat' dir='ltr'>stow</span> <span class='ocrx_word' id='word_1_520' title='bbox 188 5407 307 5465; x_wconf 72' lang='lat' dir='ltr'>Annales</span> <span class='ocrx_word' id='word_1_521' title='bbox 325 5404 611 5478; x_wconf 80' lang='lat' dir='ltr'>Egiubardi,&#39;liliani‚</span> <span class='ocrx_word' id='word_1_522' title='bbox 632 5402 795 5466; x_wconf 64' lang='lat' dir='ltr'>lroisebam,</span> <span class='ocrx_word' id='word_1_523' title='bbox 823 5409 851 5455; x_wconf 88' lang='lat' dir='ltr'>et</span> <span class='ocrx_word' id='word_1_524' title='bbox 902 5400 952 5455; x_wconf 84' lang='lat' dir='ltr'>rolr</span> <span class='ocrx_word' id='word_1_525' title='bbox 966 5400 1054 5470; x_wconf 85' lang='lat' dir='ltr'>llagm</span> <span class='ocrx_word' id='word_1_526' title='bbox 1067 5397 1299 5455; x_wconf 78' lang='lat' dir='ltr'>adiurtannodbll</span> <span class='ocrx_word' id='word_1_527' title='bbox 1312 5417 1339 5456; x_wconf 89' lang='lat' dir='ltr'>rn</span> <span class='ocrx_word' id='word_1_528' title='bbox 1365 5399 1499 5458; x_wconf 83' lang='lat' dir='ltr'>llatalrtus</span> <span class='ocrx_word' id='word_1_529' title='bbox 1521 5402 1638 5473; x_wconf 66' lang='lat' dir='ltr'>(bnon,</span> <span class='ocrx_word' id='word_1_530' title='bbox 1661 5417 1688 5463; x_wconf 84' lang='lat' dir='ltr'>ct</span> 
     </span>
    </p>
   </div>
   <div class='ocr_carea' id='block_1_16' title="bbox 64 5469 1689 5761">
    <p class='ocr_par' dir='ltr' id='par_1_22' title="bbox 64 5469 1689 5761">
     <span class='ocr_line' id='line_1_52' title="bbox 188 5469 1340 5548; baseline -0.01 -13"><span class='ocrx_word' id='word_1_531' title='bbox 188 5479 235 5535; x_wconf 85' lang='lat' dir='ltr'>alii</span> <span class='ocrx_word' id='word_1_532' title='bbox 264 5478 419 5548; x_wconf 83' lang='lat' dir='ltr'>scriptores.</span> <span class='ocrx_word' id='word_1_533' title='bbox 447 5475 501 5533; x_wconf 86' lang='lat' dir='ltr'>Sed</span> <span class='ocrx_word' id='word_1_534' title='bbox 525 5475 612 5546; x_wconf 89' lang='lat' dir='ltr'>potuit</span> <span class='ocrx_word' id='word_1_535' title='bbox 637 5484 730 5543; x_wconf 85' lang='lat' dir='ltr'>postea</span> <span class='ocrx_word' id='word_1_536' title='bbox 750 5472 849 5529; x_wconf 89' lang='lat' dir='ltr'>ibidem</span> <span class='ocrx_word' id='word_1_537' title='bbox 902 5471 936 5525; x_wconf 80' lang='lat' dir='ltr'>ad</span> <span class='ocrx_word' id='word_1_538' title='bbox 952 5485 983 5526; x_wconf 84' lang='lat' dir='ltr'>su</span> <span class='ocrx_word' id='word_1_539' title='bbox 1019 5485 1065 5526; x_wconf 90' lang='lat' dir='ltr'>ros</span> <span class='ocrx_word' id='word_1_540' title='bbox 1074 5470 1181 5527; x_wconf 84' lang='lat' dir='ltr'>transiit</span> <span class='ocrx_word' id='word_1_541' title='bbox 1194 5484 1265 5525; x_wconf 85' lang='lat' dir='ltr'>anno</span> <span class='ocrx_word' id='word_1_542' title='bbox 1277 5469 1340 5525; x_wconf 81' lang='lat' dir='ltr'>tit.</span> 
     </span>
     <span class='ocr_line' id='line_1_53' title="bbox 64 5482 1689 5623; baseline -0.012 -15"><span class='ocrx_word' id='word_1_543' title='bbox 64 5482 230 5618; x_wconf 46' lang='lat' dir='ltr'>meum</span> <span class='ocrx_word' id='word_1_544' title='bbox 243 5549 301 5623; x_wconf 71' lang='lat' dir='ltr'>ism</span> <span class='ocrx_word' id='word_1_545' title='bbox 319 5549 430 5605; x_wconf 84' lang='lat' dir='ltr'>essetin</span> <span class='ocrx_word' id='word_1_546' title='bbox 449 5548 599 5618; x_wconf 78' lang='lat' dir='ltr'>Augrsstum</span> <span class='ocrx_word' id='word_1_547' title='bbox 621 5543 756 5601; x_wconf 71' lang='lat' dir='ltr'>Caesarem</span> <span class='ocrx_word' id='word_1_548' title='bbox 772 5557 850 5598; x_wconf 88' lang='lat' dir='ltr'>eoro-</span> <span class='ocrx_word' id='word_1_549' title='bbox 939 5553 950 5579; x_wconf 60' lang='grc' dir='ltr'><em>τ</em></span> <span class='ocrx_word' id='word_1_550' title='bbox 992 5541 1092 5595; x_wconf 84' lang='lat' dir='ltr'>odiccm</span> <span class='ocrx_word' id='word_1_551' title='bbox 1100 5539 1399 5621; x_wconf 64' lang='lat' dir='ltr'>alunbxoiditcodex</span> <span class='ocrx_word' id='word_1_552' title='bbox 1412 5540 1616 5616; x_wconf 66' lang='lat' dir='ltr'>istequigeera</span> <span class='ocrx_word' id='word_1_553' title='bbox 1626 5561 1689 5602; x_wconf 63' lang='lat' dir='ltr'>san.</span> 
     </span>
     <span class='ocr_line' id='line_1_54' title="bbox 66 5609 1689 5683; baseline 0.004 -18"><span class='ocrx_word' id='word_1_554' title='bbox 66 5632 149 5679; x_wconf 56' lang='lat' dir='ltr'>um,</span> <span class='ocrx_word' id='word_1_555' title='bbox 269 5635 273 5642; x_wconf 92' lang='lat'><strong>·</strong></span> <span class='ocrx_word' id='word_1_556' title='bbox 902 5611 938 5666; x_wconf 82' lang='lat' dir='ltr'>eti</span> <span class='ocrx_word' id='word_1_557' title='bbox 950 5609 1082 5676; x_wconf 78' lang='lat' dir='ltr'>liicburii.</span> <span class='ocrx_word' id='word_1_558' title='bbox 1096 5610 1198 5666; x_wconf 92' lang='lat' dir='ltr'>rudiori</span> <span class='ocrx_word' id='word_1_559' title='bbox 1209 5609 1277 5682; x_wconf 71' lang='lat' dir='ltr'>stylo</span> <span class='ocrx_word' id='word_1_560' title='bbox 1286 5611 1411 5683; x_wconf 80' lang='lat' dir='ltr'>digesta,</span> <span class='ocrx_word' id='word_1_561' title='bbox 1432 5627 1494 5668; x_wconf 88' lang='lat' dir='ltr'>oum</span> <span class='ocrx_word' id='word_1_562' title='bbox 1510 5612 1581 5670; x_wconf 86' lang='lat' dir='ltr'>libro</span> <span class='ocrx_word' id='word_1_563' title='bbox 1606 5616 1689 5671; x_wconf 63' lang='lat' dir='ltr'>mire-</span> 
     </span>
     <span class='ocr_line' id='line_1_55' title="bbox 97 5680 1578 5761; baseline -0.008 -14"><span class='ocrx_word' id='word_1_564' title='bbox 97 5691 215 5747; x_wconf 62' lang='lat' dir='ltr'>*titas</span> <span class='ocrx_word' id='word_1_565' title='bbox 229 5686 497 5761; x_wconf 60' lang='lat' dir='ltr'>Argilbertuffiujus</span> <span class='ocrx_word' id='word_1_566' title='bbox 512 5689 599 5744; x_wconf 79' lang='lat' dir='ltr'>b&#39;itaur</span> <span class='ocrx_word' id='word_1_567' title='bbox 613 5683 850 5741; x_wconf 77' lang='lat' dir='ltr'>illustraruntllul-</span> <span class='ocrx_word' id='word_1_568' title='bbox 902 5681 1025 5738; x_wconf 83' lang='lat' dir='ltr'>culorum</span> <span class='ocrx_word' id='word_1_569' title='bbox 1039 5680 1346 5736; x_wconf 70' lang='lat' dir='ltr'>munacianensis».</span> <span class='ocrx_word' id='word_1_570' title='bbox 1363 5680 1476 5738; x_wconf 67' lang='lat' dir='ltr'>Murrus.</span> <span class='ocrx_word' id='word_1_571' title='bbox 1571 5710 1578 5719; x_wconf 91' lang='lat'><strong>·</strong></span> 
     </span>
    </p>
   </div>
   <div class='ocr_carea' id='block_1_17' title="bbox 259 5775 1521 5847">
    <p class='ocr_par' dir='ltr' id='par_1_23' title="bbox 259 5775 1521 5847">
     <span class='ocr_line' id='line_1_56' title="bbox 259 5775 1521 5847; baseline -0.007 -1"><span class='ocrx_word' id='word_1_572' title='bbox 259 5787 399 5847; x_wconf 76' lang='lat' dir='ltr'>Prrnou.</span> <span class='ocrx_word' id='word_1_573' title='bbox 417 5781 468 5844; x_wconf 81' lang='lat' dir='ltr'>ct.</span> <span class='ocrx_word' id='word_1_574' title='bbox 1468 5775 1521 5837; x_wconf 70' lang='lat' dir='ltr'>‘m</span> 
     </span>
    </p>
   </div>
   <div class='ocr_carea' id='block_1_18' title="bbox 0 0 1886 6117">
    <p class='ocr_par' dir='ltr' id='par_1_24' title="bbox 0 0 1886 6117">
     <span class='ocr_line' id='line_1_57' title="bbox 0 0 1886 6117; baseline 0 0"><span class='ocrx_word' id='word_1_575' title='bbox 0 0 1886 6117; x_wconf 95' lang='lat' dir='ltr'> </span> 
     </span>
    </p>
   </div>
  </div>
 </body>
</html>
