3780 6120
130 305 182 363 Μ
416 304 626 364 mutuamus.
646 337 680 349 -
696 304 776 364 hut.
793 294 1045 362 runcantibus
1063 302 1118 360 vll.
1133 332 1168 344 -
1185 300 1293 358 EPIST.
1314 301 1476 360 PRAEVlAE.
1706 307 1758 363 129

124 422 186 475 nou
200 418 390 474 inconsuetum
403 415 467 485 quid
480 415 668 483 proterentes,
686 432 740 473 non
755 416 857 473 nomini
870 430 917 470 uo-
932 420 956 476 A
970 412 1063 478 irater,
1076 413 1195 468 omnium
1208 413 1323 469 tiliorum
1342 430 1411 485 quos
1423 415 1548 487 genuisti.
1560 416 1628 472 'iota
1640 432 1757 491 evange-

126 517 190 568 'stro
200 523 251 580 per
263 507 412 563 novitatem
425 504 573 577 cuiuslibet
590 505 719 563 doctrinm
737 521 834 561 vanam
855 520 920 561 uan-
972 504 1134 560 denclamat
1146 506 1756 577 auctoritas,omniaapostolorumprotestau·

129 606 223 654 tantm
232 594 353 660 lauda,
373 609 408 649 ne
421 594 593 652 inveniamur
614 594 850 666 reprehensibiles,
874 592 919 649 ubi
972 602 1017 650 tur
1035 594 1118 661 dicta,
1139 594 1232 650 mundi
1247 593 1361 651 latitudo
1371 597 1468 662 credit,
1484 597 1606 653 lionrana
1628 600 1758 669 praedicat

129 687 281 745 hudabilss
292 700 354 741 esse
368 684 592 744 desideravimus.
607 687 771 746 Convertere
784 685 812 740 in
825 699 872 755 spe
886 683 921 739 ad
971 682 1102 748 Ecclesia,
1115 682 1253 739 Christum
1267 681 1359 740 lesum
1372 700 1466 741 verum
1479 701 1539 742 esse
1553 687 1601 743 liei
1616 688 1714 744 Filium
1727 695 1756 744 et

129 775 216 849 784
228 775 337 830 Domini
359 775 409 833 liei
432 779 470 833 tui
485 778 683 834 sanctissimam
697 776 878 839 clementiam,
893 781 920 828 et
971 776 1110 847 proprium
1124 776 1333 847 :quidvultisei
1347 793 1444 833 nomen
1458 779 1575 850 adoptivi
1595 781 1757 852 imponere?

129 863 280 934 deprecare
296 877 360 922 eum
373 866 418 922 dic
431 874 584 936 noctuque,
599 874 630 920 ut
641 874 776 922 extremos
788 863 847 919 dies
860 862 920 918 vita
971 866 1040 935 Quid
1060 878 1103 922 est
1121 868 1263 939 adoptivus
1275 868 1360 936 lilius,
1385 871 1438 926 uisi
1453 869 1537 927 lalsus
1563 871 1656 928 illius?
1682 873 1716 928 tn
1733 875 1756 929 si

130 965 185 1014 tuae
198 956 226 1010 in
241 955 317 1014 siam
331 955 567 1013 veritatisetiidei
581 954 721 1012 catholica
740 967 834 1026 pacem
855 968 921 1009 cou-
971 956 1094 1015 Gbristus
1107 956 1185 1015 lesus
1199 958 1336 1016 ialsusest
1349 959 1487 1017 DeoPatri
1508 962 1608 1028 lilius,
1632 971 1659 1019 et
1673 963 1757 1037 (quod

129 1054 236 1114 vertat,
257 1063 293 1103 ue
307 1048 330 1102 si
355 1055 381 1102 tc
405 1047 449 1103 iric
473 1048 603 1103 sanctitas
621 1045 782 1102 umversalis
793 1044 921 1101 Ecclesia·
971 1049 1082 1119 impium
1093 1059 1135 1106 est
1146 1049 1247 1123 dicere)
1259 1049 1343 1105 ialsus
1352 1058 1427 1107 estet
1438 1053 1519 1118 Deus,
1528 1051 1595 1108 laisa
1606 1061 1648 1109 est
1657 1063 1686 1108 ct
1697 1062 1753 1109 tota

129 1148 263 1212 respuat,
282 1138 338 1196 illic
350 1147 378 1194 te
388 1138 417 1192 in
429 1147 532 1194 eterna
550 1152 618 1208 pace
630 1138 731 1194 babere
742 1136 919 1192 contradicat.
971 1140 1173 1197 nostraesalutis
1186 1140 1367 1213 dispensatim
1393 1142 1476 1213 quia,
1503 1145 1527 1199 si
1551 1145 1692 1215 adoptivus
1714 1153 1757 1201 est

132 1232 271 1288 lomento
283 1229 445 1286 senteutiam
465 1229 572 1284 Domini
587 1228 633 1283 llci
648 1226 759 1292 Christi,
770 1234 799 1282 et
808 1226 919 1297 privile·
971 1228 1043 1285 lilius
1054 1231 1082 1285 in
1092 1231 1271 1298 humanitate,
1285 1232 1427 1302 adoptivus
1437 1242 1466 1289 et
1480 1235 1550 1290 licus
1560 1234 1641 1291 homo
1657 1235 1756 1306 ulloqui

129 1326 207 1396 pium
221 1337 328 1394 magnas
345 1319 524 1385 auctoritatis,
540 1319 611 1389 quod
626 1333 682 1374 suae
695 1327 796 1375 sanctae
809 1328 920 1373 conoes-
971 1327 1052 1375 natus
1072 1328 1115 1375 cst
1139 1336 1172 1376 ex
1190 1320 1310 1392 Virgine.
1330 1322 1365 1377 Et
1377 1323 1441 1392 quid
1465 1331 1507 1378 est
1525 1324 1598 1395 quod
1612 1325 1755 1381 Psalmists

128 1416 169 1471 sit
182 1412 414 1471 Eutimiaedioesst
429 1429 435 1463 ἱ
450 1408 533 1464 ΑΜ
553 1409 612 1464 ἅὶθθ
627 1408 708 1473 'wilh
721 1408 784 1479 puta
797 1422 920 1477 quoeesn-
971 1410 1177 1467 tantularum
1199 1413 1233 1467 de
1249 1421 1320 1467 terra
1345 1424 1402 1468 orto
1417 1425 1454 1470 eat
1464 1415 1549 1487 (Psoi.
1566 1432 1676 1483 uxxxrv,
1693 1418 1757 1490 ιῖγὲ

129 1503 362 1576 quottipovevitis
372 1517 451 1572 snper
466 1509 573 1565 terram,
585 1499 749 1568 eronttipoto
759 1504 783 1551 et
794 1497 821 1550 in
831 1495 919 1561 cultu
971 1499 1037 1568 Quis
1051 1502 1147 1571 estqui
1159 1502 1192 1556 ad
1207 1503 1347 1559 dexteram
1359 1503 1406 1562 bei
1422 1506 1507 1572 sedet,
1529 1515 1556 1561 et
1569 1515 1699 1564 venturus
1711 1519 1754 1564 est

129 1606 331 1667 etqwmnqss
350 1591 477 1648 asturiis
487 1607 565 1662 super
576 1600 684 1659 terrant,
699 1585 918 1659 reliquaffluttb·
971 1593 998 1648 in
1012 1592 1233 1664 gloriajudieare
1260 1594 1337 1650 vivos
1363 1603 1392 1651 et
1417 1598 1557 1652 mortuosl
1582 1595 1621 1653 0!
1645 1599 1757 1669 quantis

128 1703 215 1752 xvtu,
229 1686 285 1757 ib.)
299 1686 370 1740 Ecce
382 1683 471 1757 qualis
484 1684 629 1740 auctoritas
648 1679 813 1738 metensi
828 1677 921 1734 Eucle-
972 1689 1127 1738 sauctorum
1137 1680 1249 1738 Patrum
1259 1684 1390 1754 exemplis
1404 1684 1475 1740 bane
1489 1685 1568 1741 iidem
1581 1685 1697 1756 probare
1706 1702 1755 1756 po-

128 1777 200 1842 siae,
214 1790 277 1830 ecce
289 1774 378 1845 qualis
390 1782 479 1828 terror
497 1771 684 1831 recedentibus
696 1771 730 1826 ab
743 1784 787 1825 ea.
810 1767 918 1823 Scimus
933 1755 957 1816 Β
970 1771 1019 1837 tui,
1030 1771 1102 1841 quod
1120 1770 1244 1827 Christus
1256 1770 1335 1829 lesus
1346 1788 1429 1829 verus
1442 1782 1485 1830 est
1498 1775 1553 1830 lieo
1564 1774 1638 1831 Patri
1651 1774 1754 1843 Filins;

129 1866 206 1922 enim
219 1870 505 1920 uuamessesanetam
529 1861 578 1917 liei
599 1860 763 1926 Ecclesiam,
779 1859 877 1929 dequo
891 1857 919 1913 in
968 1869 997 1917 et
1007 1876 1069 1916 mox
1089 1863 1294 1933 acouceptione
1311 1863 1452 1935 virginalis
1462 1865 1532 1920 uteri
1545 1882 1626 1924 verus
1639 1882 1756 1938 concep·

130 1953 263 2026 Symbolo
280 1952 416 2010 camolico
429 1954 575 2008 decantare
593 1950 737 2006 solemus:
760 1946 844 2002 Unum
857 1963 921 2002 son·
969 1964 1015 2012 tus
1029 1963 1071 2012 est
1088 1957 1176 2024 neus,
1199 1972 1281 2014 vem,
1294 1954 1419 2014 ernanus
1431 1959 1513 2015 peu„
1527 1958 1579 2016 spa
1604 1959 1670 2015 mihi
1691 1974 1755 2031 pm.

129 2059 201 2101 ctum
212 2044 369 2100 catholicam
382 2053 407 2099 et
418 2041 588 2114 apostolicum
602 2039 758 2095 Ecclesium.
778 2038 880 2108 Dequa
891 2043 920 2091 el
968 2044 1086 2115 positum
1104 2042 1154 2101 fuit
1175 2046 1394 2116 deprecatorias,
1414 2047 1547 2104 charitate
1565 2057 1690 2120 cogente,
1704 2064 1755 2121 ΡΜ

130 2138 188 2208 il>se
203 2133 507 2208 59005115‘1002012'5‘2
525 2129 584 2186 ΠΜ
596 2141 633 2187 ⁶⁸¹
645 2129 765 2186 ‘dimit
778 2146 846 2196 neo,
861 2144 921 2200 tm·
969 2135 1057 2192 salute
1074 2143 1120 2192 tua
1143 2144 1305 2208 tuorumque
1323 2145 1376 2194 tuae
1399 2140 1535 2195 sanctitati
1547 2139 1663 2212 dirigere
1685 2140 1757 2196 litte·

130 2229 201 2298 [ecto
211 2243 285 2293 mco,
298 2227 468 2282 immaculata
486 2240 556 2291 mea,
568 2223 649 2279 eona
660 2222 779 2295 penurici
790 2238 856 2277 son.
874 2221 920 2276 Vi·
969 2226 1054 2282 roias.

131 2317 227 2371 derum
258 2333 316 2371 eom
342 2317 424 2386 filio,
454 2325 479 2372 et
505 2315 682 2371 lectissimam
710 2311 919 2384 praedicaverunt
1004 2318 1036 2374 ll.
1053 2316 1172 2373 Plurima
1183 2318 1211 2373 in
1225 2319 1334 2390 scriptis
1349 2318 1483 2389 tuisjusta
1496 2329 1525 2376 et
1539 2336 1605 2376 vera
1615 2321 1757 2376 inveniun-

133 2407 221 2481 (Cant.
234 2424 272 2474 vv,
287 2409 328 2481 8.)
969 2417 1024 2464 tur.
1040 2408 1112 2464 Cave
1130 2425 1164 2465 ne
1178 2410 1206 2464 iu
1227 2410 1280 2466 boc
1294 2410 1352 2466 solo
1376 2409 1451 2483 [Ιι.,
1478 2413 1587 2477 seculo,
1613 2411 1754 2484 mendose]

165 2500 210 2557 ll.
228 2500 300 2556 Ecce
312 2499 503 2557 schismaticus
513 2512 589 2554 error
601 2503 707 2569 partem
721 2494 821 2566 rumpit
831 2493 865 2549 ab
875 2507 918 2558 ιι,
968 2501 1121 2572 adoptionis
1131 2501 1262 2556 nominea
1276 2502 1401 2557 sensibus
1410 2513 1567 2558 sanctorum
1578 2503 1690 2559 Patrum
1701 2502 1756 2558 dis-

133 2590 312 2647 etcbaritatis
327 2589 460 2645 unitatem
480 2587 634 2644 maculavit.
648 2586 732 2658 igilur
743 2585 771 2640 iu
783 2583 861 2640 nobit
876 2582 919 2637 vel
968 2592 1089 2658 semim
1103 2591 1158 2646 noli
1172 2592 1318 2648 misensus
1330 2607 1391 2648 cum
1401 2594 1566 2663 paucipesse
1578 2600 1693 2658 amator,
1707 2592 1754 2648 sed

132 2681 160 2735 in
175 2680 253 2736 tobit
266 2680 398 2736 remansit
415 2678 546 2735 Ecdessli·
568 2676 633 2732 ⁰¹¹ae
650 2675 721 2731 enlm
736 2681 826 2745 1³²?oess
843 2679 917 2738 ⁸⁰⁰¹,
968 2697 1031 2740 cum
1049 2681 1172 2752 plurimis
1186 2683 1311 2738 veritatis
1330 2692 1459 2739 assertor.
1484 2683 1528 2739 lle
1550 2683 1623 2738 enim
1643 2683 1756 2738 babebis

131 2781 158 2830 et
171 2789 227 2828 nou
240 2773 401 2829 &inuitatis
415 2770 569 2828 wncordit·
582 2769 646 2835 NOS,
661 2766 825 2823 l⁰l01111¹¹¹d0
837 2774 917 2829 teste,
968 2774 996 2829 in
1005 2773 1106 2830 Christi
1124 2773 1258 2829 charitate
1267 2781 1320 2829 tuas
1329 2773 1424 2829 salutis
1434 2773 1551 2839 fidelem,
1564 2780 1695 2844 quantum
1708 2789 1756 2828 va·

131 2864 284 2923 clamamus
295 2862 434 2919 Christum
453 2876 548 2917 verum
570 2860 618 2915 liei
641 2873 702 2916 esse
724 2856 829 2923 tilium,
849 2854 919 2910 sicut
968 2861 1585 2932 100,conponentem3etsioeeum10queoer‚
1600 2862 1756 2934 mataps.

128 2954 252 3012 loauucs
264 2955 319 3011 beo
329 2955 444 3011 dilectus
462 2953 608 3024 discipulus
626 2959 688 3023 pust
700 2950 784 3006 multa
798 2948 919 3004 testimo-
968 2965 1060 3007 serem
1072 2958 1163 3006 tecum
1177 2950 1282 3006 discere
1296 2966 1357 3022 qum
1368 2961 1432 3007 vera
1446 2960 1509 3007 sunt
1526 2958 1553 3006 et
1564 2951 1627 3007 [idei
1640 2952 1756 3007 catholi-

129 3054 177 3108 uia
191 3066 255 3122 φη
265 3051 294 3106 in
311 3048 456 3121 Evangelio
469 3062 518 3103 suo
533 3047 566 3103 de
578 3044 710 3116 unigeniti
724 3042 864 3098 nativitate
875 3055 918 3095 se-
968 3056 1008 3097 oas
1018 3049 1212 3098 consentanea.
1226 3040 1313 3097 Nolim
1323 3050 1350 3098 te
1363 3043 1477 3113 perdere
1489 3041 1608 3097 laborem
1624 3041 1756 3113 religiosa

128 3142 250 3198 cundum
260 3155 370 3198 carnem
381 3138 525 3211 protestari
537 3137 615 3202 solet,
631 3136 684 3190 boc
694 3133 815 3189 addidit:
830 3130 917 3185 linita
930 3099 954 3166 c
967 3135 1049 3199 vitae,
1068 3149 1149 3206 mern
1171 3149 1222 3205 pro
1245 3133 1346 3190 Christi
1370 3136 1479 3190 nomine
1493 3135 1528 3190 ab
1548 3135 1657 3191 ineunte
1678 3142 1757 3190 aute

127 3233 234 3305 quidem
248 3243 272 3286 et
283 3231 338 3286 atio
352 3233 427 3302 sipon
444 3229 504 3300 {ecit
515 3228 593 3283 iesus
609 3227 637 3281 in
652 3234 789 3296 conspectu
803 3222 918 3292 discipo-
969 3222 1140 3288 sustinuisti,
1159 3238 1195 3278 ne
1217 3223 1325 3279 dicatur
1338 3223 1406 3290 tibi,
1430 3230 1506 3278 tanta
1524 3222 1672 3294 patiebaris
1697 3223 1756 3278 sinc

128 3325 298 3396 lannoius,
316 3341 375 3395 qun
387 3341 440 3378 non
455 3330 516 3378 sant
539 3321 635 3390 scripto
657 3318 685 3373 in
698 3316 764 3371 libro
778 3316 836 3370 noc.
853 3312 918 3369 linc
968 3326 1061 3369 causa.
1083 3313 1166 3379 Veni,
1191 3313 1287 3381 irater,
1309 3314 1390 3380 veni,
1409 3312 1534 3369 Christus
1551 3322 1578 3369 te
1596 3320 1688 3380 vocat;
1704 3313 1756 3369 lic·

129 3427 219 3470 sutus
243 3416 342 3485 scripto
361 3422 431 3478 sont,
451 3422 479 3467 ut
493 3410 606 3466 credatis
626 3409 688 3480 quio
703 3408 779 3464 lesus
798 3405 918 3460 Christus
968 3404 1051 3460 alesia
1069 3412 1096 3460 te
1114 3404 1259 3470 desiderat,
1275 3419 1369 3460 omnes
1387 3405 1475 3461 sancti
1487 3413 1514 3460 te
1527 3405 1613 3460 ciuem
1626 3403 1755 3473 concupi·

129 3503 217 3561 futu
230 3504 282 3560 Dei
293 3502 405 3576 [supple
415 3500 474 3575 est],
491 3511 514 3556 et
527 3510 555 3555 ut
568 3499 700 3555 credentes
710 3498 789 3554 titum
800 3495 917 3551 babentia
967 3501 1056 3550 scunt.

130 3599 157 3652 is
167 3598 275 3652 nomine
291 3596 373 3667 ipsius
388 3594 479 3665 (loon.
493 3609 540 3660 xx,
556 3591 600 3656 50,
615 3591 672 3660 bl).
697 3588 766 3658 Quid
780 3597 841 3658 post
864 3588 918 3643 tale
1002 3584 1047 3641 Vl,
1066 3582 1147 3656 785
1162 3584 1221 3641 Etsi
1238 3586 1305 3641 mibi
1318 3601 1372 3643 nou
1385 3593 1457 3642 esset
1473 3587 1501 3641 in
1521 3593 1611 3642 ments
1623 3587 1755 3658 exemplis

130 3687 280 3744 tonitruum
293 3688 437 3754 dubitatis,
453 3685 585 3758 iungentes
602 3683 770 3739 nativitatem
785 3680 844 3754 [F.,
856 3687 918 3751 post
966 3686 1056 3736 tecum
1070 3695 1161 3751 agere,
1173 3681 1221 3735 sed
1234 3680 1370 3750 precibus,
1384 3687 1473 3735 tamen
1485 3694 1520 3734 ex
1532 3680 1655 3749 plurimis
1668 3696 1755 3751 pauca

129 3780 311 3851 nativitatem]
327 3778 399 3834 illius
414 3793 512 3832 novum
526 3775 679 3846 adoptionis
688 3787 797 3838 nomen,
806 3773 878 3843 quod
889 3772 917 3826 iu
965 3785 1123 3842 proponam,
1133 3778 1164 3826 ut
1177 3771 1200 3826 si
1210 3786 1278 3826 meas
1291 3771 1433 3841 parvitatis
1444 3770 1541 3826 litteris
1554 3787 1607 3826 non
1618 3769 1753 3839 flecteris,

128 3876 188 3924 tota
196 3868 305 3925 leteris
316 3867 437 3938 Notique
447 3865 612 3923 Testamenti
626 3863 697 3920 serie
706 3878 760 3919 nort
770 3862 914 3918 invenitur.
966 3870 1122 3918 sauctorum
1144 3860 1254 3917 Patrum
1272 3860 1413 3917 catholicis
1434 3862 1558 3917 sensibus
1573 3861 1602 3916 iu
1626 3861 1697 3918 viam
1710 3863 1755 3918 de-

126 3957 304 4034 Cuguoscitc,
317 3960 368 4015 viri
394 3956 508 4025 iratres,
527 3971 607 4028 quam
629 3969 743 4025 parvum
756 3950 917 4008 esthristn
966 3953 1075 4009 ducaris
1087 3952 1221 4008 veritatis.

125 4040 196 4117 heo,
208 4066 264 4105 non
277 4050 379 4105 babere
393 4047 494 4104 electos
519 4047 546 4102 in
569 4047 622 4101 hoc
635 4043 747 4108 mundo,
765 4057 846 4113 quam
867 4057 916 4098 vos
1001 4041 1101 4100 Beatus
1112 4043 1240 4108 llilarius,
1260 4041 1357 4099 doctor
1379 4042 1522 4108 mirabilis,
1536 4042 1650 4098 etomni
1663 4042 1755 4099 Eccle·

125 4154 250 4214 paucos,
262 4141 386 4196 latiorem
400 4154 453 4195 non
467 4139 567 4194 babere
577 4134 738 4200 Ecclesiam,
752 4147 834 4203 quarn
844 4132 915 4186 intra
966 4133 1013 4190 siae
1026 4134 1076 4189 Dei
1100 4132 1242 4189 laudabilis
1268 4133 1296 4188 in
1309 4149 1336 4188 vr
1358 4131 1427 4187 libro
1447 4132 1538 4203 operis
1561 4131 1753 4203 pulcherrimi,

126 4232 373 4305 mgustiaevestrae
395 4228 524 4285 terminos
550 4227 640 4282 sitam.
669 4222 720 4280 Ubi
738 4233 780 4279 est
795 4229 915 4293 potestas
965 4222 1656 4295 quemuecatholicaddeiprotessioneedidit,pon
1670 4223 1754 4278 muita

125 4324 216 4381 Petro
228 4320 342 4393 principi
355 4318 534 4392 apostolorum
548 4316 632 4372 data:
652 4312 691 4368 To
716 4330 743 4368 et
766 4311 877 4379 Petrus,
890 4322 914 4367 et
965 4312 1087 4370 verinus
1108 4313 1262 4370 testimonia
1281 4313 1319 4370 ita
1340 4314 1432 4369 intulit
1455 4313 1526 4387 (Lib.
1539 4330 1565 4371 vv
1589 4313 1622 4369 ds
1645 4313 1753 4377 Trinit,

125 4411 297 4487 supernans
319 4421 415 4481 utram
440 4406 574 4479 oedipieuio
602 4403 747 4460 Ecclesium
769 4419 870 4468 neum,
888 4409 915 4458 et
965 4421 994 4459 n.
1008 4403 1053 4474 Ἠ)
1069 4423 1075 4459 :
1094 4403 1414 4476 adstipuetursaneboo
1425 4404 1621 4460 communionis
1635 4402 1754 4459 inchri-

127 4513 230 4560 smtera
246 4515 330 4571 usque
345 4516 352 4555 :
366 4499 488 4556 culorum
513 4496 620 4570 (lintris.
645 4510 702 4560 xvv,
717 4492 775 4565 l8)i
788 4491 915 4563 Nunqnid
965 4501 1009 4549 sto
1021 4509 1129 4559 nomen,
1144 4501 1174 4548 ut
1188 4492 1273 4550 Filius
1285 4494 1331 4560 sit,
1342 4493 1366 4548 si
1387 4493 1419 4549 de
1442 4507 1576 4564 quoquam
1588 4490 1689 4547 dictum
1712 4505 1756 4546 re·

127 4596 319 4667 hmcpotestas
331 4594 366 4649 ab
380 4603 414 4649 eo
427 4592 516 4648 ablata
536 4596 587 4655 est,
612 4596 640 4643 et
652 4587 701 4642 tibi
724 4585 833 4651 tradita,
848 4599 916 4656 qua·
964 4583 1103 4655 periatur:
1122 4582 1174 4639 llic
1192 4592 1230 4638 est
1254 4580 1341 4636 Filios
1354 4598 1427 4636 mm
1444 4579 1551 4652 (Metti.
1575 4594 1616 4644 ιιι,
1630 4576 1687 4651 ll).
1705 4576 1754 4633 Sin

126 4694 208 4742 tenus
218 4684 373 4756 superteiu
385 4681 437 4739 due
449 4679 548 4744 meoli,
559 4688 587 4734 et
597 4678 624 4732 in
635 4674 733 4747 angulo
742 4671 835 4729 mundi
845 4689 915 4729 nova
966 4688 1030 4731 vero
1047 4675 1184 4745 proprium
1207 4688 1240 4728 ac
1263 4671 1400 4742 singulare
1421 4671 1446 4724 ei
1465 4679 1526 4725 cst:
1543 4667 1595 4723 liic
1609 4677 1646 4726 nt
1667 4666 1690 4721 F
1692 4668 1754 4724 ilius

126 4773 278 4830 aedificetur
290 4772 421 4838 Ecclesia,
441 4780 468 4826 et
481 4767 635 4840 apostolicis
656 4763 847 4819 inconveniens
860 4771 915 4818 tra·
965 4781 1050 4831 meus,
1062 4765 1126 4834 quid
1140 4763 1301 4819 calumniam
1320 4761 1376 4817 lieo
1392 4760 1467 4815 Patri
1489 4759 1611 4831 prolerre
1630 4760 1663 4816 de
1686 4759 1755 4815 Filio

127 4865 295 4924 ditionibus?
307 4865 410 4922 (lavem
424 4864 577 4935 diligenter,
593 4858 678 4915 irater
691 4856 860 4921 reiterando,
881 4869 916 4910 ue
966 4854 1139 4925 proprietatis
1149 4852 1313 4909 asserimus?
1322 4852 1398 4908 Anne
1412 4852 1460 4907 tibi
1471 4853 1499 4908 in
1513 4853 1630 4924 eoquod
1644 4851 1751 4914 dicitur,

128 4957 187 5012 haec
208 4955 353 5012 aedidcatio
377 4963 421 5009 tua
437 4967 518 5024 super
530 4965 641 5006 arenam
658 4948 715 5014 dut,
735 4951 763 4999 et
784 4946 819 5001 sit
839 4943 916 4999 labor
967 4943 1068 5009 tricast,
1084 4959 1137 5000 non
1151 4942 1490 5014 boesiguiicarivideturi
1505 4943 1755 5014 Aliosquidemso

129 5054 192 5102 tuus
203 5045 231 5100 in
244 5045 326 5102 domo
336 5044 423 5101 aliena
439 5062 446 5097 ι
461 5042 567 5111 Surge,
582 5040 631 5107 dli,
646 5054 726 5112 surge
743 5046 770 5094 et
780 5043 915 5093 revertere
967 5034 1137 5106 gnominatos
1147 5033 1182 5089 ab
1196 5048 1228 5088 eo
1254 5034 1379 5101 infilius,
1394 5036 1441 5092 sed
1452 5035 1680 5091 bicdiliusmeus
1692 5037 1751 5085 est:

128 5136 162 5191 sd
187 5135 298 5191 Patrem
325 5142 415 5200 tuum,
440 5143 468 5189 et
488 5133 517 5189 iu
540 5132 671 5205 gremium
698 5138 797 5185 sancta
819 5124 914 5182 matris
967 5123 1065 5182 donavi
1081 5124 1231 5195 adoptionis
1241 5125 1364 5197 plurimis
1378 5141 1485 5192 nomen,
1498 5125 1547 5180 sed
1565 5125 1615 5179 iste
1629 5118 1755 5177 mibiFi-

127 5225 268 5283 Eoelesiae.
280 5225 327 5282 Pia
338 5234 381 5282 est
392 5232 493 5292 uvater3
509 5233 536 5280 te
549 5225 637 5295 ipsum
649 5221 785 5293 recollige,
795 5230 913 5286 ovesque
967 5215 1020 5272 lius
1031 5223 1073 5272 est
1084 5230 1092 5270 ι
1105 5229 1140 5270 ue
1154 5230 1258 5286 quaeras
1267 5217 1360 5284 dium,
1374 5232 1474 5272 nonon
1488 5215 1560 5270 bunc
1571 5225 1631 5267 osse
1641 5212 1752 5278 crodas;

128 5326 190 5376 tuns
208 5328 298 5377 tecum
320 5319 349 5375 in
371 5317 441 5374 ovile
464 5315 582 5383 Christi,
602 5329 671 5385 quas
684 5314 742 5385 ipse
762 5309 797 5367 ob
815 5309 914 5365 trinam
968 5306 1040 5363 bunc
1065 5322 1116 5378 ego
1138 5313 1267 5378 tanquam
1290 5307 1371 5379 digno
1393 5304 1475 5379 [Hit.,
1487 5301 1582 5376 digito]
1597 5301 1702 5368 indice,
1721 5315 1754 5357 ac

128 5411 307 5468 mimium
325 5410 440 5482 gloriam
460 5408 541 5464 beato
554 5407 635 5463 Petro
648 5403 760 5476 principi
778 5399 914 5474 apostolo·
967 5397 1042 5456 verbi
1055 5399 1250 5470 significatione
1259 5399 1393 5469 contingo,
1409 5412 1462 5468 qua
1479 5395 1556 5452 dico:
1575 5405 1599 5451 ct
1612 5411 1684 5450 mess
1702 5403 1752 5460 est,

129 5477 187 5559 rum
213 5503 366 5575 pascendas
382 5501 600 5566 commendavit,
614 5510 758 5569 congrega.
786 5491 914 5565 Nunqoid
967 5499 991 5546 et
1004 5490 1047 5544 laic
1058 5499 1105 5555 est,
1114 5489 1257 5545 Filiosest.
1264 5488 1335 5557 Quid
1343 5495 1404 5559 post
1414 5489 1473 5544 baec
1486 5486 1663 5560 intelligentia
1670 5483 1752 5559 [llil.,

129 5599 171 5668 qni
193 5597 303 5663 dormit,
325 5612 378 5651 non
399 5594 519 5666 adjiciet,
531 5601 560 5648 ut
575 5599 694 5663 restituat
708 5583 794 5661 (Pull-
808 5602 854 5650 ss·
866 5583 914 5656 9l²
966 5578 1159 5653 inoeffisseffllae]
1171 5580 1269 5650 1¹⁰terit
1279 5593 1348 5643 “⁸02
1360 5593 1395 5633 ¹¹⁸
1418 5592 1472 5634 ΜΠ
1496 5593 1556 5634 0⁸⁵0
1574 5573 1717 5634 immi?
1740 5591 1750 5627 ’

130 5686 186 5747 bati
213 5687 377 5746 ermenero
397 5686 534 5750 converti,
561 5683 615 5742 noli
630 5681 768 5754 despicere
790 5677 913 5743 animas,
967 5671 1033 5728 ltern
1046 5670 1103 5741 ipsc
1116 5670 1143 5728 in
1165 5670 1260 5728 eodem
1283 5669 1352 5727 libro
1364 5667 1457 5742 (titt,
1470 5682 1544 5725 uum.
1559 5666 1625 5740 56)·.
1643 5663 1755 5721 ‹Genu-
