3780 6120
79 270 131 324 uit
477 261 640 318 mutatus.
659 262 753 317 --DE
771 259 904 319 courir.
925 260 968 314 ET
986 258 1036 312 SS.
1054 256 1151 313 utut.
1167 255 1311 313 EBORAC.
1655 257 1707 313 dit

79 379 208 437 licliiduo
218 375 309 432 dtrlces
325 384 451 432 eructans
463 386 574 447 pectore
588 392 694 444 succos,
884 381 907 436 Α
921 371 984 426 lude
995 372 1105 427 domum
1118 371 1235 435 rediens,
1247 386 1263 425 ²
1275 369 1384 440 1138111118
1396 376 1476 438 &idue
1490 369 1605 424 1111)ΰῦῑὸ

78 471 165 538 Quem
180 482 242 522 mox
254 482 269 520 a
282 465 377 535 primis
393 467 462 521 ratio
473 466 653 535 pulcherrima
665 467 741 521 cunis
920 463 1020 517 hoctor
1039 462 1188 517 honorifice
1201 477 1323 516 summus
1333 469 1475 530 susceptus
1487 461 1586 532 ubique
1596 470 1648 518 cst.

77 560 226 631 Corripuit,
242 572 333 612 rerum
348 572 536 627 summamque
549 559 664 614 vehebat
678 559 705 613 in
719 573 820 621 arcem,
923 554 957 610 Ut
966 563 1028 624 pote
1041 569 1120 624 quem
1133 553 1225 623 magui
1238 568 1318 624 reges
1332 554 1449 608 retinere
1468 552 1604 621 volebant,

78 651 213 708 Doctrinu
224 649 346 721 pandens
356 649 395 702 ilii
409 656 515 704 secreta
533 649 642 718 sopbiae.
920 645 973 712 Qui
986 661 1034 700 sua
1049 661 1113 700 rura
1124 644 1211 701 fluens
1224 647 1316 701 divino
1329 661 1392 701 rore
1404 647 1514 714 rigaret.

78 741 130 798 llic
142 742 193 796 1311
205 755 270 810 ergo
288 740 356 794 satis
369 738 449 794 claris
462 740 628 809 genitoribus
640 746 725 804 ortus,
920 737 961 791 hri
978 737 1030 792 sibi
1045 739 1092 795 sed
1103 754 1253 808 properans
1271 739 1404 810 praeiinlta
1417 740 1487 796 lacta
1501 741 1639 812 magister,

78 839 119 894 Ex
134 850 248 906 quorum
264 849 328 889 cura
339 833 436 888 studiis
450 847 510 886 mox
524 833 641 888 traditur
658 833 747 898 almis,
921 826 1099 895 Dispensassle
1113 828 1180 893 00⁰2
1192 829 1287 898 1111111ῖῦ
1301 829 1441 899 1110119586,
1452 832 1567 887 ‘edibil-

78 928 167 997 Atque
178 924 345 981 monasterio
358 922 505 992 puerilibus
519 922 622 977 inditur
635 923 725 987 anuis,
922 920 990 975 Nam
1002 923 1127 992 proprias
1145 932 1286 993 postquam
1302 924 1389 979 iuerat
1403 925 1508 981 delatus
1520 927 1548 980 in
1558 941 1630 993 oras,

79 1016 211 1073 Sensibus
224 1023 254 1069 ut
269 1013 371 1082 fragilis
384 1013 470 1067 sacris
484 1011 651 1067 adolesceret
662 1023 738 1067 actas.
921 1011 982 1067 Mox
997 1014 1159 1081 pastoralem
1174 1015 1329 1083 compulsus
1343 1032 1449 1072 sumere
1463 1034 1566 1084 curam,

79 1107 118 1162 lie
129 1120 213 1176 puero
222 1119 273 1159 uec
287 1117 363 1158 cassa
378 1101 427 1155 init
440 1117 502 1170 spes
515 1108 590 1156 tanta
603 1109 755 1170 parentum.
921 1102 1044 1160 Efficitur
1056 1120 1189 1170 summus,
1203 1107 1302 1177 populo
1318 1109 1461 1178 rogitante,
1478 1112 1604 1166 sacerdos

79 1196 139 1253 iam
153 1211 220 1266 puer
234 1193 360 1266 egregius
375 1192 515 1248 crescebat
529 1205 643 1260 corpore
656 1200 797 1262 quantum,
921 1192 1098 1265 Officiumque
1113 1196 1170 1251 suis
1183 1199 1288 1253 meritis
1298 1199 1473 1254 decoraverat
1485 1201 1573 1267 almis,

80 1289 190 1359 ingenio
204 1296 309 1341 tantum
323 1284 452 1338 librorum
462 1282 631 1352 proficiebat.
921 1284 1030 1342 Ordinis
1049 1296 1130 1358 atque
1145 1289 1232 1344 hortus
1249 1298 1396 1360 pastorque
1409 1300 1535 1360 repertus
1550 1293 1650 1364 ubique
1658 1299 1712 1352 esl-

80 1379 127 1434 Sic
140 1377 244 1432 meritis
260 1389 386 1431 crescens
399 1373 478 1428 annis
489 1382 518 1427 et
529 1380 621 1427 mente
634 1373 734 1442 sagaci,
922 1375 1045 1447 Namque
1061 1379 1188 1433 tuebatur
1200 1381 1321 1434 divinum
1334 1389 1428 1437 cautus
1440 1383 1519 1450 ovile,

79 1468 141 1524 lam
152 1468 232 1523 levita
244 1481 322 1521 sacer
336 1464 469 1534 condigno
484 1473 527 1519 est
539 1465 634 1520 ordine
646 1463 744 1519 iactus.
923 1466 982 1526 Ulia
996 1483 1029 1523 ex
1044 1479 1121 1539 parte
1140 1471 1219 1540 lupus
1233 1472 1334 1528 Christi
1350 1489 1384 1528 ne
1395 1474 1504 1530 laederet
1517 1491 1611 1546 agnos,

80 1558 237 1614 iiuncbene
248 1558 311 1611 dum
321 1554 384 1610 felix
410 1556 568 1611 adolescens
590 1558 675 1627 gessit
690 1558 831 1622 horrorem,
921 1557 968 1611 lile
985 1560 1083 1628 quibus
1096 1563 1167 1616 sacri
1182 1562 1329 1630 praestabat
1340 1563 1438 1631 pabula
1454 1565 1550 1629 verbi;

79 1647 145 1703 lura
158 1646 302 1703 sacerdotii
316 1643 424 1713 juvenis
435 1646 555 1714 suscepit
567 1647 716 1702 honestus:
922 1646 961 1702 h'e
974 1648 1033 1705 sitis
1047 1660 1129 1718 atque
1142 1650 1227 1706 lomes
1238 1651 1294 1706 3113
1306 1661 1418 1707 vexaret
1428 1652 1536 1708 acerbo.

55 1732 59 1739 ’
80 1738 222 1794 Cresceret
231 1744 262 1790 ut
275 1735 412 1807 gradibus,
429 1736 533 1790 meritis
547 1735 593 1804 qui
607 1745 731 1791 creverat
739 1736 829 1791 almis.
888 1715 962 1794 Blle
972 1754 1106 1810 gregeque
1120 1751 1244 1797 errantes
1258 1743 1341 1797 eremi
1356 1758 1405 1813 per
1415 1744 1491 1798 devia
1507 1752 1591 1800 vasta

118 1828 200 1900 256
211 1826 286 1882 Tunc
296 1826 356 1896 pius
366 1833 395 1881 ct
408 1825 528 1895 prudens
538 1823 634 1882 doctor
646 1826 818 1897 simulatque
830 1841 874 1882 su-
924 1828 966 1883 hd
985 1829 1092 1884 Domini
1112 1830 1205 1888 333133
1221 1831 1342 1888 humeris
1355 1834 1501 1889 revehebat
1513 1837 1626 1893 amicis:

715 1915 836 1988 [cerdos‚
924 1919 1105 1990 Nolentesque
1117 1923 1192 1992 sequi
1207 1922 1314 1992 placido
1326 1938 1452 1980 sermone
1466 1934 1609 1982 vocantem

80 2012 259 2084 Pontificique
271 2027 363 2067 comes
375 2011 490 2082 Ecgbert
508 2010 667 2080 conjunctus
682 2011 806 2075 adhaesit,
924 2009 1082 2081 insequitur
1092 2012 1164 2082 juris
1178 2014 1329 2071 terroribus
1341 2024 1423 2087 atque
1438 2017 1560 2090 flagellis.

80 2103 130 2161 Cui
145 2117 251 2173 quoquc
263 2102 411 2173 sanguineo
425 2101 514 2158 lucrat
525 2100 584 2172 jam
594 2099 657 2170 iure
669 2101 845 2173 propinquus.
924 2100 980 2157 Nec
993 2104 1049 2174 regi
1062 2112 1110 2158 aut
1119 2102 1233 2160 ducibus
1244 2106 1333 2175 justus
1345 2109 1473 2176 parcebat
1488 2110 1598 2179 iniquis.

80 2196 104 2250 h
117 2210 172 2265 qno
185 2193 311 2250 delensor
322 2194 395 2249 clero
408 2194 563 2249 decernitur
573 2192 658 2260 omni,
924 2190 979 2247 Sed
989 2206 1077 2263 neque
1091 2194 1220 2261 decrevit,
1235 2211 1362 2251 curarum
1376 2198 1494 2268 ponde'ra
1505 2210 1627 2272 propter,

82 2287 117 2342 Et
130 2287 209 2342 simul
225 2287 357 2342 Euburica
368 2287 510 2358 praeiertur
521 2287 548 2341 in
561 2286 627 2341 urbe
641 2286 781 2357 magister.
924 2279 1080 2351 Scripturas
1093 2282 1201 2340 iervens
1219 2286 1353 2342 industria
1365 2290 1454 2359 prisca
1466 2290 1593 2362 legendi:

83 2378 128 2432 1113
141 2377 187 2431 331
200 2376 313 2431 diversis
329 2376 446 2431 sitientia
460 2376 542 2432 corda
554 2375 663 2431 ssueritis
923 2371 1390 2447 133133313333333,3333133333,
1402 2380 1555 2450 3111331333
1567 2383 1695 2441 sacerdos
1706 2399 1714 2452 ;

44 2495 48 2501 ·
84 2467 218 2522 lloctrinae
230 2475 257 2521 et
266 2466 343 2520 vario
356 2466 507 2521 studiorum
522 2480 584 2520 rore
596 2465 702 2536 rigabat
716 2485 724 2521 a
924 2461 1054 2519 Sensibus
1068 2464 1118 2519 bos
1137 2480 1250 2538 augens,
1265 2466 1325 2523 ilios
1338 2475 1366 2522 et
1376 2470 1498 2526 moribus
1510 2486 1621 2528 ornans.

83 2556 131 2610 llis
144 2556 211 2611 dans
229 2555 412 2626 grammaticae
425 2539 677 2627 rationis'guaviter
689 2564 776 2624 artes,
924 2550 980 2607 Nec
990 2552 1070 2609 Pater
1082 2554 1230 2610 adveniens
1243 2556 1271 2614 io
1287 2565 1389 2613 1331333
1402 2559 1509 2615 culmen
1523 2561 1644 2628 honoris.

82 2645 139 2700 iilis
153 2645 296 2699 rhetoricae
308 2643 451 2700 infundens
463 2644 622 2699 relluamina
637 2645 735 2718 linguae
748 2661 757 2701 z
925 2644 1051 2700 Vestibus
1064 2654 1147 2716 atque
1160 2642 1229 2702 cibis
1243 2657 1364 2705 veterem
1375 2658 1528 2706 mutaverat
1541 2667 1619 2708 usum
1632 2668 1640 2706 τ

80 2737 269 2808 illosjuridica
290 2736 398 2792 curavit
416 2744 476 2792 cote
489 2736 585 2806 polire,
925 2735 1058 2792 Deliciosa
1077 2739 1157 2793 nimis
1168 2737 1286 2810 lugiens,
1302 2749 1352 2796 nee
1362 2742 1424 2797 viiia
1439 2744 1515 2800 vaide

81 2825 146 2880 illos
159 2825 247 2880 honio
259 2825 350 2880 docuit
369 2826 531 2881 concinnere
549 2835 650 2894 cantu;
926 2823 1162 2895 83313133133331,
1176 2831 1266 2886 medio
1279 2831 1464 2889 moderamine
1475 2838 1605 2906 gaudens.

82 2913 218 2971 Castalida
234 2914 376 2970 instituens
390 2915 456 2970 alios
469 2930 598 2970 resonare
608 2917 708 2984 cicuta,
925 2914 982 2971 Nec
995 2918 1084 2973 miuus
1097 2919 1201 2975 interea
1214 2924 1291 2977 vario
1305 2935 1464 2981 ornamenta
1477 2927 1584 2996 decore,

82 3004 118 3059 Et
128 3002 193 3074 juga
204 3001 331 3057 Parnassi
345 3001 437 3074 lyricis
447 3018 606 3073 percurrere
616 3004 726 3076 plantis.
924 3005 1035 3061 Addidit
1053 3008 1184 3076 ecclesiis,
1200 3010 1264 3067 tidei
1275 3012 1381 3070 fervore
1393 3016 1521 3087 repictus.

81 3096 133 3153 Ast
152 3095 220 3151 aiios
235 3094 299 3175 lecit
308 3094 437 3166 praelatus
456 3111 536 3151 nosse
549 3097 677 3168 magister
885 3051 1046 3166 c[iainque
1059 3106 1089 3153 ut
1101 3097 1262 3169 bellipotens
1276 3106 1390 3173 sumpsit
1401 3107 1572 3177 baptismatis
1581 3114 1680 3172 undam

83 3186 259 3244 llarmoniam
273 3185 346 3250 coeli,
361 3185 426 3241 solis
441 3185 565 3256 luuaeque
578 3185 695 3255 iabores,
924 3184 1010 3241 Edvin
1026 3203 1074 3242 rex
1088 3201 1112 3255 ι,
1127 3191 1225 3259 presul
1238 3194 1368 3263 grandem
1384 3205 1670 3271 consummatarum,

82 3279 208 3349 Quinque
217 3278 271 3349 poli
285 3292 379 3343 zonas,
390 3278 511 3333 errantia
525 3279 614 3333 sidera
628 3288 741 3348 septem,
925 3275 1004 3334 Terit
1015 3286 1044 3334 et
1055 3289 1178 3351 argento,
1194 3285 1308 3354 gemmis
1327 3287 1408 3350 simul
1423 3292 1541 3363 undique
1553 3303 1581 3350 et
1594 3312 1672 3366 auro,

82 3373 226 3427 ,istrorum
237 3369 320 3439 leges,
332 3378 417 3435 ortus,
432 3370 603 3440 simulatque
615 3385 747 3429 recessus.
922 3365 1011 3437 Atque
1025 3369 1126 3426 dicavit
1136 3387 1196 3428 eam
1208 3375 1295 3432 sancti
1309 3376 1359 3432 sub
1373 3380 1483 3436 nomine
1496 3381 1572 3439 Pauli

82 3463 181 3518 Aerios
195 3473 285 3516 motus
294 3459 392 3530 pelagi,
408 3467 540 3530 terraeque
553 3468 708 3526 tremorem,
923 3455 1048 3513 113313τί3
1064 3459 1167 3527 mundi,
1183 3461 1297 3522 nimium
1310 3479 1391 3534 quem
1406 3467 1501 3524 doctor
1514 3474 1632 3529 amabat.

84 3555 200 3610 liaturas
212 3553 363 3617 bominum,
375 3551 516 3621 pecudum,
528 3552 721 3624 volucrumque
742 3553 873 3621 serarum,
924 3548 982 3606 Huc
995 3550 1081 3606 allate
1092 3551 1182 3608 larum
1195 3553 1210 3593 l
1225 3570 1306 3626 supra
1321 3560 1499 3628 suspenderat
1512 3563 1610 3634 altum,

84 3647 213 3704 Diversus
224 3644 328 3699 numeri
342 3644 457 3713 species,
470 3643 614 3711 variasque
625 3644 734 3715 figuras.
924 3638 977 3707 Qui
989 3648 1063 3696 leuel
1076 3643 1216 3699 ordinibus
1229 3646 1279 3702 triu
1294 3649 1406 3717 grandia
1420 3666 1484 3706 vasa
1496 3657 1625 3711 novenis:

83 3738 266 3806 Pascbalique
279 3735 353 3790 dedit
362 3732 492 3789 solemnia
505 3742 578 3788 certa
590 3749 712 3800 recursu,
923 3729 958 3784 iit
969 3731 1083 3786 sublime
1095 3734 1183 3791 crucis
1202 3735 1329 3793 vexillum
1341 3740 1429 3799 erexit
1442 3742 1478 3796 ad
1494 3758 1581 3809 arem,

84 3830 200 3886 blarimc
215 3828 361 3899 Scriptura
373 3827 493 3896 pandens
506 3828 632 3896 mysteria
643 3843 737 3883 sacrm.
924 3821 957 3876 El
972 3829 1058 3877 iulum
1071 3825 1139 3878 texit
1149 3826 1275 3895 pretiosis
1293 3829 1372 3891 valde
1388 3834 1515 3890 metaliis.

84 3921 152 3977 Nam
168 3920 241 3977 rudis
252 3926 280 3974 et
292 3918 392 3974 veteris
405 3915 472 3989 legis
484 3916 612 3988 patefecit
625 3919 761 3990 abyssum.
923 3912 1020 3969 Omnia
1031 3928 1128 3985 magua
1140 3916 1217 3981 salis,
1231 3917 1343 3985 pulchro
1356 3921 1494 3984 molimine
1508 3932 1624 3995 structa,

84 4011 184 4066 indolis
197 4008 312 4082 egregia
322 4006 436 4076 juvenes
446 4022 621 4079 quoscunque
632 4011 750 4077 videbat,
923 4002 1089 4075 &latentique
1100 4007 1170 4062 meri
1184 4017 1360 4079 compensant
1372 4015 1493 4083 pondera
1506 4017 1602 4078 multa.

83 4103 142 4158 ilos
153 4103 205 4159 sibi
218 4101 369 4175 conjunxit,
385 4100 487 4170 docuit,
497 4104 621 4172 nutrivit,
640 4107 742 4161 ansavit
753 4123 761 4172 3
924 4096 975 4150 Asi
987 4097 1073 4153 aliare
1083 4099 1156 4157 iliud
1168 4098 1242 4167 iecit,
1258 4103 1366 4162 veililii
1380 4114 1409 4161 el
1422 4106 1488 4164 illud

83 4193 254 4266 Quapropter
266 4195 358 4266 plures
371 4208 420 4267 per
434 4209 511 4250 sacra
521 4193 662 4249 volumina
674 4194 769 4252 docmr
925 4184 1043 4259 Alssessw
1054 4204 1132 4261 ilum·
1148 4192 1274 4262 1119110111
1288 4203 1371 4266 utque
1385 4198 1485 4271 lapillis
1499 4216 1507 4256 :

83 4284 236 4356 Discipulos
253 4287 357 4353 babuit,
373 4286 488 4342 diversis
501 4285 609 4342 artibus
621 4296 726 4344 auctos.
926 4276 1142 4350 Μ1111111111511111
1153 4284 1280 4354 0111011111θ
1293 4287 1373 4352 81111111
1387 4291 1560 4351 dedicaverat
1575 4299 1672 4369 ipsum.

83 4371 145 4429 Non
159 4375 240 4431 semei
252 4384 378 4431 exterms
387 4376 529 4446 peregrino
543 4377 651 4431 tramite
664 4384 750 4434 terras
893 4365 1011 4461 „iussu
1023 4379 1053 4425 1¹2
1062 4372 1163 4445 ⁰br520
1175 4390 1229 4438 nou
1242 4380 1319 4447 parvi
1332 4383 1460 4451 ponderis
1473 4402 1540 4445 auro

82 4464 145 4521 Jam
159 4469 311 4538 peragravit
321 4483 415 4533 ovans,
428 4467 527 4536 sophiae
540 4468 672 4523 deductus
681 4484 793 4534 amore;
927 4460 1050 4532 Ampulla
1063 4463 1151 4532 milti?
1165 4464 1252 4534 fieret,
1268 4485 1322 4541 qua
1334 4474 1395 4532 vina
1411 4480 1536 4535 sacerdos

82 4553 117 4610 Si
131 4554 196 4624 quid
206 4554 275 4612 torte
288 4557 352 4610 novi
366 4555 495 4610 librorum
510 4570 558 4610 seu
572 4557 733 4624 studiorum,
926 4550 1061 4612 Funderet
1074 4555 1102 4609 in
1120 4557 1241 4625 calicem,
1260 4561 1390 4622 solemnia
1403 4581 1482 4622 sacra
1496 4570 1644 4630 celebrans.

81 4646 162 4715 Quod
177 4663 268 4702 secum
283 4649 367 4704 ferret
378 4649 458 4704 terris
477 4650 608 4719 reperiret
623 4651 727 4708 inillis.
961 4659 1011 4715 Ast
1024 4677 1094 4717 nova
1107 4664 1227 4721 basilicae
1242 4668 1318 4724 mirae
1330 4679 1468 4728 structura
1482 4676 1576 4736 diebus

82 4738 135 4793 llic
146 4754 254 4809 quoque
267 4739 425 4795 Romuleam
437 4742 510 4795 venit
521 4743 633 4798 devotus
646 4744 681 4798 ad
697 4746 801 4810 urbem.
870 4826 872 4830 Ι
926 4748 1053 4806 Plaesulis
1066 4752 1280 4824 1111111581311311]
1295 4767 1393 4828 coepta,
1409 4773 1528 4832 peracta,
1540 4781 1656 4827 8301313·

83 4832 166 4888 Dives
178 4848 272 4889 amore
283 4835 340 4892 Dei.
355 4835 408 4890 1313
422 4835 480 4891 loca
496 4844 589 4893 sancta
600 4851 758 4910 peragrans.
927 4842 989 4898 liaec
998 4845 1078 4900 nimis
1091 4845 1144 4900 alta
1160 4848 1255 4903 domus
1267 4851 1359 4908 saliuis
1378 4855 1487 4912 suffulta
1501 4861 1644 4932 columnis,

121 4964 197 5020 Vers.
221 4966 299 5023 1158.
1500 4993 1576 5053 Vere.
1599 5000 1678 5057 tuso.

120 5096 239 5152 abessa
255 5117 309 5153 res.
327 5100 364 5153 De
378 5101 481 5155 Edvino
495 5103 553 5157 hmc
574 5104 709 5176 inteiligas
731 5122 795 5190 rege
808 5109 875 5166 Nor·
927 5116 1098 5238 transtsitis
1121 5118 1211 5174 verbis
1240 5119 1278 5174 ita
1300 5122 1448 5197 intelligas,
1472 5134 1544 5200 quod
1567 5134 1653 5191 Elvira
1668 5153 1716 5194 rex

79 5167 876 5293 111333131333331,(132331133113313Α113.31131133
927 5200 994 5254 grau
1013 5186 1370 5257 emelignoconstruxerit
1401 5213 1474 5253 aram
1513 5218 1594 5272 quam
1617 5211 1717 5276 prmsut

80 5237 149 5293 cles.
170 5237 344 5362 31ηὲ31333.
366 5240 378 5292 1
402 5241 484 5303 ,haec
507 5252 617 5324 nefrat:
642 5246 821 5315 «baptizatus
835 5259 877 5305 est
926 5253 1138 5325 AEioertuspost
1157 5259 1291 5330 integrum
1316 5265 1423 5321 demum
1441 5241 1568 5327 sae’cuiruu
1593 5278 1660 5333 texit
1672 5295 1718 5335 ar.

80 5316 174 5389 autern
200 5309 209 5379 (
234 5312 332 5364 dumus
348 5310 413 5391 ¹rex)
441 5311 556 5394 Eboraci
584 5329 627 5368 ore
645 5327 739 5372 sancto
764 5318 875 5376 Paschae
944 5333 1016 5390 ento,
1044 5340 1110 5381 auro
1135 5332 1312 5401 gemmisque,
1338 5341 1464 5405 atqnenh
1482 5356 1602 5399 ammam
1629 5350 1717 5406 gancq

79 5378 171 5450 prrdre
181 5378 276 5433 iduum
290 5379 421 5450 bpnhurn
442 5381 515 5451 (uui)
530 5399 556 5435 m
572 5384 687 5440 ecclesia
699 5389 785 5443 sancti
800 5389 874 5445 Petri
925 5341 1012 5459 13311,
1031 5403 1134 5450 3331313
1150 5399 1227 5456 111313
1240 5405 1326 5458 sancti
1339 5405 1423 5473 Petri,
1446 5408 1519 5466 iliam
1535 5413 1606 5470 iliius
1620 5418 1717 5479 honori

80 5449 210 5518 apostati,
225 5464 306 5518 quarn
326 5451 498 5532 ibidemipse
512 5453 545 5507 de
564 5452 657 5577 lifim'·
674 5462 875 5540 3333331331ιί-
926 5465 1102 5524 dedicaverit.
1128 5465 1195 5524 Vide
1212 5471 1244 5527 de
1270 5472 1322 5527 boc
1352 5492 1417 5546 rege
1439 5479 1515 5549 plura
1540 5499 1623 5555 supra
1641 5502 1716 5547 vera.

80 5526 203 5584 zaretur,
222 5528 302 5589 atquc
317 5520 350 5573 ad
362 5522 563 5591 percipiendum
604 5533 717 5593 aptrsma
741 5530 873 5585 rmbucre·
926 5534 976 5589 itit
992 5549 1067 5605 seqq.

79 5596 139 5653 tur,
156 5589 239 5643 citato
263 5605 344 5659 opero
372 5592 531 5646 construxit.
552 5612 561 5644 r
582 5592 645 5649 11333
663 5595 740 5651 Bcdae
754 5601 874 5654 narratio
962 5607 975 5645 b
996 5603 1106 5667 Furem,
1123 5606 1203 5666 idest
1217 5612 1417 5674 caudelabrum.

82 5659 227 5714 diiiicuiter
255 5675 315 5713 cum
332 5660 382 5712 ista
402 5661 486 5715 nostri
518 5670 603 5733 poetae
628 5665 807 5736 combinatur,
820 5671 872 5726 nisi

285 5751 421 5811 Paraor..
445 5749 495 5813 CI.
