3780 6120
132 274 201 334 troa
539 275 617 333 orn.
638 275 838 334 seruosne.
860 307 895 317 -
916 275 979 331 uu.
1001 276 1045 330 uu
1063 262 1190 332 ott’tms'
1208 274 1361 332 estuans.
1700 275 1768 331 ten

128 392 217 462 ginatus
243 409 248 444 ι
272 389 411 446 induravit
436 391 566 445 Dominus
588 407 634 444 ror
652 389 802 445 Pharaonis
821 389 920 463 (and.
937 389 1048 453 Atricr,
1061 403 1199 458 perquam
1214 387 1292 444 nobis
1306 387 1378 443 salus
1389 397 1484 443 exorta
1496 398 1553 454 est,
1568 400 1592 442 et
1611 389 1770 462 beatitapo-

128 499 168 547 rx,
181 480 237 554 te),
254 482 326 553 quod
350 480 418 537 nihil
432 489 474 536 cst
488 479 561 535 aliud
576 479 628 534 nisi
643 519 650 545 ,
667 494 720 533 non
732 477 864 535 emollivit
878 492 926 535 cor
976 477 1050 532 stolia
1063 477 1142 533 Petro
1153 487 1177 532 et
1186 474 1283 544 Paulo,
1296 487 1373 550 atque
1386 478 1491 534 andrea
1506 480 1652 550 impetrare
1664 494 1770 536 merea,-

128 574 196 645 ejus,
212 574 283 644 quod
301 574 456 629 induratum
472 580 543 629 erat.
977 585 1047 624 ntur.
1063 567 1092 623 ln
1104 584 1157 638 qua
1170 567 1354 639 postulatione
1366 583 1420 624 nou
1433 576 1593 626 cremnorum
1613 577 1769 624 sanctornm

165 665 217 722 Sed
239 664 321 723 libera
335 683 381 723 nor
403 664 515 730 amolo,
532 666 558 721 id
580 674 632 730 est,
646 680 661 719 a
676 661 926 737 diaboloetpaeuis
975 658 1203 729 praetermittitur,
1231 660 1278 715 sed
1308 659 1334 714 in
1363 659 1479 714 istomm
1508 659 1768 715 commemoratione

129 756 239 824 insemi,
254 767 282 813 et
302 759 336 814 ab
348 758 421 813 omni
436 757 604 815 aduersitate
621 757 701 827 hujus
714 755 815 812 saeculi.
831 753 924 819 Amen,
975 751 1066 807 omnia
1087 749 1214 824 sutfragia
1237 758 1410 824 expetuntur.
1426 751 1495 821 Quia
1513 752 1551 809 ita
1564 768 1659 809 omnes
1672 751 1724 810 sibi
1739 752 1773 808 in-

129 852 298 923 stanacutum
318 859 361 907 cst
383 850 463 907 isuus
477 849 621 915 amnionis,
638 847 840 920 stmtstgtttum
861 861 925 902 con·
975 839 1031 895 nco
1042 839 1111 894 antri
1124 849 1196 907 sunt,
1210 839 1248 895 ira
1261 857 1345 896 unam
1354 842 1510 899 desiderant
1519 851 1547 900 et
1557 851 1711 915 romulum
1723 856 1768 900 ιι-

126 923 248 997 'rtemann
269 949 310 997 cst
323 939 440 1012 alicujus
454 939 580 997 concuti.
603 938 685 1008 Quasi
701 939 775 996 oica
795 936 853 994 beo
866 936 923 1003 itte,
974 926 1031 985 turc
1046 928 1197 996 nominum,
1213 937 1241 986 ut
1256 931 1282 987 tn
1302 947 1356 988 uno
1369 947 1465 990 omncs
1485 934 1638 991 habeantur
1652 935 1767 1007 pariter,

128 1031 176 1104 qui
200 1033 270 1089 barre
292 1032 445 1089 orationem
461 1031 588 1088 decantat
610 1049 616 1082 :
649 1028 730 1087 Certe
758 1045 853 1087 terum
881 1038 923 1088 est
974 1029 1002 1076 θῑ
1029 1020 1055 1075 ῑῐι
1071 1037 1126 1076 ¹¹⁰0
1139 1037 1235 1079 ⁰¹¹¹¹¹0⁵
1251 1024 1355 1094 Ρθῐῑῑθῐ
1369 1024 1551 1098 militamur·
1572 1026 1648 1096 0⁰0⁶
1676 1034 1768 1083 aulem

129 1120 201 1194 quod
212 1122 421 1179 hacteuusdiri.
433 1120 677 1196 stagnantem
688 1122 812 1194 peccanti
826 1122 853 1177 iu
866 1135 922 1186 mc,
973 1111 1039 1168 dicit
1061 1127 1069 1167 ι
1090 1112 1132 1167 Da
1148 1116 1278 1187 propitius
1297 1134 1386 1188 pacem
1401 1119 1429 1172 in
1442 1116 1533 1173 dictur
1557 1117 1663 1174 nostris.
1685 1115 1767 1174 iuxta

128 1226 194 1272 tunc
203 1216 324 1272 dimittes
338 1231 372 1272 ea
397 1230 457 1287 quae
469 1225 565 1272 comm
580 1223 745 1287 pmeptum
760 1224 838 1270 tuum
855 1214 920 1286 egi:
972 1203 1126 1276 exemplum
1147 1205 1282 1275 Ezechias,
1297 1209 1344 1281 qul
1368 1224 1429 1264 clim
1454 1209 1575 1266 audisset
1598 1227 1614 1265 a
1633 1210 1768 1282 Propheta

127 1307 156 1362 st
167 1322 220 1362 „011
235 1306 374 1374 dimisero,
394 1321 445 1363 uec
458 1315 487 1362 m
502 1307 622 1363 amites
637 1307 713 1363 mapa,
972 1292 1043 1353 mala
1068 1304 1190 1353 renturae
1210 1298 1385 1370 captivitatis,
1402 1299 1541 1372 respondit
1562 1297 1649 1355 :Fiat
1675 1317 1728 1373 pac
1742 1312 1767 1357 ιι

163 1398 273 1470 Septem
301 1406 365 1455 suut
388 1398 534 1470 petitiones
558 1398 585 1453 in
607 1397 660 1454 bac
684 1397 821 1453 oratione.
854 1395 922 1452 Tres
972 1385 1107 1443 ιιιῐιιιῐι
1120 1386 1212 1444 dicim
1229 1390 1293 1445 Μ’·
1314 1388 1367 1464 (W
1382 1389 1445 1463 Res·
1472 1407 1519 1457 ιιι
1543 1388 1599 1462 19),
1612 1389 1704 1445 subura
1718 1389 1765 1446 ⁰⁸5

125 1492 232 1562 priores
253 1490 390 1562 pertinent
412 1491 447 1545 ad
470 1489 590 1546 animam
612 1497 642 1545 et
661 1488 745 1545 uitam
766 1495 919 1544 eternam:
968 1475 1072 1548 iustitio
1090 1493 1245 1547 reservent,
1261 1479 1296 1536 (¹0
1315 1482 1455 1570 btaesenllr
1467 1483 1540 1553 quod
1552 1482 1586 1538 ed
1599 1498 1677 1538 suem
1690 1489 1718 1538 ei
1731 1482 1767 1537 ed

127 1583 210 1656 508
232 1592 350 1655 quatuor
373 1582 550 1653 posteriores,
571 1582 605 1638 ad
624 1596 723 1655 corpus
745 1588 773 1639 et
799 1596 920 1653 praesens
970 1572 1061 1643 populi
1074 1572 1188 1629 salumin
1199 1574 1362 1644 pertinebat,
1378 1574 1538 1647 deprecans.
1553 1573 1766 1632 llaeissoeloeitt

126 1684 242 1746 tempus.
265 1673 449 1731 Sancnucano
469 1671 588 1729 nominis
614 1672 673 1740 liei,
692 1680 719 1729 ct
739 1687 865 1744 regnum,
891 1680 920 1728 et
971 1664 1133 1735 depreeatur
1157 1682 1252 1738 parem
1276 1667 1304 1722 in
1328 1666 1425 1723 diebus
1438 1667 1550 1733 nostris,
1564 1668 1637 1740 quod
1653 1675 1682 1724 et
1705 1675 1767 1738 post

125 1765 251 1821 uoluntas
261 1764 320 1835 ejus
330 1764 412 1830 bona,
427 1763 454 1819 la
472 1762 565 1818 electis
580 1762 609 1819 in
622 1761 712 1818 lutura
726 1762 782 1818 vita
795 1761 920 1834 perileic-
935 1741 958 1805 Β
972 1777 1022 1817 nos
1032 1760 1089 1829 alii,
1105 1771 1132 1818 et
1144 1763 1290 1836 postipsos
1306 1762 1363 1829 alii,
1381 1778 1467 1836 usque
1485 1764 1519 1818 ad
1532 1760 1613 1818 ilnem
1628 1762 1718 1818 moult
1732 1761 1767 1819 si-

125 1864 181 1911 ιιι.
197 1854 278 1911 Panis
296 1862 386 1910 autem
407 1863 434 1909 et
454 1855 578 1911 remissio
603 1826 788 1926 peecatortt'm,
814 1862 842 1910 et
865 1867 920 1911 nou
971 1852 1210 1910 militerorabuttt.
1231 1852 1390 1910 curantem
1410 1854 1496 1927 ipsam
1515 1868 1611 1924 pacem
1635 1852 1767 1925 postulet,

126 1947 216 2004 induci
239 1947 265 2002 in
282 1947 469 2012 tentationem,
485 1956 514 2002 et
525 1944 679 2003 liberatioa
702 1945 812 2001 diabolo
836 1950 865 2000 et
883 1943 918 1999 ab
971 1941 1120 2016 subjungit,
1145 1945 1251 2002 scilieet
1269 1962 1275 1998 :
1293 1954 1320 2000 ut
1345 1963 1402 2017 ope,
1417 1945 1506 2012 idest,
1523 1944 1636 2011 auxilio,
1658 1953 1687 2000 et
1700 1960 1764 2016 pro·

125 2039 199 2095 omni
212 2038 379 2095 adversitate
394 2036 474 2106 brrjus
487 2037 591 2104 saeculi,
610 2037 637 2093 iu
650 2037 778 2107 praescnti
795 2043 858 2092 sunt
870 2050 920 2092 uo-
971 2037 1089 2092 tectione
1103 2037 1293 2092 misericordior
1308 2035 1357 2093 Dei
1376 2037 1473 2109 adjuti,
1492 2045 1624 2108 quantum
1645 2037 1679 2093 ad
1696 2037 1767 2096 inte·

125 2131 341 2196 bisnecessaria,
353 2130 417 2202 quia
430 2130 457 2186 in
470 2127 745 2185 laturaritanoncrit
756 2126 810 2182 ulla
821 2125 918 2193 lamcs,
970 2127 1069 2183 riorem
1090 2127 1228 2201 religionis
1241 2129 1410 2186 devotionem
1424 2130 1550 2200 pertinet,
1564 2129 1648 2185 simtu
1663 2146 1766 2202 senoper

125 2223 173 2279 sed
194 2222 307 2278 satietas
330 2230 433 2278 aetema
460 2220 608 2276 electomm
631 2219 665 2274 de
692 2217 920 2290 contemplatione
970 2230 1110 2292 apecccto
1123 2218 1207 2287 liberi,
1229 2229 1359 2292 quantum
1374 2221 1408 2277 ad
1421 2223 1585 2278 exteriorem
1597 2238 1704 2293 pacem,
1723 2223 1762 2279 sl-

124 2313 174 2370 Ilei
188 2314 397 2385 omnipotentis;
416 2313 444 2368 iu
466 2313 518 2368 ltac
532 2318 624 2368 autem
650 2311 730 2381 panis
750 2310 919 2367 necessarius
969 2314 1109 2371 musctab
1123 2316 1195 2371 omni
1214 2315 1409 2388 perturbatione
1423 2315 1519 2370 securi.
1547 2313 1677 2385 Seqrritur
1692 2317 1765 2387 quod

125 2413 177 2471 cst.
192 2404 370 2470 abremissio,
393 2405 455 2475 quia
480 2404 525 2461 bic
539 2418 692 2474 peccamus,
708 2403 792 2459 ethic
808 2418 920 2460 necesse
970 2415 998 2464 et
1021 2406 1048 2464 in
1070 2407 1196 2464 omatibus
1216 2405 1410 2464 ecclesiasticis
1439 2406 1611 2464 orationibus
1637 2405 1764 2481 subjunqi

126 2505 179 2561 est,
213 2503 244 2551 ut
266 2495 414 2553 liberemur
444 2510 459 2550 a
484 2494 585 2552 diaboli
609 2495 761 2551 tentatione
786 2501 813 2551 et
840 2494 920 2571 liujus
970 2498 1048 2564 solet,
1063 2497 1265 2554 Perbominum
1279 2507 1398 2554 uestrum
1411 2497 1502 2555 derunt
1516 2496 1663 2567 illimatum,
1677 2509 1705 2557 et
1720 2515 1764 2556 rc·

125 2586 216 2644 sacnti
231 2586 415 2642 tribulatione.
969 2588 1053 2660 liqna.
1070 2587 1264 2660 aesopicum
1280 2589 1409 2647 diximus.

162 2679 226 2737 Post
236 2681 387 2737 arabonam
401 2694 466 2737 rem
481 2678 650 2753 bominieam
662 2680 697 2735 ad
710 2677 919 2750 completionem
1006 2679 1063 2736 liae
1081 2680 1204 2736 oratione
1231 2680 1347 2753 expleta,
1364 2681 1544 2736 commiscens
1566 2682 1694 2737 sacerdos
1715 2682 1767 2737 Do-

127 2771 193 2827 tantl
210 2771 332 2844 mysterii
347 2779 404 2827 tota
421 2772 455 2828 ad
470 2771 556 2827 ocum
577 2770 666 2827 luadit
678 2785 775 2843 preces
786 2770 919 2836 Ecclesia,
971 2773 1098 2829 miuieam
1117 2772 1294 2839 oblationem,
1310 2781 1340 2829 ut
1356 2773 1428 2828 calis
1450 2772 1557 2828 Domini
1573 2781 1658 2829 totam
1679 2772 1767 2844 pleni-

126 2874 154 2923 ιι
168 2866 290 2936 sequitur
314 2865 342 2921 in
357 2864 530 2923 conclusione
545 2863 666 2934 ejusdem
680 2864 819 2929 sacerdos,
834 2870 863 2920 et
874 2863 919 2919 di-
971 2862 1093 2919 tudinem
1119 2863 1260 2919 contiueat
1283 2863 1462 2927 sacramenti,
1478 2870 1608 2934 tanquam
1620 2878 1671 2934 per
1694 2860 1767 2932 ejus-

125 2954 529 3027 cit2Libcranor,quarnntur,
542 2953 664 3020 Domine,
678 2962 706 3010 et
719 2953 832 3025 reliqua,
846 2952 920 3008 ilaic
971 2952 1032 3008 dem
1060 2953 1182 3028 mysterii
1214 2953 1415 3027 copulationem
1441 2955 1610 3026 imprecatur
1636 2955 1768 3012 Ecclesia

124 3048 271 3118 preterita,
296 3057 407 3119 peccata
431 3055 568 3104 transacta
591 3047 788 3118 intelliguntur,
802 3061 918 3117 quorum
932 3090 955 3155 c
969 3063 1075 3118 pacem,
1101 3047 1195 3110 diecns
1208 3065 1214 3100 ε
1228 3044 1290 3102 Paa
1304 3047 1412 3103 Domini
1434 3049 1468 3103 rit
1493 3065 1595 3119 semper
1620 3048 1765 3103 uobiscum.

125 3139 149 3194 si
159 3138 229 3194 aetio
239 3138 298 3211 jam
311 3139 428 3195 cessavit
441 3138 468 3193 in
483 3138 570 3204 nobis,
589 3145 681 3192 tamen
702 3145 794 3192 reatus
814 3144 917 3202 manet,
970 3137 1019 3194 Cul
1041 3145 1144 3193 tantum
1164 3138 1265 3195 bonum
1277 3136 1360 3193 etiam
1376 3135 1497 3193 Ecclesia
1516 3136 1694 3209 imprecatur,
1708 3152 1767 3194 res·

126 3229 177 3286 nisi
191 3230 238 3287 uei
254 3229 420 3303 indulgentia
442 3228 574 3285 deleatur.
601 3228 674 3283 idola
687 3243 753 3283 vero
766 3227 918 3299 prasentia,
968 3228 1090 3301 pendens
1111 3228 1148 3284 illi
1163 3247 1169 3283 :
1187 3228 1295 3284 Etcum
1312 3229 1407 3301 spiritu
1422 3241 1478 3284 tuo.
1496 3228 1553 3284 Pax
1567 3229 1684 3298 Domini,
1708 3231 1765 3302 ipsa

125 3322 283 3394 quotidiana
300 3329 411 3393 peecata
433 3321 620 3392 inambiguutur
635 3320 663 3375 iu
678 3319 778 3384 aniano,
792 3326 821 3375 et
841 3334 920 3375 acee-
968 3331 1011 3378 est
1024 3336 1077 3394 pax
1100 3320 1214 3388 Christi,
1227 3339 1288 3393 quae
1301 3322 1384 3378 ltuem
1405 3325 1563 3389 nonhabet,
1580 3332 1609 3380 ct
1622 3332 1664 3381 cst
1676 3326 1767 3382 omnis

126 3416 222 3473 dentes
232 3428 303 3488 saepe
325 3414 424 3472 diuersi
436 3414 596 3487 languores,
607 3421 636 3469 et
647 3412 807 3468 afflictiones
821 3411 848 3466 in
859 3426 920 3466 cor·
968 3414 1020 3486 pire
1031 3413 1147 3471 actionis
1159 3413 1299 3486 perfectio.
1315 3415 1386 3471 Vera
1408 3426 1501 3472 autem
1513 3432 1567 3488 pax
1579 3417 1711 3474 unitatem
1725 3417 1766 3473 la·

125 3522 203 3578 pore,
218 3517 246 3564 et
269 3508 439 3563 extrinsecus
452 3506 589 3563 irruentes
615 3507 766 3562 innumere
780 3502 920 3563 calamita·
967 3510 1015 3574 eit,
1039 3509 1175 3582 quomodo
1188 3508 1233 3581 qui
1256 3507 1372 3564 adierat
1385 3507 1510 3576 Domino,
1526 3525 1594 3564 unus
1608 3509 1717 3581 spiritur
1728 3519 1766 3565 ιιι

126 3607 178 3665 tes,
193 3613 254 3669 quae
277 3599 384 3669 quotics
398 3598 526 3668 patimur,
552 3596 611 3666 ejus
628 3595 757 3652 debemus
773 3594 920 3667 implorare
969 3601 997 3673 (1
1018 3600 1079 3657 Car.
1103 3617 1142 3668 vr,
1156 3599 1211 3673 li).
1232 3598 1383 3672 imprecata
1406 3601 1491 3674 igitur
1505 3616 1583 3672 pace,
1600 3601 1765 3672 incipiensu

125 3688 267 3755 ausuum,
290 3689 338 3763 qut
357 3688 431 3744 sotus
443 3703 493 3743 sua
509 3684 611 3757 pretate
631 3695 659 3742 ot
682 3687 788 3744 animas
803 3694 877 3743 creat
891 3692 920 3743 et
969 3694 1121 3759 mccruote,
1139 3692 1253 3747 tarsun
1268 3700 1362 3747 statuo
1389 3693 1478 3748 omnis
1504 3692 1627 3749 Ecclesia
1642 3694 1766 3750 oscutum
1799 3752 1805 3760 ,

126 3795 251 3852 corpora.
279 3778 384 3834 Futura
406 3778 490 3845 moia,
512 3793 680 3849 quecunque
702 3779 780 3835 nobis
796 3780 920 3836 accidere
969 3780 1056 3852 pacis,
1075 3787 1106 3834 ut
1117 3779 1244 3834 omnibus
1259 3794 1322 3834 tera
1337 3795 1404 3849 paee
1420 3781 1504 3836 unitis
1519 3779 1606 3835 datin
1630 3783 1670 3837 eis
1688 3782 1766 3838 locus

126 3879 249 3944 possunt,
266 3873 323 3929 sive
335 3886 384 3942 per
397 3872 562 3928 tentationes
573 3870 685 3938 diaboli,
709 3871 767 3928 siue
778 3886 829 3942 per
839 3873 921 3928 mise-
970 3870 1030 3935 Dei,
1043 3870 1113 3924 sicut
1123 3869 1241 3924 dicitur:
1257 3868 1328 3923 Deus
1342 3869 1369 3922 in
1379 3867 1438 3925 loco
1450 3880 1541 3924 raucto
1556 3887 1617 3938 ruo,
1630 3870 1701 3927 Erus
1720 3876 1765 3945 qni

126 3966 183 4022 rias
194 3967 295 4022 seculi.
307 3965 375 4023 Orat
386 3981 452 4037 erqo
472 3966 605 4032 Ecclesia,
619 3973 648 4021 ut
660 3964 733 4036 quod
746 3966 773 4022 itt
786 3964 840 4022 ttae
858 3981 920 4023 ora·
969 3959 1116 4015 inbobitarc
1136 3959 1201 4029 facit
1224 3958 1361 4013 unanimes
1373 3959 1400 4013 in
1423 3959 1501 4014 domo
1522 3958 1609 4032 (Prot.
1621 3977 1706 4029 caru,
1724 3961 1762 4035 7).

125 4060 208 4118 bouis
222 4059 323 4116 dictam
337 4069 388 4127 est,
402 4059 485 4116 libera
509 4077 556 4116 nor
570 4077 586 4114 a
599 4057 670 4115 maio
685 4073 694 4111 :
716 4059 754 4114 ita
777 4058 856 4114 nobis
871 4073 921 4128 per
969 4051 1003 4106 Et
1011 4052 1063 4106 troc
1073 4064 1106 4105 er
1119 4049 1265 4105 traditione
1277 4049 1461 4120 apostolorum
1477 4059 1570 4106 serrat
1579 4049 1708 4113 Ecclesia.
1719 4055 1764 4111 eui

128 4153 176 4211 net
191 4152 405 4210 miscricordiam
419 4161 575 4226 praestetur,
587 4161 617 4208 ut
627 4152 775 4208 liberemur
785 4151 818 4207 ab
829 4151 919 4207 omni·
970 4140 1126 4215 frequenter
1140 4142 1174 4197 ab
1184 4142 1225 4198 eis
1238 4141 1339 4197 dicitur
1353 4160 1359 4194 :
1375 4138 1497 4198 Salutate
1507 4141 1617 4200 inuicem
1631 4145 1658 4200 in
1674 4145 1764 4202 orcula

126 4244 178 4302 bus
193 4245 283 4312 maiis,
296 4261 357 4317 que
380 4246 459 4303 uobis
477 4244 520 4302 rel
544 4244 574 4299 in
586 4244 725 4315 praeterito
749 4243 918 4310 acciderunt,
969 4235 1161 4309 tamtollCor.
1176 4252 1232 4303 xrs,
1243 4232 1289 4307 ab)
1304 4275 1311 4302 ,
1327 4232 1353 4290 id
1366 4242 1421 4302 cst,
1431 4232 1557 4306 pacissco,
1571 4251 1645 4303 roro,
1659 4235 1763 4294 colum-

126 4339 209 4396 uelin
238 4340 366 4411 praesenti
392 4338 529 4403 accidunt,
556 4336 598 4393 tel
620 4336 647 4391 in
674 4334 766 4392 lutura
795 4335 920 4392 accidere
969 4330 1045 4399 bino,
1065 4346 1119 4386 non
1133 4328 1208 4396 fleto,
1224 4343 1278 4384 uon
1291 4325 1416 4396 subdolo,
1432 4327 1505 4400 quali
1518 4336 1643 4398 uttmtur,
1661 4333 1707 4403 aui
1722 4331 1763 4389 io-

126 4447 206 4504 potse
217 4432 407 4489 formidantur.
424 4432 572 4502 Sequitur:
586 4440 610 4485 ιι
624 4428 799 4486 intercedente
810 4444 857 4500 pro
869 4444 918 4483 no·
933 4432 1086 4510 „quamue
1097 4438 1188 4494 pacem
1200 4436 1260 4475 cum
1274 4416 1395 4491 proximo
1408 4435 1467 4487 tuo,
1480 4416 1552 4473 mala
1567 4429 1654 4475 autem
1665 4431 1725 4476 runt
1736 4421 1765 4477 itt

126 4527 176 4591 ιιι,
191 4534 258 4592 etc..
283 4540 380 4595 usquc,
407 4527 503 4581 securi
520 4524 651 4595 Praecepit
668 4523 799 4580 Dominus
821 4523 920 4595 populo
970 4513 1093 4571 cordibu
1113 4511 1220 4569 morum
1247 4508 1333 4584 (wa
1359 4526 1447 4576 extu,
1461 4509 1500 4583 ὅ).
1527 4507 1568 4566 llll
1591 4527 1657 4585 crgo
1670 4512 1764 4568 osculo

126 4616 220 4684 lsrael,
241 4633 303 4672 cnm
318 4625 454 4674 mactetur
470 4616 634 4688 Babylonica
649 4616 791 4680 servitum,
809 4622 839 4670 ut
854 4629 918 4672 ora.
970 4614 1065 4662 sancto
1087 4605 1207 4661 salutant
1230 4602 1357 4669 invicem,
1379 4604 1424 4674 qui
1437 4618 1489 4657 non
1502 4601 1702 4674 diiipuntuerbo
1717 4620 1764 4658 nec
1790 4672 1803 4693 l

126 4716 188 4764 reat
200 4724 251 4780 pro
264 4723 332 4779 paee
355 4708 442 4778 ipsius
454 4708 584 4774 ciuitatis,
596 4707 669 4779 quod
686 4707 714 4762 ia
727 4721 805 4776 paee,
820 4705 919 4776 inquit,
969 4697 1073 4770 lineet,
1086 4699 1131 4754 ted
1144 4713 1220 4769 ⁰5³⁶?ss
1238 4704 1263 4751 θ’
1275 4695 1383 4751 ιθιῐΐιῑθ
1397 4691 1424 4767 (1
1433 4694 1514 4751 lm·
1528 4711 1568 4762 ¹¹¹2
1582 4695 1639 4767 ¹8)-

126 4798 197 4869 eitra,
208 4800 262 4855 erit
275 4807 433 4871 pernostra
444 4814 451 4864 ;
463 4807 491 4855 et
500 4797 646 4869 Apostolus
656 4796 781 4852 bortatur
793 4796 921 4853 lleriora·
1006 4790 1080 4849 luter
1090 4791 1149 4847 haec
1167 4797 1296 4846 canetur
1305 4787 1340 4843 ab
1355 4787 1492 4854 omuibus,
1507 4795 1535 4843 et
1548 4788 1685 4843 canmndo
1703 4803 1764 4844 ora·

127 4891 215 4946 tiones
230 4906 279 4962 pro
292 4890 418 4946 omuibus
433 4890 600 4957 hominibus,
619 4903 669 4959 pro
688 4887 799 4960 regibus
821 4896 848 4944 et
875 4888 918 4944 bis
972 4892 1025 4950 tur,
1041 4881 1193 4938 dicentibus
1208 4878 1316 4952 :dpnur
1327 4877 1389 4945 lici,
1402 4879 1446 4948 nai
1458 4877 1528 4933 toilir
1540 4887 1646 4949 ριιιιιι
1658 4879 1763 4946 mundi,

126 4981 174 5052 qui
188 4981 216 5037 in
230 4980 396 5036 sublimitate
408 4989 482 5044 suunt,
498 4988 529 5035 ut
547 4980 667 5050 quietam
693 4984 722 5033 et
744 4978 917 5049 tranquillam
971 4985 999 5032 et
1021 4975 1135 5047 reliqua.
1151 4970 1246 5029 Nullus
1260 4972 1333 5029 euim
1358 4971 1428 5028 tollit
1439 4979 1562 5044 peccata,
1588 4972 1641 5028 nisi
1660 4972 1704 5028 ille
1719 4988 1763 5029 so-

120 5073 210 5129 nitem
225 5086 346 5145 ammas.
361 5071 443 5128 Juxta
455 5074 529 5128 hauc
541 5070 656 5128 lormam
670 5070 785 5141 populus
800 5070 918 5127 bdelium
972 5066 1024 5133 lus,
1039 5064 1196 5123 cuinullum
1210 5065 1311 5120 bouum
1324 5062 1442 5119 bominis
1457 5062 1624 5134 impossibile
1633 5070 1687 5131 cst,
1701 5063 1762 5120 uul-

127 5166 155 5221 iu
165 5165 347 5235 nanasardi
360 5166 590 5238 peregrinatione,
599 5173 726 5236 tanquam
741 5165 769 5219 in
781 5163 919 5236 &bylone
972 5159 1028 5214 lum
1051 5156 1152 5213 maltam
1180 5153 1340 5212 insanabile.
1367 5151 1508 5222 Quomodo
1530 5161 1621 5210 autem
1647 5164 1762 5226 peecata

127 5260 302 5330 captiuas,et
324 5275 449 5331 superare
472 5260 569 5330 patriae
591 5258 740 5328 inspirans,
753 5265 816 5313 orat
837 5256 919 5311 etiam
973 5245 1066 5305 mundi
1088 5246 1176 5313 tollat,
1200 5241 1320 5307 ioannes
1343 5244 1371 5300 in
1394 5242 1556 5316 Apocalypsi
1575 5244 1762 5313 demonstrat,

129 5364 177 5421 pro
190 5365 256 5421 pace
275 5350 417 5420 temporali
440 5349 705 5419 :noimpediatura
731 5347 876 5421 spirituali,
891 5355 922 5403 ut
972 5336 1127 5406 Quiditccit
1144 5337 1386 5409 aba,int1ttietts,ei
1400 5333 1463 5391 lauit
1482 5351 1529 5391 ιιιιι
1551 5334 1699 5410 apeccttit'e
1713 5352 1761 5391 nu·

130 5442 240 5498 remotis
261 5457 310 5515 per
332 5443 379 5499 Dei
393 5443 523 5513 pietatem
546 5440 672 5497 omnibus
701 5439 919 5506 adversitatibus,
971 5432 1034 5488 atris
1045 5430 1270 5500 inrunpuineruo
1285 5424 1377 5501 (Apoc-
1390 5443 1409 5493 1,
1421 5425 1460 5499 5),
1473 5426 1582 5496 quaudo
1597 5427 1685 5499 ipsum
1695 5442 1760 5483 sau-

130 5531 248 5601 quietam
272 5542 300 5588 ct
319 5531 492 5603 tranquillam
513 5532 596 5585 vitam
625 5537 689 5602 agat
709 5526 839 5584 Ecclesia.
864 5527 921 5585 lloe
970 5525 1080 5596 guinem
1094 5523 1168 5579 dedit
1180 5520 1357 5593 prenobisin
1369 5534 1460 5584 cruce,
1474 5516 1517 5575 rel
1529 5518 1761 5591 quandoquisque

130 5630 220 5678 :auem
242 5621 426 5695 paucissimis,
447 5623 494 5677 sert
509 5619 733 5677 eminentissimis
753 5618 857 5675 sanctis
871 5632 921 5674 no-
971 5625 1095 5670 nostrum
1111 5614 1139 5669 in
1152 5613 1282 5686 mysterio
1295 5624 1380 5669 sacrae
1391 5611 1526 5684 passionis
1547 5611 1619 5668 itlius
1632 5611 1759 5684 baptismi

131 5714 241 5771 minatis
254 5723 365 5782 exorat,
393 5726 419 5768 ur
437 5713 611 5770 intercedente
636 5712 663 5766 in
679 5710 774 5784 primis
788 5708 838 5765 bri
849 5709 922 5782 perri·
972 5706 1052 5779 aquis
1072 5705 1180 5764 ablutus
1197 5714 1258 5762 est:
1275 5719 1370 5762 rerum
1384 5705 1466 5761 etiam
1479 5704 1599 5793 quotidie
1614 5702 1683 5763 tollit
1693 5719 1758 5775 peu
