3780 6120
136 270 201 326 tott
275 260 283 274 ”

486 268 560 324 ΟΡΡ.
580 268 694 324 beuta.
716 300 749 308 -
768 266 881 322 ALBlb'l
900 264 989 320 CONT
992 265 1089 320 ussto
1107 265 1206 320 t'toet.
1226 294 1261 304 -
1280 263 1370 321 PARS
1387 266 1407 319 l.

1691 265 1760 322 illst

134 382 371 448 illuminationem,
391 399 421 436 ae
438 383 459 436 si
475 383 568 445 aurita,
592 397 651 449 quim
669 381 759 436 clausa
781 378 916 451 mysteriis
933 379 953 435 Α
968 377 1028 430 dcut
1041 389 1171 446 persoaae,
1192 377 1238 431 sed
1258 394 1310 431 urm
1330 378 1498 441 substantia,
1518 377 1586 430 sieut
1599 375 1678 447 ignis,
1695 393 1759 433 can·

134 473 227 536 latent,
239 487 292 526 nou
311 488 359 542 per
372 473 518 543 speculum,
533 473 579 527 sed
592 472 660 526 lucie
676 472 708 524 acl
723 470 817 524 laniem
834 470 920 523 iutue-

132 579 187 620 rer.
203 563 300 619 Docuit
314 565 403 633 igitur,
420 571 446 616 te
460 564 544 618 solum
558 564 660 625 vivum,
675 570 702 615 ct
717 576 808 615 verum
825 559 918 623 licum,

133 670 186 710 non
199 669 259 709 esse
271 669 440 723 corporeum,
454 653 495 706 vel
507 652 671 724 passibilem,
687 659 733 704 aut
742 647 918 720 palpabilem:

131 748 232 803 nullam
252 747 288 801 tui
302 756 405 816 partem
428 747 566 815 corporeis
591 744 675 799 oculis
698 756 777 813 posse
803 739 917 795 sentiri:

133 820 202 893 nibil
216 837 249 892 de
269 835 418 892 substantia
432 842 477 889 tua
490 844 570 903 atque
582 841 677 887 natura
695 832 749 886 ullo
766 829 845 884 modo
859 843 919 884 csse

131 925 267 991 violabile,
288 931 335 978 aut
349 923 568 992 coraposititium,
584 931 629 975 am
644 922 746 975 sactum.
767 917 838 973 Nilril
854 919 918 973 inte

131 1015 219 1086 majus
239 1022 285 1068 aut
307 1012 419 1068 interius
436 1013 594 1075 lrabenteur;
613 1011 659 1065 sed
674 1024 841 1079 peromnem
861 1023 918 1062 mo·

970 467 1028 529 dor,
1045 465 1129 531 calor,
1148 467 1199 519 tria
1217 469 1335 533 storniua,
1357 469 1404 522 sed
1426 483 1469 523 res
1489 483 1541 521 uua
1556 486 1562 519 ε
1578 469 1646 523 sicut
1659 484 1760 526 memo-

969 555 1019 619 ria,
1041 554 1207 620 intellectus,
1226 557 1360 622 voluntas,
1377 573 1438 628 (puae
1451 558 1637 628 separabiliter
1651 559 1761 614 demon-

971 655 1103 711 strantur,
1131 655 1158 701 et
1185 648 1398 719 inseparabiliter
1427 658 1581 720 operantur.
1608 648 1636 704 Si
1659 649 1710 705 hoc
1733 651 1759 705 iu

968 733 1101 788 creaturis
1125 734 1272 801 invenitur,
1290 738 1354 807 qrrid
1368 740 1401 794 de
1414 748 1439 793 te
1460 737 1591 794 Creatore
1608 738 1758 811 intelligen-

968 823 1100 879 domest?
1125 819 1236 881 Natura
1259 829 1357 899 quippe
1385 845 1496 884 summa·
1530 829 1678 885 divinitatis
1707 838 1759 885 tua·

968 915 1112 970 immobilis
1144 926 1185 972 cst
1211 920 1283 973 oriani
1314 921 1393 974 modo
1423 927 1450 973 et
1481 918 1665 974 intractabilis.
1694 919 1761 975 Per·

968 1019 1041 1059 soum
1061 1020 1126 1059 vero
1145 1007 1258 1062 mobiles
1273 1015 1335 1062 sunt
1351 1007 1498 1062 secundum
1517 1008 1684 1073 relationem,
1706 1024 1759 1063 nou

131 1105 195 1159 dom
210 1117 244 1157 ex
256 1102 328 1157 orrtrti
340 1110 417 1172 parte
430 1102 487 1156 siue
498 1099 669 1155 deformitate
683 1098 842 1170 perlectum,
860 1099 918 1152 siue
963 1089 1040 1159 juxta
1054 1096 1262 1163 proprietatum
1276 1105 1304 1150 ⁰1
1318 1096 1379 1150 ideo
1392 1097 1418 1152 ln
1438 1097 1567 1151 teilliano
1582 1113 1758 1158 breson-trum

131 1192 283 1264 quantitate
307 1207 445 1263 magnum,
473 1192 530 1245 sine
554 1190 682 1260 qualitate
709 1190 828 1254 bouum,
859 1189 917 1243 sine

132 1293 252 1356 tempore
280 1286 482 1354 sempiternum,
506 1285 564 1340 siue
589 1293 676 1339 morte
693 1285 788 1349 vitam,
804 1284 861 1337 siae
876 1283 916 1336 in-

131 1374 259 1430 llmritate
272 1375 381 1440 fortem,
396 1375 454 1430 sinc
468 1375 608 1429 urendaeio
622 1374 773 1438 veritatem,
790 1372 916 1428 sineloco

131 1467 230 1538 ubique
246 1475 343 1532 totum,
359 1468 417 1522 sine
432 1468 484 1521 situ
501 1467 599 1536 ubique
616 1474 785 1536 presentem,
800 1466 857 1519 sine
870 1481 916 1519 ex-

130 1561 253 1616 tensione
264 1561 353 1615 omnia
368 1560 533 1628 implentem,
548 1558 606 1613 sinc
621 1559 804 1613 contractione
817 1557 916 1626 ubique

129 1657 334 1714 occurrentem,
361 1649 420 1703 siue
448 1657 521 1702 motu
548 1648 638 1702 omnia
664 1649 914 1710 transcemlentem,

967 1183 1096 1250 Trinitas,
1113 1186 1139 1239 in
1155 1195 1257 1242 nature
1278 1202 1343 1242 sero
1366 1187 1517 1241 substantia
1541 1188 1640 1242 navitas.
1665 1187 1760 1244 Unitas

965 1274 1098 1344 siquidem
1115 1284 1225 1346 propter
1241 1268 1450 1347 inseparabilem
1471 1276 1585 1332 Deitatis
1601 1274 1758 1342 essentiavit,

966 1362 1085 1426 Trinitis
1104 1380 1192 1426 autem
1209 1381 1320 1442 propter
1335 1372 1518 1427 diversitatem
1532 1373 1682 1429 nominum.
1700 1371 1758 1426 Non

966 1461 1037 1514 enirn
1050 1463 1156 1517 nomina
1170 1472 1284 1529 tantum,
1300 1463 1345 1519 scd
1359 1465 1441 1519 etiam
1451 1464 1589 1521 nominum
1604 1468 1756 1537 proprieta-

966 1559 1015 1615 tes,
1029 1552 1080 1607 boc
1104 1560 1163 1619 cst,
1189 1568 1319 1622 personas
1341 1555 1399 1619 vel,
1424 1562 1454 1607 ut
1473 1552 1560 1611 Graeci
1581 1554 1751 1626 exprimunt,

965 1643 1129 1705 ὑποστάσεις,
1143 1644 1169 1698 id
1185 1654 1236 1709 cst,
1253 1645 1440 1699 subsistentias
1455 1645 1625 1711 confitentur,
1640 1645 1698 1700 lame
1713 1653 1756 1700 ta-

129 1741 187 1796 sine
200 1747 270 1794 statu
290 1739 360 1795 intra
380 1739 470 1793 ontnia
494 1746 656 1803 muneratoria,
683 1738 741 1793 siue
770 1737 916 1807 indigentia
934 1721 1029 1785 Buten
1043 1733 1157 1787 dicimus
1175 1734 1208 1788 de
1229 1743 1266 1800 le,
1285 1735 1355 1790 0⁰⁰8
1376 1744 1476 1800 11051θῆ
1501 1743 1530 1789 ὓῑ
1552 1742 1642 1805 Ρθῑθὸῑ
1659 1735 1757 1791 inlelli-

132 1830 223 1884 numia
235 1837 384 1891 creantem,
405 1829 462 1883 sine
477 1827 567 1883 labore
586 1828 674 1883 onmia
691 1834 840 1898 regentem,
860 1826 918 1882 sine
968 1821 1057 1892 geutia
1075 1823 1193 1878 bumana
1218 1838 1324 1894 capere.
1349 1824 1482 1880 Gaetemm
1502 1824 1563 1895 nats
1587 1825 1614 1879 in
1634 1825 1687 1881 bae
1701 1827 1757 1880 vita

131 1921 169 1975 tui
192 1920 269 1974 initio
292 1919 417 1974 omnibus
440 1918 546 1972 initium
568 1918 687 1984 dautem,
705 1919 763 1973 sine
776 1919 815 1972 tui
831 1925 918 1972 ruma·
967 1914 1122 1983 positosvel
1138 1915 1286 1970 cristallino
1300 1923 1409 1987 pectore
1422 1914 1536 1971 sullleiat
1553 1925 1696 1986 penetrare
1716 1917 1755 1970 tui

130 2011 201 2065 tione
219 2010 308 2065 orunla
331 2008 468 2063 mutabilia
488 2006 643 2071 sarcientem,
666 2016 746 2077 atque
770 2020 877 2077 semper
891 2015 917 2060 et
968 2005 1052 2075 ipsius
1072 2004 1213 2060 Trinitatis
1229 2006 1334 2060 interna
1349 2005 1494 2078 mysteria?
1509 2004 1650 2074 Quomodo
1664 2006 1754 2072 Pater,

128 2099 226 2167 ubique
237 2098 297 2152 sine
308 2096 360 2151 bne
373 2103 539 2165 regnantem.
967 2094 1052 2150 Titius
1066 2103 1093 2149 et
1107 2094 1223 2164 Spiritus
1243 2104 1352 2151 sanctus
1367 2106 1422 2152 tres
1435 2112 1558 2167 persone
1573 2099 1649 2165 estis,
1663 2107 1691 2154 et
1702 2114 1755 2154 una

165 2187 233 2242 lixi.
254 2188 366 2242 Domine
391 2188 461 2241 [leus
482 2201 543 2247 unc.
567 2185 639 2240 Dens
661 2185 790 2251 Trinitas,
807 2200 866 2256 υυυ
881 2186 917 2240 ἰυ-
968 2195 1078 2251 natura;
1099 2186 1232 2255 quomodo
1252 2197 1280 2240 tu
1297 2187 1378 2241 Pater
1393 2187 1491 2243 diceris
1505 2189 1650 2259 ingenitus,
1672 2189 1755 2246 Filius

128 2277 408 2348 comprehensibiliter
431 2276 511 2331 rebus
530 2276 655 2331 omuibus
675 2276 829 2343 antecelis,
850 2277 917 2332 adeo
967 2275 1086 2345 genitus,
1106 2274 1223 2346 Spiritus
1238 2292 1303 2332 vero
1316 2286 1437 2343 sanctus,
1452 2293 1502 2333 nec
1514 2279 1631 2349 genitus,
1651 2296 1701 2335 nee
1715 2282 1755 2335 in-

130 2381 161 2422 es
173 2365 330 2431 inellabllis,
344 2366 458 2430 irrdnita,
472 2372 499 2418 et
512 2364 802 2434 incomprehensibilis,
814 2373 843 2420 ut
855 2379 917 2436 par·
966 2363 1085 2432 genitus,
1107 2364 1155 2419 sed
1177 2366 1323 2434 pmcedens
1340 2368 1460 2432 dicatur;
1477 2370 1610 2437 utromodo
1625 2370 1709 2425 l'ilius
1722 2373 1755 2427 do

131 2458 272 2512 vissimum
294 2459 329 2512 sit
349 2457 425 2512 valde
447 2472 537 2520 omne,
560 2456 632 2526 quod
653 2456 685 2512 de
707 2464 733 2510 te
749 2456 802 2511 dici
816 2463 915 2527 potest.
967 2462 1002 2519 te,
1015 2453 1104 2521 Pater,
1127 2463 1206 2511 uatus
1223 2466 1275 2522 est,
1288 2456 1405 2527 Spiritus
1417 2468 1526 2515 sauctus
1539 2461 1572 2516 dc
1587 2469 1614 2517 te
1631 2464 1753 2531 procedit

128 2548 210 2603 llulta
224 2549 296 2603 enim
311 2548 436 2612 dicimus,
458 2547 505 2602 sed
528 2547 606 2618 plene
628 2547 664 2612 id,
687 2548 811 2618 uuodes,
827 2547 917 2601 dicere
965 2554 993 2598 et
1012 2543 1095 2609 Tilio;
1120 2530 1255 2613 ouomodo
1276 2546 1361 2601 Filius
1385 2548 1519 2604 nascendo
1543 2564 1596 2604 nou
1619 2553 1752 2622 procedit,

129 2657 182 2695 aton
205 2656 363 2710 possumus,
386 2647 414 2693 et
431 2640 494 2709 qrria
515 2640 701 2695 arrisersorum
722 2639 916 2694 consummatio
966 2631 1085 2702 Spiritus
1108 2642 1219 2689 secretus
1242 2636 1410 2705 procedendo
1436 2652 1489 2691 nou
1512 2638 1653 2705 nascitur3
1684 2656 1752 2709 quo-

128 2745 285 2785 sermonum
309 2731 366 2800 ipse
389 2745 428 2784 es.
450 2729 516 2785 Cum
531 2744 595 2799 ergo
615 2729 819 2799 pervenerimus
831 2728 864 2782 ad
878 2736 915 2793 te,
965 2725 1045 2781 modo
1062 2725 1147 2781 Tilius
1159 2742 1212 2782 non
1230 2728 1263 2783 de
1278 2742 1318 2795 se,
1333 2729 1380 2784 sed
1394 2729 1427 2784 de
1440 2738 1467 2784 te
1477 2738 1528 2795 cst,
1548 2745 1598 2786 nec
1611 2741 1701 2787 tamen
1714 2733 1752 2785 tui

127 2821 272 2874 cessabunt
292 2819 385 2890 procul
407 2819 489 2874 dolio
509 2819 592 2873 multa
613 2818 664 2873 ista
679 2834 738 2887 υυυ
750 2818 874 2883 elicimus,
888 2826 916 2872 et
964 2822 1006 2870 est
1017 2817 1161 2885 posterior,
1174 2819 1207 2872 de
1222 2833 1275 2887 quo
1290 2827 1346 2884 est;
1364 2821 1497 2889 quovnodo
1511 2820 1633 2892 Spiritus
1642 2831 1753 2878 sanetus

128 2912 250 2967 uunebis
269 2926 338 2966 unus
357 2911 446 2965 omnia
460 2911 487 2965 in
501 2911 633 2975 omnibus,
654 2917 681 2964 ct
699 2910 758 2965 siue
774 2909 827 2965 llne
840 2908 915 2963 diee—
964 2905 998 2959 de
1006 2913 1032 2960 te
1038 2906 1160 2976 procedit
1170 2908 1339 2974 etFilio,oee
1352 2913 1753 2985 tamonavobtspracediuu,a

128 3016 188 3055 ritus
205 3017 304 3066 onum,
326 3000 467 3055 laudantes
482 3009 507 3055 tc
522 3015 615 3065 uuum,
630 3009 658 3055 ct
672 3000 698 3053 in
714 3006 740 3054 tc
755 2998 817 3053 lacti
831 2997 914 3052 etiam
965 2997 1063 3065 quibus
1076 3000 1211 3068 procedit;
1227 3003 1361 3070 quomodo
1374 3004 1425 3058 tria
1443 3021 1525 3060 arnum
1538 3007 1614 3069 estis,
1629 3015 1658 3060 et
1671 3022 1753 3061 rrnrrm

128 3103 178 3143 nos
193 3104 291 3155 uurrm;
310 3089 434 3143 ridentes
448 3098 475 3143 te
486 3087 585 3158 iugiter
605 3087 664 3142 sine
685 3087 737 3141 bne
755 3087 915 3156 incorrupti·
928 3059 953 3123 c
968 3085 1029 3152 tria;
1044 3088 1178 3155 quomodo
1189 3089 1302 3144 invicem
1310 3091 1420 3147 relative
1431 3092 1483 3147 tria
1490 3093 1566 3159 estis,
1574 3093 1755 3150 essentialiter

128 3179 218 3242 lvilem,
234 3193 338 3234 summe
349 3178 564 3248 inseparabilem,
585 3192 701 3248 vereque
723 3177 916 3233 immutabilem
966 3191 1064 3243 unum,
1090 3178 1225 3247 utromodo
1246 3181 1333 3234 trinus
1355 3189 1382 3237 et
1406 3197 1476 3236 unus
1500 3182 1580 3248 Deris,
1609 3198 1662 3237 non
1682 3183 1754 3239 loea-

128 3269 302 3335 Triuitatem;
319 3277 347 3325 et
362 3271 387 3324 in
405 3278 430 3324 te
450 3271 539 3324 onania
561 3271 687 3336 scientes,
710 3280 738 3325 et
757 3285 837 3325 omne
851 3285 917 3342 gau-
966 3267 1028 3323 liter
1046 3269 1093 3323 sed
1111 3268 1210 3338 ubique
1229 3284 1275 3334 es,
1303 3280 1330 3326 et
1353 3288 1405 3326 non
1426 3268 1610 3342 particulatim
1634 3273 1752 3344 ultique,

127 3357 201 3413 dium
228 3359 255 3412 in
277 3367 305 3413 tc
332 3357 524 3428 perpetualiter
546 3373 702 3414 mansurum
726 3358 857 3414 baltentes
881 3361 916 3415 ab
966 3359 1012 3415 sed
1026 3360 1217 3430 ubiquetotus,
1235 3362 1334 3432 ubique
1348 3378 1477 3433 presens.
1496 3365 1627 3429 sinesitu,
1644 3365 1703 3421 loco
1725 3376 1753 3422 et

126 3453 200 3507 omni
215 3453 303 3507 sanati
317 3452 446 3523 languore
461 3463 487 3508 et
503 3454 529 3506 iu
542 3453 614 3507 illam
635 3454 845 3510 immortalitatis
860 3455 916 3526 glo-
966 3460 1050 3507 motu.

128 3547 197 3600 riam
224 3545 427 3610 transformati,
454 3562 515 3601 cuna
541 3547 644 3600 venerit
672 3546 739 3601 visio
765 3547 832 3612 baec,
855 3562 915 3616 qua

128 3638 216 3693 danda
239 3634 307 3691 iacie
325 3636 358 3690 ad
377 3636 472 3690 laeiem
495 3636 670 3705 promittitur,
693 3635 802 3704 quando
825 3637 914 3706 palam

128 3728 206 3783 uobis
231 3728 265 3782 de
288 3727 393 3782 cunctis
415 3725 617 3779 anitentinbitur
640 3725 787 3795 mysteriis,
807 3733 834 3780 ct
852 3725 914 3781 lidei

1000 3544 1095 3601 xxttt.
1112 3545 1178 3613 Quis
1188 3548 1251 3611 ista,
1267 3563 1341 3620 rogo,
1355 3547 1524 3603 consideret?
1534 3547 1595 3616 quis
1610 3548 1668 3604 lucc
1679 3563 1753 3603 corn-

964 3633 1112 3701 prehendat
1130 3635 1298 3705 quantalibet
1319 3636 1454 3706 probitate
1471 3636 1512 3691 ecl
1525 3636 1636 3690 scientia
1657 3638 1754 3706 praedi-

965 3726 1027 3778 tus?
1044 3725 1100 3780 lloc
1114 3738 1205 3781 tarraco
1220 3728 1246 3780 in
1260 3742 1308 3796 spe
1327 3728 1515 3797 promissionis
1535 3727 1680 3797 repositum
1700 3737 1751 3794 est,

126 3818 241 3890 species,
258 3825 338 3886 atque
351 3816 409 3886 spei
424 3831 468 3870 res
482 3815 636 3879 succedent,
660 3824 722 3869 tunc
741 3815 841 3869 clarius
855 3831 915 3871 cer·
964 3815 1028 3882 quia
1043 3816 1194 3871 videbimus
1217 3825 1252 3880 te,
1277 3818 1402 3882 llomine;
1425 3825 1452 3873 ct
1473 3827 1548 3872 tanto
1570 3819 1754 3888 unusquisque

127 3909 233 3978 titusque
249 3909 367 3963 scientes
380 3907 543 3962 intuebimur
563 3905 630 3960 nihil
650 3915 770 3961 creatum
792 3915 839 3960 aut
858 3922 915 3961 ser·
964 3908 1154 3977 perspicacius,
1173 3916 1273 3977 quanto
1292 3910 1336 3963 bie
1357 3911 1455 3965 viserit
1471 3910 1579 3980 puricum
1599 3908 1661 3979 quia
1675 3926 1752 3964 mun-

127 3997 202 4051 viens
215 3997 242 4050 in
256 4006 291 4062 te,
307 3996 427 4051 Trinitas
442 4012 505 4050 una.
525 3994 595 4049 Nihil
616 3995 756 4065 inequale,
775 3995 842 4050 nibil
854 4011 915 4065 gra·
964 4002 1097 4065 dicordes,
1114 4011 1182 4058 teste
1198 4002 1348 4072 Scriptura,
1362 4003 1490 4058 ridebunt
1504 4003 1586 4058 licum
1601 4001 1707 4075 (lluttb.
1723 4020 1750 4068 v,

127 4087 163 4141 tia
177 4089 289 4157 equale,
306 4088 372 4142 nibil
387 4088 518 4153 austerius,
534 4088 711 4158 posteriusve,
731 4096 777 4142 aut
804 4088 911 4153 ntinus;
964 4091 1003 4159 8).
1024 4089 1124 4160 Aperte
1146 4106 1263 4161 namque
1285 4090 1430 4156 ridebitur,
1456 4103 1551 4147 eructa
1577 4093 1674 4148 mentis
1695 4091 1753 4161 jam

126 4177 192 4233 ailtil
203 4188 364 4234 extraneum
381 4187 427 4233 aut
443 4177 556 4233 olliciale
569 4178 656 4243 alteri,
674 4177 739 4233 nibil
754 4179 914 4249 pervasione
965 4181 1070 4236 detersa
1084 4182 1206 4253 callgine,
1223 4181 1357 4252 quomodo
1379 4183 1473 4248 Filius,
1497 4183 1542 4252 qrri
1564 4182 1675 4237 oriendo
1698 4192 1751 4247 est,

127 4278 174 4324 aut
184 4271 357 4341 subreptione
380 4271 521 4334 insertum,
544 4268 610 4324 nillil
626 4269 747 4323 moribus
763 4269 803 4323 rel
818 4270 914 4325 volun·
966 4273 1023 4351 tibi,
1036 4273 1126 4338 Pater,
1150 4275 1183 4329 de
1204 4289 1258 4344 quo
1272 4275 1368 4338 oritur,
1387 4274 1552 4344 subsequens
1575 4288 1628 4327 non
1649 4282 1705 4337 est;
1724 4283 1752 4328 et

127 4369 183 4415 tate
205 4361 356 4424 diversum,
383 4360 450 4415 nibil
474 4360 562 4415 ollicio
585 4358 730 4431 singulare,
758 4376 808 4415 nec
836 4361 912 4416 alteri
930 4363 1100 4459 Dquomodo
1117 4363 1235 4434 Spiritus
1253 4365 1406 4430 amborum,
1421 4365 1467 4434 qtri
1485 4379 1534 4434 per
1552 4363 1751 4434 processionem

125 4453 360 4517 communicabile,
381 4453 447 4508 nibil
469 4452 627 4508 contusum:
651 4451 698 4508 sed
720 4462 805 4507 toturn
826 4453 913 4523 perle-

124 4548 209 4602 ctum,
231 4540 295 4611 qrria
312 4550 395 4594 toturn
408 4556 441 4595 ex
459 4557 523 4606 tino,
536 4551 563 4597 ct
576 4557 668 4607 urium,
691 4556 743 4596 nou
763 4550 853 4597 tamen
869 4558 914 4597 so·

125 4629 264 4694 litorium,
289 4633 416 4700 qrrortiam
438 4647 570 4685 summum
594 4633 703 4696 bostram,
733 4641 761 4685 et
783 4647 914 4686 summam

126 4720 307 4790 sapientiam,
334 4729 362 4773 et
384 4736 516 4775 summam
542 4721 735 4790 benignitatem
757 4730 783 4775 te
807 4720 915 4792 (salute

127 4809 217 4881 l‘atcrl
240 4811 360 4865 omnium
376 4812 547 4881 principium,
566 4822 593 4866 et
605 4812 746 4866 veritatem
763 4819 844 4876 tuam,
865 4828 914 4882 per

125 4921 207 4975 quiam
229 4915 254 4959 te
277 4905 460 4977 intelligimus,
487 4906 557 4959 urvlla
577 4921 617 4960 -ex
636 4917 713 4975 parte
729 4907 776 4960 tibi
792 4907 910 4962 dissimi-

125 4995 189 5058 lem,
203 5010 262 5063 quae
286 4994 371 5049 lorntu
385 5005 427 5050 est
449 4997 569 5050 omnium
593 5005 621 5051 et
644 5012 703 5065 cvrare
728 4996 783 5051 sola
809 4997 911 5067 implet,

125 5086 197 5154 quod
210 5094 338 5155 appetunt
351 5087 450 5150 omnia,
464 5087 596 5154 simulque
608 5087 695 5156 ipsunt
711 5076 850 5156 utriusque
862 5088 911 5143 do·

125 5188 201 5237 rrum,
217 5188 272 5241 quo
294 5175 372 5228 beata
388 5184 461 5236 susat,
476 5189 643 5243 qrraecunque
661 5175 738 5228 licata
755 5177 857 5230 suntin
873 5186 910 5241 te,

126 5271 225 5316 etcum
237 5271 262 5316 tc
274 5262 386 5317 colimus
402 5272 429 5315 ct
441 5263 601 5327 adoraruus;
615 5278 694 5316 unam
711 5263 813 5318 seilicet
826 5275 853 5319 et
871 5266 912 5320 in·

125 5353 343 5408 commutabilem
357 5353 524 5408 Trinitatem.

162 5439 243 5495 x-xtt.
263 5441 329 5496 Corn
345 5441 415 5494 euim
429 5442 507 5494 tertio
522 5441 661 5510 repetitur,
676 5442 746 5511 ‹prrorl
761 5458 844 5498 untun
857 5454 912 5510 cst,

126 5544 180 5584 nou
202 5545 332 5584 rrvrrncrus
351 5540 536 5596 coacervatur,
558 5533 605 5586 sed
623 5547 705 5586 unrrrn
724 5533 915 5592 illudesseas-

126 5622 233 5678 seritur.
255 5622 382 5694 Gigrretrs,
400 5625 515 5695 genitus,
541 5633 567 5679 et
589 5625 746 5696 procedens,
773 5637 828 5683 tres
854 5630 913 5699 «μυ-

965 4451 1132 4522 producitur,
1148 4468 1162 4504 a
1180 4452 1255 4507 volvis
1269 4451 1467 4522 proterentibus
1483 4469 1535 4506 non
1549 4453 1673 4522 praeitur,
1685 4466 1751 4522 υυυ-

966 4541 1045 4595 vnodo
1057 4550 1084 4594 ct
1095 4557 1177 4595 unum
1191 4541 1362 4596 divisibiliter
1372 4542 1435 4605 tria,
1447 4549 1474 4594 et
1489 4542 1538 4595 tria
1554 4540 1752 4596 indivisibiliter

965 4648 1049 4686 unum
1070 4633 1144 4687 estis.
1171 4634 1235 4686 Visa
1256 4633 1328 4686 enirn
1345 4631 1463 4697 claritas,
1491 4647 1523 4686 ac
1543 4632 1569 4686 in
1589 4631 1749 4702 patefactam

966 4725 1044 4779 nobis
1058 4735 1111 4778 tuae
1125 4723 1275 4790 ruralestatis
1288 4724 1403 4793 speciem
1418 4740 1514 4794 purum
1526 4725 1641 4780 amantis
1653 4725 1751 4780 mentis

966 4813 1092 4866 intuitum
1104 4812 1212 4883 rapiens
1221 4812 1379 4868 sublevabit.
1399 4812 1452 4869 Sed
1465 4816 1521 4885 ipsa
1532 4814 1642 4870 claritas
1653 4824 1749 4869 natura

966 4911 1017 4968 est,
1025 4903 1213 4973 etipsauatura
1222 4902 1330 4958 claritas
1338 4911 1388 4959 est.
1398 4904 1669 4972 Quaeuimirumvisio
1678 4920 1751 4960 nunc

966 4995 1018 5049 ilde
1031 4995 1184 5062 inchoatur,
1196 4996 1243 5051 sed
1257 4997 1356 5052 tuneiu
1364 4998 1453 5067 speeie
1466 4997 1631 5068 perficietur,
1643 4997 1749 5068 quarrdo

966 5101 1126 5142 coaeternam
1135 5087 1182 5141 tibi
1191 5088 1449 5159 sapicrrtiaru,quam
1458 5090 1536 5144 modo
1546 5104 1649 5158 perora
1657 5090 1749 5144 docto-

965 5192 1025 5231 rum
1037 5175 1168 5231 sumimus
1182 5176 1278 5246 inipso
1293 5176 1365 5232 locate
1376 5177 1533 5232 biberimus.
1548 5176 1643 5233 Omnia
1659 5186 1749 5232 autem

965 5275 1151 5329 sacramenta,
1167 5275 1194 5320 ct
1205 5276 1300 5322 cuneta
1316 5268 1393 5322 nobis
1411 5281 1473 5326 tunc
1488 5270 1618 5337 patebunt
1639 5284 1746 5325 arcana.

964 5359 1022 5414 Non
1037 5357 1176 5412 doctorum
1189 5358 1287 5423 serbis,
1307 5374 1359 5412 non
1373 5359 1408 5412 ibi
1423 5358 1484 5414 ullis
1498 5361 1676 5432 indigebimus
1691 5377 1750 5432 mv-

964 5449 1064 5504 steriis.
1083 5448 1163 5503 Facie
1177 5450 1209 5503 ad
1226 5449 1321 5504 faeiem
1340 5449 1488 5506 videbimus
1501 5461 1537 5516 tc,
1551 5453 1597 5508 sed
1611 5454 1682 5514 inde,
1697 5453 1748 5506 nisi

963 5537 1049 5603 fallor,
1066 5539 1135 5593 uude
1151 5539 1235 5609 angeli
1252 5549 1277 5593 te
1294 5540 1394 5595 videut.
1419 5541 1488 5608 Quid
1508 5556 1558 5596 nos
1580 5552 1643 5597 tune
1665 5543 1749 5596 latere

963 5629 1071 5699 poterit,
1081 5629 1188 5700 qrrando
1198 5640 1226 5684 tu
1238 5629 1308 5686 licus
1319 5640 1418 5695 noster,
1432 5632 1485 5686 rita
1499 5632 1656 5700 viventium,
1667 5649 1747 5689 carisa
