3780 6120
136 244 181 299 tts
479 237 686 296 bothhttos.
707 269 742 279 -
759 239 838 295 ibt.
859 238 1006 295 FELlCEhi
1025 237 1115 294 ttuttt
1134 238 1186 294 t'lt.
1207 267 1243 278 -
1262 237 1325 293 ιιι.
1348 238 1400 295 tlt.
1700 236 1754 294 fiii

135 357 250 417 hernicis,
268 364 297 410 et
310 368 362 413 nou
383 354 468 427 potuit
480 365 551 409 totos
565 355 592 408 ih
609 352 712 407 duabus
730 353 833 406 naturis
850 367 912 421 pro-
925 370 950 427 A
963 366 1028 421 gare
1044 365 1096 406 non
1114 352 1214 421 poterit
1229 350 1362 422 quomodo
1375 347 1421 420 qui
1435 347 1498 405 lecit
1509 351 1598 404 onruia
1613 349 1698 405 lachis
1714 361 1756 406 est

132 447 200 518 prius
219 459 283 500 esse
303 443 387 501 Vilius
402 444 467 500 Dei?
488 445 557 516 Ergo
570 446 593 500 si
614 443 657 498 ille
669 443 714 513 qui
736 450 814 498 natus
827 450 913 498 estex
967 440 1038 495 inter
1056 441 1154 496 omnia.
1176 440 1214 495 lle
1227 456 1280 511 quo
1302 441 1385 495 multa
1400 441 1454 496 dici
1475 450 1597 512 possunt.
1619 440 1653 496 Et
1673 453 1715 496 est
1729 443 1755 496 in

132 536 237 608 Virgine
249 543 324 592 totus
336 545 378 592 est
390 537 514 607 proprius
526 535 644 606 Virginis
660 533 739 597 lilius,
753 548 857 604 :equum
872 541 914 589 est
968 531 1059 602 aliquo
1071 531 1132 586 talis
1146 531 1275 588 snrrctitas
1292 532 1364 598 vitoe,
1380 539 1407 587 ct
1422 533 1507 588 sancti
1526 531 1642 602 Spiritus
1657 533 1756 604 gratis,

130 637 156 685 ut
170 627 316 684 credamus
328 627 450 683 eurndem
464 641 523 682 esse
537 627 585 681 liei
604 625 693 680 Patris
713 625 850 696 proprium
866 623 912 678 Fi·
968 628 998 675 ut
1015 620 1117 691 aliquid
1128 619 1162 676 de
1174 635 1207 676 eo
1218 620 1298 692 digne
1311 621 1402 678 dicere
1417 621 1523 677 valeat?
1537 621 1589 679 Sed
1603 621 1647 676 hic
1664 620 1757 692 paulo-

128 717 199 775 lium.
223 714 388 773 Naturarum
407 717 479 771 enim
497 715 635 771 Conditori
657 715 730 770 nulla
751 723 846 769 natura
868 729 912 768 re·
967 710 1023 765 lum
1037 711 1211 781 respiremus,
1228 720 1361 782 quatenus
1380 713 1433 768 tuis
1451 713 1632 778 sermonibus,
1645 728 1712 781 ques
1730 720 1757 765 tn

127 808 206 874 sistit,
222 815 253 863 ut
266 824 300 864 ex
311 822 343 863 ea
356 807 445 864 lacere
459 822 512 862 non
526 807 610 878 possit
622 806 693 877 quod
706 805 779 870 ιιιιι,
794 805 840 875 qui
853 820 912 860 om·
967 802 1010 857 rel
1030 802 1058 857 in
1080 811 1179 859 sanctae
1202 803 1329 860 Ecclesiae
1347 804 1549 872 adversitatem,
1564 804 1607 861 rel
1626 805 1708 859 etiam
1729 802 1761 858 ln-

127 898 170 955 rria
188 913 225 954 ex
246 897 333 955 nihilo
347 912 439 953 creare
457 897 546 968 potuit
565 897 628 952 dum
641 896 734 951 voluit.
757 896 796 951 Ex
818 895 917 950 creatis
966 892 1051 949 nostri
1074 893 1189 949 nominis
1210 894 1425 965 suggillationem
1449 895 1629 966 multiplicare
1649 893 1759 956 stodor,

127 987 208 1058 igitur
220 987 309 1046 multo
327 986 413 1059 magis
425 987 555 1058 perlicere
574 994 679 1056 poterat
698 985 828 1058 quidquid
847 985 918 1041 illius
966 986 1177 1057 acutiorestylo,
1191 987 1278 1057 gratia
1298 987 1387 1042 dirim
1407 1002 1456 1042 ner
1476 987 1628 1060 adjurante,
1648 1000 1757 1055 respou-

123 1078 331 1150 omnipotentie
348 1078 456 1148 placuit.
472 1077 593 1135 Humana
608 1077 706 1147 quippe
724 1078 793 1134 ratio
807 1076 917 1131 inresti-
969 1074 1033 1129 dere
1051 1074 1198 1129 valeamus.

135 1196 297 1217 finan—n-

764 1289 879 1350 hiltrih
902 1287 1106 1350 SEPTIMUS.

157 1516 183 1574 l.
202 1518 316 1590 Legitur
330 1517 439 1571 beatum
456 1514 647 1587 Hieronymum
666 1515 840 1571 fortissimum
855 1532 919 1570 «ιη.
969 1510 1020 1566 sihi
1036 1511 1061 1566 in
1077 1521 1154 1567 utero
1168 1512 1291 1583 virginali
1307 1512 1421 1584 lingens,
1437 1523 1496 1568 erat
1511 1529 1572 1569 cum
1586 1526 1717 1586 concepto
1733 1524 1760 1571 st

124 1616 171 1665 tra
192 1608 341 1665 baeretieas
362 1607 508 1677 pravitates
527 1606 653 1663 Ecclesiae
671 1607 770 1663 Christi
791 1608 918 1663 athletam
969 1598 1085 1655 formato
1101 1618 1107 1654 :
1123 1616 1175 1670 qua
1189 1602 1276 1671 gratia
1295 1609 1323 1656 ct
1338 1613 1458 1658 sanctam
1473 1604 1546 1657 illam
1562 1603 1698 1675 Virginem
1712 1605 1760 1659 Del

125 1697 231 1754 dixisse
246 1715 252 1751 :
268 1695 342 1752 omni
356 1695 444 1752 studio
460 1709 489 1750 se
503 1696 653 1762 intendere,
670 1708 699 1752 ut
712 1699 803 1754 hostes
816 1699 916 1754 Christi
934 1688 1128 1779 psessiificeffl
1140 1690 1303 1759 ³llllt³¹¹d¹¹¹¹¹⁵
1318 1710 1324 1744 ³
1339 1708 1392 1747 ¹¹⁰ss
1407 1703 1533 1763 'anquam
1545 1693 1630 1749 Deum
1641 1705 1762 1765 generet,

124 1787 201 1847 illins
215 1796 309 1846 essent
323 1793 350 1842 et
361 1787 462 1842 hostes.
478 1785 555 1855 Quod
566 1786 648 1841 etiam
664 1802 712 1857 pro
727 1803 830 1842 summa
842 1787 920 1844 lande
971 1779 1018 1834 scd
1032 1786 1160 1850 tanquam
1173 1782 1309 1836 hominem
1321 1784 1424 1838 unitum
1438 1784 1502 1850 lico,
1515 1785 1560 1854 qni
1573 1786 1651 1841 linxit
1662 1804 1733 1840 euro.
1752 1807 1760 1832 r

127 1897 183 1941 non
203 1879 294 1936 solum
313 1876 368 1944 ille,
388 1892 481 1932 rerum
498 1878 580 1933 etiarn
599 1893 692 1933 omnes
708 1879 846 1934 catholicae
860 1879 919 1935 fidei
970 1870 1040 1938 Quid
1053 1881 1142 1925 autem
1158 1871 1230 1927 ³¹l¹¹t¹
1245 1881 1303 1939 esi,
1317 1876 1388 1944 huod
1402 1883 1430 1928 ⁰²
1448 1885 1476 1929 ¹¹¹
1490 1876 1568 1941 (licis,
1583 1876 1631 1931 Dei
1646 1878 1763 1939 Verbum

127 1967 286 2030 &sessores
296 1967 347 2023 sibi
360 1982 375 2021 a
386 1967 442 2022 lieo
451 1966 542 2021 datum
553 1981 650 2021 munus
661 1966 830 2036 reputabant.
845 1966 921 2024 Unde
971 1958 1107 2016 habitasse
1122 1962 1149 2015 in
1164 1962 1274 2017 homine
1288 1972 1437 2032 assrrmpto,
1450 1965 1527 2034 quasi
1542 1964 1570 2019 in
1588 1965 1687 2034 templo
1697 1981 1763 2036 quo·

128 2067 157 2116 et
170 2073 221 2130 ego
240 2055 362 2113 tantillus
381 2054 508 2111 Ecclesiae
526 2052 628 2110 Christi
643 2055 802 2112 vernaculus
822 2057 921 2128 impre-
972 2052 1044 2117 dam,
1060 2067 1112 2108 non
1127 2053 1196 2108 sicut
1208 2049 1372 2126 evangelista
1385 2058 1443 2111 ait:
1466 2054 1575 2113 Verbum
1590 2073 1652 2112 coro
1663 2058 1762 2127 [ectum

125 2149 205 2223 peria
217 2147 274 2205 mei
295 2146 413 2202 nominis
433 2146 564 2216 patienter
578 2144 687 2209 sullero,
703 2148 766 2216 quia
780 2163 846 2202 mere
858 2163 922 2217 pnr—
971 2151 1008 2195 est
1021 2141 1111 2214 (ioan.
1127 2159 1148 2208 r,
1163 2144 1225 2216 lli?
1239 2162 1249 2196 r
1264 2144 1435 2210 Secundum,
1453 2146 1553 2216 inquis,
1568 2146 1674 2203 Domini
1688 2162 1764 2201 man-

126 2238 224 2294 ritatls
242 2236 353 2295 modulo
372 2235 485 2292 multum
505 2243 547 2292 est
564 2235 730 2299 delectabile,
750 2245 778 2291 et
795 2238 921 2310 gaudium
972 2232 1063 2288 datum
1078 2233 1200 2304 gestabat
1214 2234 1398 2300 divinitatem,
1419 2247 1446 2290 et
1461 2237 1597 2292 habitator
1609 2238 1651 2291 est
1669 2236 1763 2306 templi

127 2327 251 2400 plenum
266 2341 423 2384 communes
437 2327 538 2382 hahere
552 2327 643 2382 hostes
658 2342 719 2381 cum
736 2326 848 2382 homino
862 2341 922 2382 ineo
972 2323 1023 2378 sui.
1041 2343 1050 2375 ι
1067 2322 1120 2378 Sed
1136 2324 1214 2395 longe
1236 2324 1309 2379 alind
1328 2324 1369 2379 e'st
1392 2326 1477 2380 Deum
1493 2326 1629 2380 habitasse
1651 2326 1678 2379 in
1698 2339 1763 2379 san-
1862 2336 1865 2340 ’

128 2416 194 2474 iesu
213 2415 336 2482 Christo,
357 2430 437 2485 quern
455 2415 566 2486 diligere
588 2430 692 2471 summa
716 2425 758 2471 est
778 2417 921 2486 sapientia,
973 2414 1025 2468 ctis
1041 2433 1047 2466 :
1065 2413 1138 2468 aliod
1149 2430 1224 2478 nero,
1240 2415 1326 2483 ipsum
1339 2414 1423 2469 heum
1435 2415 1571 2470 hominem
1587 2412 1704 2478 laetum,
1720 2422 1763 2467 at-

129 2515 159 2566 et
178 2507 292 2563 laudare
311 2504 432 2580 perfecta
451 2514 492 2561 est
511 2506 664 2572 beatitudo,
686 2522 765 2561 nosse
786 2521 849 2562 rere
868 2510 922 2565 rita
974 2516 1027 2573 ιιιι
1039 2517 1071 2557 ιι
1086 2504 1192 2559 duabus
1212 2504 1369 2559 substantiis
1381 2520 1461 2560 unam
1477 2520 1620 2575 personam
1637 2503 1720 2559 Deum
1738 2511 1766 2556 et

127 2607 233 2657 aterna
248 2616 255 2652 :
272 2597 517 2656 sioutecontrario
533 2613 587 2652 non
600 2611 705 2652 amasse
715 2597 922 2666 profundissima
974 2593 1110 2649 hominem
1129 2611 1198 2652 esse.
1216 2614 1224 2646 ι
1242 2594 1300 2650 h'on
1318 2595 1406 2660 enim,
1426 2604 1454 2650 nt
1472 2597 1510 2651 ait
1529 2596 1624 2651 bentns
1638 2593 1764 2667 Cyrillus,

128 2697 173 2742 est
192 2685 324 2752 stultitia;
348 2684 407 2756 ejus
424 2693 512 2740 autem
536 2685 628 2756 gloriae
648 2685 747 2756 aliquid
767 2688 924 2745 subtrahere
975 2687 1043 2742 sieut
1056 2687 1107 2743 riri
1125 2687 1284 2743 sanctificati
1303 2697 1330 2742 et
1343 2689 1431 2745 Verbo
1445 2688 1579 2758 conjuncti
1596 2701 1764 2743 communem

130 2777 201 2833 nelle
219 2776 316 2831 ultima
336 2783 377 2833 est
396 2776 527 2832 miseria:
548 2784 574 2832 et
593 2776 667 2832 illum
685 2778 811 2850 ignorare
830 2781 925 2836 mortis
975 2793 1085 2834 carnem
1100 2777 1199 2834 Christi
1213 2778 1386 2849 percipimus,
1404 2786 1450 2834 aut
1464 2779 1534 2834 sicut
1548 2778 1665 2832 divinam
1680 2778 1766 2848 possi·

131 2874 324 2937 estperpeture
337 2868 497 2938 pericolum.
976 2869 1063 2923 dentis
1081 2869 1292 2934 habitationem,
1312 2870 1358 2924 sed
1373 2877 1404 2923 ut
1421 2884 1485 2925 rcrc
1510 2867 1713 2924 vivificatricem
1739 2877 1766 2923 ιι

164 2958 198 3015 il.
219 2957 321 3029 objicis
339 2974 403 3031 ergo
423 2973 467 3013 me
482 2959 590 3025 dixisse,
612 2970 638 3015 et
653 2976 745 3016 rerum
761 2961 857 3026 fateor,
878 2965 926 3020 ob·
978 2960 1061 3030 ipsios
1085 2958 1166 3015 Verbi
1189 2959 1326 3031 propriam
1350 2958 1449 3014 luctam
1472 2960 1534 3014 rite
1557 2959 1716 3014 naturaliter
1739 2971 1767 3015 ιι

128 3050 192 3123 licis
218 3051 292 3123 quod
312 3048 389 3106 iesus
410 3049 534 3106 Christus
553 3065 634 3107 rems
655 3053 690 3106 sit
710 3052 780 3108 Deus
800 3062 827 3108 et
844 3070 961 3132 rerusc
977 3052 1048 3108 lleus
1063 3053 1195 3107 cristati
1221 3051 1254 3104 ht
1268 3051 1330 3105 alihi
1345 3049 1392 3123 (S.
1408 3049 1501 3122 Cyril„
1518 3051 1597 3121 epist.
1622 3050 1655 3105 od
1672 3048 1767 3105 Nesto-

132 3143 181 3198 llei
194 3141 303 3198 Vilius:
320 3142 383 3213 quia
396 3142 447 3197 boc
456 3139 513 3210 jam
527 3143 594 3209 diri,
609 3152 636 3198 et
648 3144 736 3199 adhuc
749 3144 847 3201 dicam.
864 3145 922 3203 Non
974 3147 1044 3200 rium
1064 3144 1096 3197 de
1115 3141 1286 3211 Ercomrn.):
1306 3160 1314 3192 ι
1333 3140 1386 3196 Sed
1401 3156 1450 3197 nec
1466 3141 1531 3196 illud
1545 3141 1676 3206 dicimus,
1695 3141 1767 3212 quod

131 3230 220 3288 mum
237 3245 300 3302 ego,
317 3246 411 3287 rerum
428 3233 510 3286 etiam
524 3233 612 3289 omnis
627 3242 720 3289 saneta
739 3235 785 3292 Dei
804 3235 924 3294 Ecclesia
974 3237 1021 3294 Dei
1033 3236 1153 3292 Verbum
1163 3234 1236 3290 relut
1251 3233 1278 3288 in
1289 3233 1397 3289 homine
1411 3233 1557 3299 communi,
1567 3233 1613 3303 qul
1627 3233 1659 3288 dc
1672 3239 1767 3287 sancta

132 3339 196 3380 cum
216 3321 346 3393 apostolis
368 3330 396 3378 et
416 3323 541 3379 omnibus
561 3324 702 3380 catholicis
721 3325 877 3385 doctoribus
897 3331 925 3384 in
976 3328 1085 3400 Virgine
1100 3334 1179 3382 natus
1199 3333 1252 3391 est,
1266 3324 1410 3392 habitarit;
1434 3338 1468 3379 ne
1488 3324 1571 3380 heum
1590 3323 1670 3378 homo
1690 3321 1768 3376 Chri-

132 3420 190 3469 tota
213 3413 373 3468 orthodoxe
396 3411 458 3469 hdei
481 3412 662 3469 celebratione
682 3415 756 3482 dicit,
780 3419 876 3485 credit,
898 3427 926 3474 et
975 3429 1033 3476 stus
1047 3419 1226 3475 habitatorem
1241 3417 1378 3489 possidere
1392 3417 1528 3473 credatur.
1551 3414 1680 3482 Quarnris
1694 3413 1766 3469 enim

133 3503 265 3574 praedicat
287 3501 457 3558 fiducialiter.
478 3502 533 3559 lVec
553 3503 601 3558 tibi
622 3504 718 3561 sullicit
737 3508 822 3563 semel
836 3509 926 3566 dicere
975 3509 1094 3567 Verbum
1107 3507 1243 3564 habitaret
1256 3507 1284 3562 in
1298 3505 1385 3572 nobis,
1398 3513 1426 3563 ιι
1439 3507 1540 3562 dietum
1551 3504 1588 3560 sit
1599 3523 1605 3558 :
1617 3504 1650 3559 ln
1661 3501 1765 3560 Christo

134 3591 322 3661 bujosoemodl
343 3593 450 3648 rerba:
472 3611 480 3643 ι
503 3591 531 3647 Si
551 3594 635 3660 enirn,
660 3595 759 3665 inquis,
782 3597 852 3653 idem
874 3598 927 3654 Re-
976 3599 1093 3655 habitere
1119 3615 1220 3654 omnem
1245 3597 1433 3671 plenitudinem
1459 3585 1571 3654 Deitmir
1597 3594 1769 3669 corporaliter

135 3681 263 3752 (temptor
281 3691 374 3739 noster
386 3682 413 3737 in
429 3682 515 3737 lorma
528 3685 615 3749 serui,
630 3691 660 3739 ut
675 3700 723 3741 ros
735 3685 831 3753 rnltis,
845 3703 927 3744 rerus
977 3689 1088 3765 (Colore.
1105 3708 1140 3758 rr,
1152 3691 1196 3763 9);
1216 3699 1308 3748 tamen
1329 3690 1502 3764 intelligimus
1521 3701 1595 3756 cum,
1614 3688 1685 3760 quod
1705 3702 1769 3742 caro

134 3771 274 3830 estFilins
285 3773 341 3828 hei.
357 3771 436 3828 illoc
449 3774 535 3843 ipsura
548 3775 612 3845 quid
626 3774 725 3830 iterum
736 3786 817 3847 atquc
830 3777 927 3834 iterum
976 3781 1065 3838 iactos
1078 3791 1136 3849 est,
1150 3798 1203 3839 non
1217 3785 1288 3841 sicut
1299 3785 1327 3839 in
1342 3789 1447 3840 sanetis
1456 3782 1578 3839 habitare
1589 3781 1703 3846 dicitur;
1720 3794 1769 3834 nec

134 3866 257 3939 repetis?
272 3867 307 3923 tit
320 3868 461 3940 perspicue
478 3877 505 3923 te
521 3868 574 3924 hoc
589 3868 661 3924 nolle
679 3868 844 3941 intelligatur
856 3873 928 3941 qnod
977 3874 1058 3930 talem
1078 3874 1105 3929 ln
1127 3875 1186 3946 ipso
1206 3874 1401 3931 habitationem
1422 3873 1524 3933 laetam
1542 3871 1662 3928 dillinire
1683 3878 1770 3925 tenta-

135 3973 187 4014 nos
200 3957 273 4012 relle
288 3956 472 4029 reprehendis.
493 3955 522 4012 Si
543 3971 609 4029 ergo
630 3958 673 4013 ille
687 3956 768 4013 homo
783 3959 875 4029 quiex
889 3960 928 4017 di·
977 3982 1038 4024 mus
1057 3987 1064 4022 :
1086 3967 1134 4024 sed
1153 3967 1251 4024 unicus
1269 3968 1348 4039 juxta
1371 3975 1510 4029 naturam,
1533 3979 1584 4020 nec
1607 3963 1635 4020 in
1660 3976 1768 4018 carnem

137 4049 200 4102 rina
223 4047 309 4102 saneti
333 4046 450 4118 Spiritus
479 4047 634 4117 operatione
657 4056 682 4106 et
707 4048 822 4121 gloriosa
843 4049 929 4107 beatur
978 4066 1122 4123 mutatus,
1147 4056 1228 4112 talem
1254 4056 1305 4111 sibi
1333 4054 1397 4110 lecit
1422 4053 1637 4117 habitationem,
1662 4050 1769 4121 qualem

140 4140 260 4213 Virginis
281 4141 407 4197 castitate
427 4150 573 4213 conceptus
591 4152 633 4200 est
654 4153 683 4199 ιι
701 4154 791 4210 natus,
813 4162 866 4201 non
888 4154 929 4202 est
978 4147 1068 4202 anima
1082 4144 1442 4203 hominishaberecreditur
1455 4145 1482 4199 in
1496 4142 1767 4218 propriocorpore.›

139 4246 233 4295 serus,
247 4237 278 4284 ut
298 4237 325 4283 tn
345 4231 458 4297 asseris,
478 4231 563 4288 Filius
585 4233 642 4298 hei,
669 4250 719 4290 nec
739 4251 819 4292 verus
841 4239 927 4305 Deus;
980 4235 1081 4292 Unicus
1105 4237 1188 4310 igitur
1210 4245 1253 4294 est
1274 4236 1399 4294 Christus
1420 4235 1503 4292 Filius
1524 4235 1653 4291 Dominus
1668 4242 1770 4298 noster,

141 4321 206 4390 qnid
218 4328 349 4390 superest,
361 4320 412 4375 nisi
428 4331 457 4377 ut
472 4322 516 4376 illa
527 4322 604 4378 beata
618 4323 700 4394 Virgo
712 4341 880 4396 nequaquam
895 4328 930 4383 sit
979 4341 1033 4381 non
1047 4328 1121 4381 reiut
1133 4326 1320 4398 conjunctione
1342 4328 1463 4400 qualibet
1478 4338 1506 4384 ct
1519 4329 1622 4385 unitate
1635 4326 1772 4400 dignitatis

142 4427 205 4466 rora
220 4409 268 4466 Ilei
282 4410 408 4482 genitrix,
427 4412 476 4466 sed·
493 4414 682 4484 nuncupativa.
703 4413 769 4482 Quia
790 4416 814 4471 si
827 4416 872 4471 ille
883 4418 928 4488 qni
944 4418 1007 4476 [let
1027 4418 1189 4476 auctoritate
1208 4420 1327 4476 hominis
1346 4421 1471 4476 habentis
1490 4421 1524 4475 ad
1537 4417 1631 4484 Deum,
1647 4433 1727 4490 quem
1743 4426 1771 4471 tn
1832 4449 1835 4456 ·

141 4516 173 4557 ιι
185 4516 218 4557 ea
232 4508 369 4556 natusest
388 4504 585 4573 nuncupativus
598 4510 639 4558 est
653 4503 734 4569 Deus,
747 4505 828 4560 etiam
843 4515 871 4562 et
884 4507 929 4562 illa
983 4509 1053 4566 soles
1070 4512 1243 4584 conjunctum
1261 4511 1328 4577 Deo,
1348 4514 1405 4569 sire
1417 4513 1574 4585 adoptatum
1586 4510 1717 4576 recitare,
1731 4508 1772 4563 di-

143 4608 200 4662 qoae
215 4591 312 4664 genuit
329 4593 507 4662 nuncupativa
521 4601 573 4659 est,
588 4610 642 4650 non
655 4611 718 4651 rera
737 4597 783 4652 Dei
801 4600 928 4669 genitrix.
982 4606 1120 4662 rinitatcm
1143 4623 1249 4678 quoqne
1272 4616 1388 4678 gestare,
1412 4615 1455 4672 et,
1478 4607 1569 4661 nescio
1590 4621 1643 4675 quo
1665 4603 1772 4660 insolito

144 4681 175 4738 Et
188 4683 333 4750 110611Πιῐῃ
346 4680 456 4751 impium
470 4681 619 4750 Siidict‘ies
635 4685 717 4740 Vilius
732 4688 823 4743 mundi
837 4689 929 4744 latitu-
982 4699 1065 4753 rorbn
1085 4715 1161 4766 usus,
1181 4701 1347 4757 divinitatem
1369 4699 1463 4754 liniare
1479 4698 1558 4754 dicis.
1578 4697 1686 4753 Liniars
1700 4696 1772 4752 enim

145 4773 204 4827 dirre
223 4772 251 4826 in
269 4787 323 4842 qua
336 4771 459 4827 Christus
479 4781 573 4843 regnat
593 4783 621 4829 et
641 4776 748 4844 colitur,
769 4778 931 4837 nranilestis·
982 4789 1061 4861 vulgo
1080 4791 1178 4846 dicim,-
1200 4792 1233 4847 de
1254 4790 1396 4861 pingendis
1416 4790 1459 4846 pel
1478 4789 1629 4862 sculpendjs
1651 4789 1773 4860 imagini.

147 4865 210 4918 sirne
224 4863 425 4932 comprobator.
441 4861 508 4917 lVam
524 4872 550 4918 ιι
565 4864 616 4918 hoc
635 4864 721 4935 ipsum
740 4868 818 4923 beato
831 4868 932 4940 Cyrilto
982 4879 1044 4944 hus,
1061 4881 1103 4935 rel
1126 4881 1256 4950 enjnsquc
1278 4880 1368 4951 operis
1389 4879 1483 4953 liguris
1505 4882 1694 4953 exprimendis.
1719 4879 1773 4934 Sed

147 4951 325 5008 diffittdtitffl
340 4949 466 5023 θιῖθθθιθ
479 4952 513 5006 ³¹)
532 4952 667 5009 haelelicis
679 4954 863 5024 ⁰bii⁰ieb³i¹¹¹t
880 4960 933 5014 Sti·
984 4968 1037 5022 hoc
1058 4968 1121 5038 qnid
1143 4970 1176 5023 ad
1190 4968 1249 5023 Filii
1269 4968 1317 5024 Dei
1332 4969 1497 5025 diuinitatem
1517 4971 1557 5025 rel
1578 4969 1773 5029 hurrranitatem

147 5041 207 5097 ¹⁵⁶⁰*
219 5043 326 5097 Mam
340 5042 477 5113 Virdifleffl
492 5058 545 5098 ¹¹⁰⁰
560 5058 620 5100 ⁰³⁵0
634 5044 681 5101 ⁰⁰1
696 5046 871 5118 genitricem,
887 5051 935 5106 ὅθι
984 5059 1134 5129 pertineat,
1151 5074 1204 5114 non
1218 5059 1346 5131 intelligo.
1364 5060 1440 5129 Quod
1456 5077 1531 5125 rere,
1547 5069 1578 5119 ut
1590 5059 1772 5132 prediximus,

147 5135 295 5204 appellari:
311 5135 389 5190 sicuti
410 5144 438 5190 ιι
455 5151 503 5190 ros
522 5136 602 5193 modo
623 5137 715 5194 soletis
728 5141 828 5209 dicere,
842 5141 934 5200 lesuin
985 5154 1091 5218 gestare
1112 5162 1174 5203 enm
1192 5149 1360 5207 divinitatem
1380 5151 1457 5218 dicis,
1481 5151 1543 5208 andi
1565 5149 1630 5220 quid
1651 5163 1701 5222 pro
1720 5147 1774 5203 hoc

146 5222 283 5279 Christum
297 5239 352 5280 non
366 5239 532 5279 essenorum
553 5227 695 5283 hominum
715 5238 742 5284 et
760 5229 856 5287 Filium
876 5232 936 5300 liei,
987 5237 1120 5293 mercedis
1137 5239 1254 5311 accipias
1275 5256 1290 5295 a
1313 5243 1414 5299 sanctis
1437 5251 1465 5296 et
1484 5236 1623 5297 catholicis
1642 5239 1709 5296 viris
1728 5240 1774 5310 qui

145 5315 192 5369 sed
204 5314 345 5385 appellari,
358 5316 435 5387 quasi
449 5317 668 5386 nuncupativum.
683 5318 721 5374 lta
732 5319 816 5394 848
828 5323 936 5393 qnidam
985 5337 1077 5384 contra
1094 5332 1162 5387 hanc
1175 5333 1300 5388 haeresim
1315 5342 1388 5389 tunrn
1401 5343 1484 5390 muita
1495 5335 1635 5404 disputare
1651 5331 1775 5390 solebant

145 5404 935 5488 Nestorianuseootracatholicamfidemdisputansdiritr2
986 5420 1026 5492 (S.
1042 5421 1146 5493 Cyrtii,
1162 5425 1299 5480 Arintheus.
1313 5424 1350 5496 ι).
1367 5445 1377 5476 r
1394 5425 1507 5496 Siquis,
1522 5426 1658 5497 inquiunt,
1673 5441 1774 5495 praesn-

147 5515 156 5549 r
178 5496 233 5565 eri
257 5508 320 5556 ante
343 5503 440 5557 saecula
462 5512 515 5571 cst,
536 5504 608 5560 Deus
635 5515 677 5561 est
700 5525 705 5560 :
732 5508 779 5563 sed
810 5509 937 5579 templum
986 5512 1035 5567 init
1046 5513 1136 5568 dicere
1148 5512 1284 5570 licitorum
1299 5516 1433 5572 hominem
1448 5517 1598 5578 Christum,
1615 5526 1644 5572 ιι
1659 5532 1713 5571 nnn
1727 5530 1761 5585 pn

180 5630 194 5657 ⁸
217 5617 304 5673 l‘erha
326 5627 387 5676 sunt
404 5620 567 5682 Theodoreti
588 5625 614 5678 in
635 5625 839 5695 reprehensione
855 5625 934 5695 primi
951 5622 1173 5706 ,inathematisrni
1189 5626 1258 5698 apud
1272 5626 1407 5698 Cyrithnn.
1498 5686 1502 5691 ,
