3780 6120
125 265 177 325 855
534 252 564 306 Β.
585 250 615 304 F.
634 245 747 304 ,lLlllNl
768 245 834 301 SEU
854 241 993 300 ‚tidelm
1012 239 1154 299 OPEllUll
1174 238 1263 294 ntus
1284 237 1326 292 tl.
1718 226 1770 283 tt‘uu

118 382 178 441 .0re
192 381 305 449 loquens
317 381 444 447 promptu
462 368 595 424 taciturna
610 362 717 419 silentia
730 359 810 428 rupit,

125 473 160 529 Et
169 470 249 542 pleno
263 475 306 521 est
323 463 432 535 penitus
447 468 537 514 mutus
547 468 671 511 sermone
684 451 801 506 loeutus.

124 563 215 632 Atque
229 559 272 615 die
286 562 352 620 toto,
365 554 469 624 pariter
482 564 543 604 cum
555 551 635 601 nocte
644 540 777 612 sequenti,

125 654 185 710 Nou
197 650 315 708 cessavit
327 662 412 703 ovans
426 642 515 699 varias
526 637 649 710 prolerre
659 633 790 705 loquelas,

125 744 214 812 Atque
227 754 283 795 suae
296 736 395 791 mentis
405 739 523 788 secretas
535 726 653 797 pandere
667 738 778 787 causas;

126 832 160 887 Et
172 846 234 886 cum
244 842 310 883 voce
321 825 391 881 ontis
405 821 507 893 pariter
518 817 577 887 jam
590 828 654 870 sana
668 826 777 868 reversa
788 818 849 875 cst;

127 921 344 987 Reddunturque
356 912 418 969 novi
433 910 552 978 crispato
563 906 638 961 crine
652 901 741 973 capilli
753 918 762 968 3

128 1011 300 1079 pulcherque
314 1012 355 1060 est
368 1000 476 1071 juvenis
488 998 584 1063 lactus,
596 1002 790 1067 promptusque
804 985 920 1058 loquela.

128 1105 228 1172 Sicque
245 1101 355 1155 donrum
366 1092 504 1165 propriam
522 1088 642 1160 gaudens
656 1092 767 1142 sanatus
780 1081 879 1137 adibat.

128 1193 231 1265 253⁰
245 1188 300 1242 Nec
309 1183 465 1240 meminisse
475 1179 547 1234 aliud
559 1177 649 1241 taedet,
660 1170 794 1229 laudabile
804 1168 921 1238 signnm,

128 1286 196 1339 Dum
210 1281 307 1335 lustrat
319 1284 411 1347 pastor
423 1272 497 1343 vigili
512 1269 644 1325 tutamine
658 1263 787 1320 mandras
799 1261 825 1329 b,

128 1375 292 1430 Sanctarum
305 1367 380 1422 veuit
395 1363 558 1418 larrrularum
570 1359 660 1414 visere
674 1355 780 1420 cellam,

129 1466 167 1520 lle
180 1475 296 1533 quarum
310 1470 423 1513 numero
438 1453 550 1509 recubat
563 1445 721 1520 virguncula
735 1443 858 1515 quaedam

128 1556 204 1610 Vena
219 1551 262 1607 cui
275 1563 362 1618 nuper
374 1545 463 1601 medio
476 1551 519 1598 est
533 1541 619 1596 ineisa
632 1537 746 1601 lacerto,

130 1647 165 1702 Et
177 1657 274 1699 orarius
287 1636 417 1707 obstipuit
432 1634 515 1690 nimio
529 1636 669 1688 crassante
682 1635 798 1682 tumore.

130 1738 201 1807 Ergo
214 1732 355 1788 videbatur
367 1728 448 1784 citius
462 1724 593 1780 moritura
604 1719 692 1792 puella
700 1718 716 1786 ς’

130 1828 205 1883 lianc
219 1826 267 1881 sed
281 1820 401 1879 restituit
414 1817 521 1874 Domini
533 1815 633 1869 virtute
646 1810 727 1868 saluti

132 1918 253 1973 hutistcs
266 1918 385 1976 sanctus,
402 1908 448 1978 qui
462 1913 544 1971 tecta,
560 1919 576 1959 a
591 1910 678 1958 matre
693 1907 815 1972 rogatos,

132 2007 250 2078 l'irginis
265 2004 394 2069 intrabat,
409 2000 593 2067 recubamque
607 2010 642 2050 ex
655 2007 731 2049 more
745 1990 855 2054 salutat,

131 2103 220 2168 htque
232 2109 328 2166 preces
339 2092 454 2147 lirndens
466 2087 558 2144 manui
572 2083 747 2142 benedixerat
759 2093 847 2150 aegrae.

131 2187 248 2245 invaluit
262 2185 354 2240 statim
367 2181 486 2254 fugiente
501 2176 593 2235 dolore
605 2172 704 2247 puella,

132 2281 215 2351 inque
229 2276 338 2334 modum
350 2275 450 2331 mimm
461 2280 519 2328 toto
532 2270 565 2327 de
577 2280 690 2338 corpore
705 2272 761 2319 tota

133 2373 201 2430 Cum
215 2371 345 2426 redeunte
358 2367 431 2424 loras
444 2363 556 2422 secessit
569 2358 683 2432 praesule
696 2355 790 2427 pestis.

133 2466 262 2522 Protinus
274 2463 428 2518 altithrono
440 2458 546 2531 magnis
558 2462 652 2524 erepta
664 2449 782 2522 periclis,

134 2556 217 2628 Virgo
230 2555 304 2611 canit
316 2553 408 2607 laudes
421 2548 520 2605 multos
531 2545 635 2600 victura
649 2556 698 2612 per
710 2553 804 2594 autres.

173 2658 184 2687 ι
202 2646 271 2700 lluic
282 2642 355 2697 aliud
367 2639 448 2696 simili
463 2634 593 2691 suecessit
605 2633 631 2686 in
644 2630 738 2688 ordine
751 2629 865 2700 siguum.

135 2739 206 2795 Eece
218 2749 310 2792 comes
322 2731 431 2802 quidam
444 2724 628 2783 venerandum
638 2721 700 2791 jure
711 2719 842 2776 loannem

134 2832 264 2893 Adiacet,
279 2825 400 2882 eeclesiae
414 2820 529 2877 Pennino
542 2817 588 2888 qui
603 2824 673 2871 tecta
688 2813 800 2870 dicaret.

135 2923 210 2979 Uxor
222 2926 282 2976 erat
293 2918 370 2989 cuijus
384 2914 477 2971 multis
491 2910 597 2968 infirma
612 2908 717 2972 diebus,

135 3012 319 3082 Quadraginta
329 3009 423 3080 jacens
436 3010 532 3061 noctes
543 3001 671 3073 depressa
684 2996 787 3062 dolore,

135 3104 242 3176 hlgida,
256 3115 306 3157 nce
317 3099 402 3154 valuit
414 3111 474 3152 sese
486 3094 606 3150 relevare
618 3090 717 3156 cubili,

135 3195 236 3251 Lurida
248 3193 291 3249 cui
303 3189 407 3262 gelidus
419 3186 507 3259 pallor
518 3189 681 3256 praetexerat
693 3196 753 3247 ora,

135 3286 253 3343 Naribus
266 3283 378 3340 alternis
392 3279 483 3336 tenuis
495 3278 540 3332 vix
552 3276 635 3332 llabat
648 3274 770 3330 anhelus.

136 3380 205 3434 lluic
217 3378 279 3448 pius
291 3375 406 3430 antistes
419 3371 590 3427 benedictam
602 3368 715 3423 miserat
727 3366 838 3430 undam,

137 3467 196 3531 Oua
211 3464 287 3534 prius
301 3460 443 3517 ecclesiam
458 3457 572 3513 Dontiuo
587 3461 743 3510 sacraverat
756 3452 840 3517 illam,

137 3551 174 3607 Ut
185 3556 293 3620 putaret
306 3562 376 3612 eam,
392 3553 472 3614 atque
486 3542 603 3599 dolentia
617 3541 739 3596 membra
753 3541 854 3596 liniret.

137 3632 214 3709 Quod
228 3641 292 3695 dum
306 3637 425 3701 lecisset,
441 3635 563 3704 sequitur
576 3631 710 3687 medicina
722 3646 771 3701 per
783 3641 868 3699 artus,

137 3732 226 3801 lltqoe
239 3725 381 3784 salutifero
393 3723 481 3780 morbi
493 3723 600 3795 periere
614 3720 664 3776 sub
676 3721 785 3786 haustu,

138 3819 218 3874 Venit
229 3826 258 3873 et
269 3823 368 3886 optatae
380 3813 467 3868 virtus
479 3826 607 3868 concessa
620 3809 724 3876 salutis,

138 3910 231 3980 Surgit
243 3917 297 3963 ete
311 3913 395 3964 strato
408 3904 500 3960 statim
515 3911 579 3958 tunc
592 3902 691 3957 semina
704 3918 806 3974 sospes,

137 3999 225 4069 Atque
241 3994 375 4054 sacerdoti
391 3993 528 4053 renovatis
541 3991 645 4048 viribus
659 3991 730 4049 almo

139 4092 237 4148 Pocula
252 4091 387 4160 deportat,
404 4086 561 4156 cunctisque
575 4085 690 4156 impigra
705 4085 850 4142 ministrat.

138 4183 265 4239 lteddidtt
283 4190 363 4252 atque
378 4181 433 4236 Deo
450 4180 560 4250 proprio
578 4194 639 4234 cum
657 4176 771 4250 conjuge
788 4187 888 4249 grates.

174 4276 187 4316 d
203 4276 239 4330 ht
255 4290 346 4332 comes
358 4275 431 4329 hunc
445 4273 514 4328 alius
527 4273 634 4328 diverso
649 4281 769 4344 tempore
784 4273 861 4328 scisci

138 4367 215 4423 Fecit
228 4366 261 4422 ad
272 4364 414 4421 ecclesiam
427 4362 533 4418 Domini
546 4362 579 4417 de
590 4377 666 4418 more
677 4362 828 4427 dicandam,

139 4455 224 4526 Cujus
239 4453 309 4510 lorte
324 4468 392 4525 puer
407 4451 513 4507 mortali
530 4460 606 4522 peste
622 4453 774 4518 subactast

140 4547 262 4602 blortuus
273 4560 307 4601 er
320 4544 394 4601 omni
407 4545 589 4600 membrorum
601 4550 678 4614 parte
691 4545 822 4599 remansit

141 4637 269 4708 Spiritus,
283 4645 396 4706 excepto
408 4636 480 4707 quod
491 4643 601 4706 pectora
613 4633 683 4691 lessa
698 4634 833 4700 movebat,

139 4729 249 4801 Frigida
262 4730 308 4785 vix
321 4730 393 4786 tenui
406 4729 546 4800 geminans
558 4727 673 4798 suspiria
686 4725 761 4793 llatu,

140 4820 255 4877 Funeris
266 4822 408 4891 exsequias
420 4821 464 4876 cui
477 4828 541 4875 tuuc·
555 4835 647 4876 comes
659 4819 716 4890 ipse
728 4819 851 4890 parabat,

141 4912 175 4966 Et
186 4911 289 4968 loculus
299 4911 376 4981 juxta
387 4913 486 4978 stabat,
501 4926 554 4981 quo
566 4926 664 4980 cerpus
676 4911 840 4966 humandum

141 4999 204 5057 llox
217 5000 316 5067 luerat,
330 5001 392 5055 vitae
404 5000 532 5070 quoniam
546 5014 608 5070 spes
622 4998 695 5054 nulla
708 5001 835 5057 manebat
848 5019 854 5053 :

141 5089 196 5149 Pro
208 5107 262 5162 quo
273 5091 427 5162 pontilicem
440 5091 592 5161 lacrymans
604 5093 657 5145 dux
671 5089 728 5160 ipse
742 5092 862 5162 mgaltat,

142 5183 180 5241 Ut
192 5185 349 5257 dignaretur
362 5199 446 5255 puero
460 5183 621 5239 benedicere
634 5190 745 5251 presto,

181 5318 258 5375 vers.
279 5320 358 5376 libb.

180 5443 192 5470 ι
210 5433 281 5488 ldem
297 5434 360 5490 ibid.
377 5449 436 5504 cap.
453 5434 479 5489 3.

180 5501 194 5540 b
213 5502 350 5569 blandraz,
364 5504 390 5558 iu
405 5513 457 5570 est,
473 5501 646 5560 monasteria.
660 5500 719 5557 vid.
734 5499 873 5571 Gangium.

181 5581 192 5607 ι
212 5570 293 5636 beda,
308 5589 367 5642 cap.
380 5574 407 5629 l.

180 5640 193 5679 ¹¹
215 5641 283 5699 lbld.
295 5657 354 5716 cap.
369 5650 395 5703 5.

933 354 1058 422 Arltque
1071 365 1165 423 preces
1178 350 1292 404 Domino
1306 362 1354 417 pru
1369 344 1448 414 httjus
1462 341 1573 397 inridere
1589 338 1657 393 vita.

972 443 1026 500 Nee
1040 443 1111 514 quod
1127 441 1206 512 plena
1223 438 1284 493 fidei
1301 435 1444 507 rogitabat,
1455 431 1518 502 jaare
1532 429 1664 502 negabat,

971 536 1020 591 Vir
1033 537 1095 607 pios
1109 543 1136 589 et
1150 532 1278 597 clemens,
1293 529 1385 585 statim
1400 527 1446 583 sed
1459 526 1549 581 visitat
1562 538 1683 595 agrurn,

971 628 1006 683 Et
1019 626 1159 684 benedixit
1171 639 1245 690 curti,
1261 621 1368 677 rediens
1383 636 1417 676 ex
1432 632 1507 673 more
1522 615 1623 672 salutat
1640 633 1648 669 a

973 720 1034 775 llox
1049 716 1196 782 revalesce,
1211 730 1289 785 puer,
1303 713 1405 778 dicens,
1420 711 1546 779 viresque
1559 720 1685 763 resume.

972 811 1037 867 Post
1051 812 1108 866 hac
1123 824 1184 864 cum
1198 804 1298 877 presul
1311 804 1353 860 vel
1366 803 1420 860 dux
1434 801 1568 872 prandere
1582 799 1731 865 sedebant,

972 901 1095 959 Postulat
1108 899 1231 955 infirmus
1244 897 1338 953 sitiens
1352 893 1402 950 sibi
1416 891 1512 964 pocula
1524 889 1603 956 lcrri,

973 992 1021 1049 Cui
1035 991 1164 1048 llominus
1177 989 1296 1058 gaudens
1308 981 1445 1056 quodiam
1459 990 1553 1052 potare
1567 979 1688 1043 valeret,

973 1085 1034 1140 llox
1050 1083 1162 1140 calicem
1175 1081 1232 1137 vini
1246 1078 1417 1137 benedictum
1433 1091 1448 1129 a
1461 1073 1579 1146 praesule
1592 1073 1686 1137 misit;

974 1176 1010 1233 Ut
1021 1175 1090 1231 bibit
1100 1173 1183 1239 hunc,
1195 1171 1286 1227 statim
1298 1183 1379 1225 sanus
1390 1166 1517 1229 surrexit,
1532 1173 1560 1221 et
1574 1165 1642 1230 ibat,

972 1266 1139 1336 intravitque
1151 1264 1259 1321 domum
1272 1276 1326 1330 quo
1337 1260 1391 1315 dur
1403 1267 1431 1315 et
1442 1256 1541 1328 praesul
1554 1257 1686 1313 edebant.

973 1356 1095 1427 Cumque
1105 1355 1158 1410 illis
1169 1355 1262 1410 bibere
1274 1360 1302 1406 et
1314 1350 1385 1407 vesci
1399 1365 1428 1405 se
1440 1348 1507 1405 velle
1519 1347 1658 1419 prolator,

974 1447 1054 1503 Putat
1067 1445 1176 1515 editque
1188 1443 1285 1500 sedens
1297 1441 1374 1496 laetus
1387 1439 1542 1494 letantibus
1557 1436 1624 1501 illis,

975 1539 1111 1594 Posthac
1125 1543 1153 1592 et
1166 1535 1259 1591 multis
1273 1533 1381 1589 vivebat
1395 1545 1488 1601 sospes
1502 1529 1529 1584 in
1545 1528 1637 1583 antris.

1015 1628 1076 1683 etlt
1096 1642 1203 1698 quoque
1224 1623 1322 1697 presul
1344 1622 1396 1679 iter
1415 1635 1465 1692 per
1482 1619 1631 1694 qnamdam
1650 1618 1767 1675 cursitans

1636 1706 1736 1781 [aptam

977 1832 1119 1888 Planiticm
1130 1828 1228 1899 campi,
1242 1842 1304 1884 cum
1313 1826 1391 1883 ,clero
1403 1823 1487 1896 gessit
1497 1831 1628 1893 equester
1635 1838 1648 1889 3.

978 1924 1055 1979 'lune
1062 1919 1175 1990 juvenes
1188 1919 1284 1974 ardent
1294 1930 1375 1972 cursu
1387 1913 1549 1970 contendere
1559 1926 1705 1982 equorum,

979 2011 1034 2069 Sed
1048 2011 1108 2082 pius
1122 2009 1236 2065 antistes
1249 2006 1336 2062 vetuit
1350 2002 1503 2074 specialiter
1515 2017 1601 2058 unum

978 2103 1020 2158 Ex
1035 2102 1126 2168 sociis,
1141 2099 1205 2156 ludo
1218 2114 1253 2154 ne
1268 2113 1298 2154 se
1312 2096 1438 2153 misceret
1451 2094 1547 2151 inani·

978 2193 1024 2248 llle
1039 2201 1129 2248 emen
1144 2197 1238 2247 eontra
1252 2188 1365 2243 vetitum
1379 2185 1531 2256 petulanter
1547 2184 1673 2239 habenas

980 2284 1076 2349 Solvit,
1090 2296 1161 2353 equo
1172 2280 1269 2346 fidens,
1285 2277 1457 2347 mediumque
1470 2275 1589 2346 erumpit
1603 2274 1633 2329 in
1644 2288 1747 2343 aequom

980 2376 1051 2448 Ergo
1064 2388 1160 2431 cavum
1172 2371 1305 2442 quoddam
1319 2369 1384 2425 dum
1398 2368 1518 2424 lervidus
1532 2366 1577 2422 ille
1588 2364 1711 2422 caballus

980 2464 1118 2530 Transilit,
1131 2470 1160 2519 et
1170 2462 1259 2517 valido
1266 2459 1374 2529 iuvenis
1386 2458 1528 2515 conamine
1539 2457 1635 2529 lapsus

979 2555 1009 2611 ln
1027 2555 1141 2626 lapidem
1156 2552 1265 2620 cecidit,
1282 2552 1328 2621 qui
1344 2550 1415 2606 lorte
1428 2548 1541 2619 equalis
1555 2561 1647 2605 arcura

980 2645 1008 2701 lu
1025 2645 1113 2701 medio
1127 2643 1214 2712 campi
1228 2640 1307 2697 latuit
1323 2641 1373 2697 sub
1387 2639 1489 2709 cespite
1504 2646 1606 2703 tectus,

981 2735 1037 2791 Nee
1049 2734 1118 2805 lapis
1132 2734 1200 2788 alter
1213 2741 1273 2788 erat
1287 2746 1383 2802 campo
1398 2738 1521 2801 repertus
1536 2728 1565 2784 iu
1580 2729 1644 2795 illo;

982 2829 1050 2886 lluic
1062 2836 1143 2901 eaput
1155 2836 1237 2900 atque
1249 2838 1360 2881 manum
1371 2839 1437 2881 casu
1450 2821 1551 2879 collisit
1563 2821 1673 2887 acerbo,

981 2920 1098 2976 verticis
1110 2928 1137 2974 et
1149 2918 1227 2974 solvit
1238 2915 1388 2986 iuncturas,
1403 2922 1485 2984 atque
1497 2911 1614 2969 cerebro

982 3013 1127 3081 Quassato,
1143 3009 1248 3067 cunctis
1258 3007 1345 3079 jacuit
1355 3007 1412 3078 jam
1425 3003 1550 3061 sensibus
1563 3018 1661 3076 expers
1676 3021 1683 3057 :

981 3100 1204 3159 samaritamus
1217 3107 1277 3155 erat
1289 3106 1364 3154 motu
1378 3097 1437 3153 sine
1450 3094 1574 3165 corporis
1587 3094 1654 3149 ullo.

983 3191 1103 3263 Septima
1117 3203 1213 3260 nempe
1226 3188 1278 3243 luit
1291 3194 1356 3243 tune
1369 3185 1477 3243 circiter
1491 3185 1559 3241 hera
1574 3182 1642 3249 diei,

982 3280 1207 3349 Semianimisque
1221 3279 1331 3334 domam
1345 3276 1427 3333 sociis
1440 3274 1563 3331 defertur
1578 3273 1614 3333 ab
1627 3273 1704 3344 ipsis.

981 3369 1017 3425 ht
1028 3368 1093 3440 vigil
1106 3368 1133 3423 in
1146 3367 1272 3439 precibus
1285 3367 1425 3438 perstabat
1437 3372 1516 3420 nocte
1530 3363 1675 3428 sacerdos3

982 3458 1062 3514 Venit
1073 3458 1106 3512 ad
1119 3457 1256 3513 iulirmum
1270 3458 1359 3528 primo
1371 3456 1419 3512 sed
1432 3469 1512 3510 mane
1524 3468 1663 3520 reversos,

981 3548 1161 3619 lmpositaque
1173 3563 1255 3602 manu
1268 3547 1348 3617 capiti
1361 3545 1500 3603 benedixit
1511 3545 1649 3602 eumdem.

982 3638 1070 3709 litque
1083 3636 1158 3694 illum
1169 3637 1279 3710 propriu
1291 3637 1456 3709 compellans
1469 3637 1579 3694 nomiae
1592 3639 1709 3705 clamat;

982 3729 1054 3801 Ergo
1067 3729 1142 3800 gravi
1156 3729 1240 3784 veluti
1254 3729 1286 3785 de
1301 3743 1396 3785 somno
1409 3736 1534 3800 surgeret
1548 3727 1606 3794 ille,

982 3820 1133 3876 llecludens
1146 3819 1238 3877 oculos
1252 3820 1328 3875 Patri
1340 3819 1480 3892 respondit
1494 3828 1598 3889 amato,

983 3911 1177 3982 Convaluitque
1189 3911 1253 3976 cito,
1269 3912 1398 3967 recreatis
1411 3912 1524 3979 viribus,
1538 3919 1622 3983 atque

983 4002 1049 4059 Cras
1062 4004 1193 4075 equitavit
1204 4019 1289 4060 ovans
1301 4020 1366 4060 caro
1379 4020 1441 4061 cum
1454 4006 1569 4076 praesule
1582 4022 1710 4079 pergens.

979 4095 1065 4152 llulta
1079 4097 1140 4164 alia,
1155 4104 1186 4152 ut
1202 4094 1334 4161 reserum,
1350 4097 1395 4151 hie
1409 4095 1473 4152 lecit
1487 4097 1564 4168 signa
1578 4095 1709 4161 loannes,

985 4186 1048 4253 Quae
1061 4186 1140 4242 medo
1155 4201 1209 4242 non
1221 4184 1301 4242 libuit
1313 4186 1457 4242 brevitatis
1466 4186 1529 4256 J'ure
1543 4186 1650 4244 referri.

983 4275 1105 4331 Diximus
1119 4277 1164 4331 hic
1180 4283 1294 4342 tantum,
1309 4277 1472 4346 posuitque
1486 4276 1559 4332 Beda
1572 4270 1703 4351 magister

983 4365 1154 4422 indubitante
1166 4366 1230 4432 fide,
1243 4376 1338 4422 texens
1351 4366 1386 4421 ab
1398 4367 1502 4438 origine
1514 4367 1604 4440 prima

944 4415 973 4479 D
985 4457 1118 4513 ilistorico
1131 4455 1278 4528 auglorum
1290 4466 1384 4530 gentes
1396 4465 1424 4513 et
1435 4466 1511 4529 gesta
1523 4455 1621 4513 relatu.

986 4549 1131 4606 Censennit
1142 4557 1285 4620 postquam
1298 4548 1425 4621 praelatus
1438 4550 1580 4619 episcopus
1595 4547 1649 4613 ille,

987 4642 1062 4697 'lunc
1075 4640 1121 4696 alii
1134 4640 1228 4696 vivens
1242 4642 1333 4697 sedem
1349 4639 1484 4697 concessit
1496 4639 1620 4706 honoris,

985 4731 1075 4802 deque
1087 4733 1280 4787 monasterium
1292 4733 1389 4789 devoto
1400 4730 1482 4787 eorde
1492 4730 1599 4801 petivit,

987 4821 1207 4894 Condignamque
1222 4823 1276 4878 beo
1292 4823 1375 4878 vitam
1389 4821 1532 4893 complevit
1547 4821 1658 4878 ibidem.

984 4912 1103 4983 luraque
1116 4922 1180 4968 tunc
1195 4914 1302 4969 tandem
1317 4922 1397 4968 terrae
1410 4912 1553 4984 peregrina
1568 4911 1736 4982 relinquens,

984 5005 1033 5060 Est
1044 5005 1138 5075 patriae
1149 5004 1274 5075 proprius
1287 5003 1390 5059 coelesti
1406 5004 1526 5059 redditus
1539 5004 1629 5060 haeres
1644 5003 1667 5058 ί.

1023 5098 1035 5136 ⁸
1049 5094 1193 5166 Presbyter
1207 5094 1329 5165 egregius
1343 5094 1473 5150 successit
1486 5093 1549 5164 jure
1560 5091 1660 5150 loanni

985 5183 1137 5250 Willridus,
1151 5184 1239 5240 hares
1252 5180 1325 5238 Patri
1339 5182 1513 5254 dignissimus
1527 5182 1611 5239 almo.

1565 5316 1643 5373 h'crs.
1665 5316 1743 5373 lale.

1025 5439 1037 5468 ι
1054 5427 1120 5483 lbid.
1135 5443 1193 5498 cap.
1207 5428 1234 5482 6.

1025 5498 1035 5536 ¹
1054 5498 1132 5552 hune
1143 5499 1205 5552 72¹.

1025 5569 1037 5607 ⁸
1055 5568 1125 5623 Beda
1137 5566 1206 5624 llist.
1220 5568 1297 5639 hugi.
1310 5584 1369 5638 cap.
1381 5569 1528 5636 saltabili.
1543 5570 1605 5626 libr.
1620 5588 1656 5625 xx
1671 5570 1777 5633 hanah,

988 5652 1062 5692 ιιιιιῐι.
1078 5636 1128 5706 Ξὴ
1145 5647 1172 5693 et
1186 5654 1247 5694 sac.
1263 5655 1292 5693 ιιι
1309 5640 1407 5696 llcued.
1424 5647 1494 5710 part.
1512 5657 1545 5708 u,
1559 5655 1621 5711 pag.
1638 5641 1701 5697 560.
1719 5640 1777 5696 lude
