3780 6120
122 260 190 317 1139
518 251 550 307 Β.
569 250 600 306 l'.
619 246 734 305 stetui
758 244 825 300 SEU
845 239 983 298 ecculm
1001 238 1142 299 OPEliUll
1162 238 1251 298 PARS
1272 240 1336 298 titt.
1683 241 1753 298 ttttt

121 377 194 424 rarat.
209 365 261 434 eni
274 365 338 419 dum
352 380 382 418 se
392 371 532 433 superstes
545 365 749 432 cognoscerent,
757 363 785 411 et
798 355 831 411 de
843 365 911 424 prae·
922 353 949 414 Α
960 361 999 407 est
1010 352 1043 406 de
1053 349 1152 424 Spiritu
1166 363 1257 408 sancto
1276 363 1354 407 notus
1367 369 1400 408 ee
1415 353 1503 409 ilaris
1523 352 1642 426 Virgine.
1667 352 1754 425 Spiri-

123 460 160 514 tio
171 457 304 527 fugientes
317 453 470 524 peneadem
481 452 548 506 rada
560 450 674 506 evadere
688 447 808 502 volentes
822 454 910 499 trans-
961 455 1019 498 tum
1030 444 1116 499 bean
1130 460 1191 500 esse
1208 445 1335 499 Salvator
1357 446 1414 517 lpse
1427 447 1583 502 nosdoeuit
1606 445 1703 502 dicens
1727 450 1754 501 in

123 550 205 605 eundi
222 546 357 601 licentiam
372 545 559 614 postulabant,
571 542 829 609 interrogabantqne
842 552 908 593 eos:
959 537 1104 609 Evangelio
1121 557 1128 592 ε
1149 538 1218 605 Quia
1243 538 1356 610 Spiritus
1381 540 1452 595 Ιιεειε
1467 552 1505 595 εει
1521 540 1613 612 (ioan.
1637 557 1675 608 rr,
1697 543 1753 612 et).

126 640 202 695 llndc
224 637 308 692 estis?
334 635 384 702 Qui
398 636 601 706 respondentes,
616 631 777 689 deCalaad.
795 630 909 686 staura
959 627 993 682 lit
1006 629 1065 683 idco
1084 637 1177 683 natum
1201 629 1338 684 Christum
1350 631 1383 685 de
1405 630 1508 700 Spiritu
1532 641 1630 687 sancto
1650 640 1677 687 ct
1702 632 1755 687 lla·

123 741 176 796 que
191 726 243 779 illis
264 725 424 779 dicebatur:
443 724 471 779 Si
489 725 521 778 dc
537 723 639 778 Galaad
653 723 729 786 estis,
749 720 829 777 dicite
844 735 910 790 ergo
961 717 1001 770 ria
1030 718 1142 788 liirgine
1167 719 1338 774 conlitemur.
1365 719 1497 790 Spiritum
1525 730 1652 777 sanctum
1667 724 1753 786 audis,

124 816 254 881 Sebotettr,
270 817 341 884 qnod
368 817 561 886 interpretatur
584 813 668 884 spica.
685 811 762 879 Quod
784 827 845 867 cum
868 812 909 866 di·
960 823 990 869 ut
1012 825 1118 886 partum
1142 817 1217 871 illum
1239 818 1389 872 mirabilem
1415 819 1496 874 simul
1516 828 1544 874 et
1564 819 1754 887 inculpabilem

124 923 185 963 cete
200 914 397 977 ῐιθῦιιθῑθιιῐιῑ,
416 907 539 976 Ριῡῑῑῐιιιὸ
553 906 641 974 capite
654 903 858 967 truncabantur,
881 909 911 955 ιιι
961 922 1147 978 recognoscas.
1177 908 1310 976 Quoniam
1341 909 1453 964 celeste
1476 919 1517 965 est
1541 911 1615 979 quod
1639 910 1755 979 Spiritus

124 998 222 1053 secreti
241 997 374 1052 sermonis
396 997 497 1050 veritas
518 996 688 1065 probaretur.
704 992 753 1047 llic
775 1000 817 1046 est
839 992 911 1046 enim
961 999 1026 1066 agit,
1038 1007 1066 1051 et
1080 998 1235 1053 inuiolatum
1249 999 1320 1069 quod
1332 1009 1442 1055 sarrctus
1460 1008 1598 1071 operatur.
1613 999 1682 1055 liam
1695 1016 1755 1056 enm

125 1104 215 1144 s&¹¹³0
233 1095 364 1152 secretus·
379 1101 459 1156 (luem
478 1084 660 1140 Galaaditidess
682 1084 732 1138 Sibi
755 1099 804 1154 pto
829 1082 913 1154 438
962 1089 1130 1157 unigenitum
1144 1090 1191 1144 Dei
1207 1090 1347 1145 hominem
1370 1090 1427 1144 deri
1443 1092 1640 1160 redemptionis
1659 1099 1756 1146 nostre

123 1181 202 1249 signo
215 1179 422 1234 constituerunt.
440 1175 482 1230 Ad
496 1176 573 1244 eujus
588 1174 789 1229 similitudinem
802 1173 854 1228 nisi
865 1171 913 1226 tat
962 1181 1110 1236 necessitas
1122 1179 1264 1250 llagitarct,
1276 1180 1329 1235 boc
1347 1181 1495 1236 natiuitatis
1510 1197 1568 1235 sure
1583 1181 1756 1252 privilegium

124 1269 175 1335 ¹⁰rr
190 1269 331 1339 prelatum
348 1266 498 1339 Syfflb0¹¹¹1¹t
519 1266 590 1320 betti
610 1265 724 1335 apostoli
744 1262 913 1332 ιθῐιιθιίιιδθ·
962 1269 1078 1338 proprire
1089 1270 1236 1326 divinitatis
1248 1269 1467 1342 [Fortepropria
1479 1272 1754 1344 diviuitatclinvcxit,

125 1369 198 1426 rum,
217 1369 248 1414 ut
259 1361 330 1415 inter
345 1359 438 1414 lideles
449 1367 476 1413 et
488 1358 609 1413 inlldeles
630 1355 772 1419 Ecclesiae,
785 1356 856 1409 sicut
868 1369 914 1408 su·
963 1367 993 1414 ui
1004 1360 1037 1414 de
1050 1360 1154 1430 virgine
1167 1357 1335 1415 nasceretur,
1350 1360 1401 1427 Qus
1414 1362 1486 1415 enim
1502 1362 1632 1416 ventem
1655 1362 1755 1416 insere.

124 1453 217 1522 perias
239 1450 340 1504 dictum
367 1457 431 1514 est,
457 1448 599 1503 rernatem
626 1445 793 1500 credulitatis
814 1443 916 1498 discer-
964 1457 1052 1504 msam
1065 1452 1184 1520 peccatis
1198 1452 1337 1506 hominum
1349 1468 1480 1506 mmm
1502 1461 1645 1516 mmmm,
1660 1468 1757 1508 „om

124 1558 190 1598 ”lle
212 1543 376 1613 ιθῑῦῑδὸθιιῑὶ
399 1541 544 1610 ἱῐιῡῑιιῑθῦῑθ
565 1541 644 1593 ¹³⁸³²⁰
663 1537 763 1602 Petro,
787 1536 833 1605 (lui
853 1535 911 1588 til:
964 1540 1050 1609 legem
1076 1541 1160 1598 vobrit
1188 1542 1289 1596 babere
1314 1543 1452 1597 nascendi.
1484 1542 1648 1614 {inigenitus
1679 1543 1757 1612 igitur

125 1633 209 1689 Credo
218 1635 244 1687 in
256 1633 339 1686 Derim
349 1629 453 1684 Putrem
466 1632 673 1700 omnipotentem,
686 1636 738 1683 ete.

967 1631 1015 1684 [tei
1027 1630 1114 1685 iaetus
1127 1639 1170 1686 est
1183 1632 1254 1687 lilius
1264 1632 1389 1696 bominis,
1403 1633 1490 1701 utqui
1504 1642 1564 1687 crat
1575 1633 1672 1689 mundi
1683 1649 1756 1687 crea·

160 1723 243 1778 luter.
266 1721 373 1792 Optima
396 1729 459 1776 sunt
487 1719 575 1784 vaide,
590 1733 649 1788 quae
667 1719 743 1773 dicis.
766 1716 819 1772 Sed
838 1716 913 1772 obse
928 1699 952 1758 Β
967 1731 1017 1788 tor,
1030 1722 1107 1777 fieret
1118 1732 1145 1777 ot
1156 1724 1319 1793 redemptor.

126 1832 185 1880 ero,
206 1822 236 1868 ut
249 1813 393 1883 quomodo,
418 1820 464 1866 aut
477 1811 594 1880 qualiter
608 1810 650 1863 rel
664 1811 691 1864 in
703 1825 783 1879 quem
802 1808 913 1863 eredere

125 1910 250 1969 debeam,
270 1904 410 1975 diligenter
421 1904 536 1973 aperias.
558 1901 635 1973 Reap.
650 1900 730 1956 Juxta
748 1900 819 1970 quod
834 1898 914 1954 intel-

127 1999 191 2068 ligo,
211 1996 317 2050 laeiam.
333 1994 491 2050 Credendus
502 2003 544 2049 est
558 1995 617 2048 sinc
641 1994 722 2049 dubio
738 1992 809 2047 Deus
834 1991 914 2046 Pater

125 2089 312 2157 omnipotens,
335 2087 412 2158 crrjus
437 2087 475 2141 sic
493 2087 578 2141 virtus
597 2086 722 2150 sentitur,
738 2094 767 2139 ut
777 2084 914 2154 quantitas

126 2180 185 2250 ejus
202 2189 229 2233 et
244 2179 360 2249 qualitas
374 2180 522 2250 ignoretur.
542 2178 607 2233 Esse
623 2177 695 2232 enim
709 2177 780 2231 illius
793 2184 820 2231 et
835 2189 915 2245 posse

126 2287 181 2326 non
196 2270 363 2325 discutiendo
380 2270 559 2338 assequimur,
574 2269 621 2323 sed
632 2268 777 2322 credendo.
790 2265 819 2321 lu
834 2281 915 2336 qrrem

128 2372 219 2418 autem
234 2362 348 2418 eredere
369 2363 526 2427 debeamus,
548 2362 644 2416 edocet
668 2376 717 2416 nos
738 2359 916 2429 redemptoris

127 2455 212 2510 nostri
233 2453 379 2517 auctoritas
401 2454 493 2509 dicens
514 2472 520 2507 :
543 2452 594 2519 Qui
614 2451 701 2505 credit
722 2451 750 2504 iu
774 2465 816 2503 me
839 2456 867 2503 et
888 2448 916 2503 in

126 2561 188 2600 cum
210 2545 255 2614 qni
282 2560 325 2598 me
349 2544 438 2609 misit,
461 2544 544 2597 habet
567 2541 650 2599 sitam
672 2549 802 2594 aetemam
822 2537 915 2608 (doen.

127 2653 169 2701 ru,
184 2634 361 2708 litteratim
377 2652 383 2688 :
398 2632 501 2687 Credite
514 2635 542 2687 iu
560 2632 655 2696 bearn,
678 2640 702 2683 et
720 2631 748 2683 iu
765 2646 807 2683 me
819 2629 916 2682 credite

128 2726 221 2792 (ibid,
237 2726 280 2789 ld,
301 2725 330 2796 r).
348 2724 409 2779 Plus
422 2724 505 2789 enim,
518 2721 612 2788 irater,
626 2721 692 2776 mibi
703 2728 756 2785 est,
768 2719 840 2791 quod
854 2718 915 2775 fidei

127 2816 212 2870 oeulis
225 2815 366 2880 ridemus,
378 2828 458 2884 quarn
481 2826 576 2867 sensus
598 2819 688 2866 noster
701 2809 817 2867 carnalis
831 2808 917 2879 possit

128 2907 296 2977 conspicere.

163 2998 247 3053 later.
262 2999 349 3055 Credo
363 3000 481 3060 omniuo,
497 2998 567 3053 sieut
585 2996 661 3052 dieis.
681 2995 733 3050 Sed
757 3001 819 3065 peto
832 3000 862 3046 ut
875 2992 916 3047 dr·

129 3107 176 3145 cas
189 3091 254 3162 quid
267 3091 294 3145 in
308 3092 373 3158 Deo,
392 3092 457 3163 qnid
474 3092 499 3146 in
513 3090 604 3153 Patre,
622 3089 720 3159 quidve
743 3087 769 3141 in
794 3086 916 3156 omnipo-

131 3191 205 3238 tente
225 3184 337 3239 debeam
362 3174 528 3254 intelligere?
549 3179 627 3250 liesp.
652 3179 682 3232 ln
706 3177 762 3234 Deo
787 3176 921 3246 siquidem

129 3279 227 3327 tratura
242 3272 423 3339 innascibilis,
439 3273 465 3326 in
484 3271 565 3326 Patre
587 3269 718 3341 unigeniti
743 3267 866 3323 veritas:
892 3267 919 3322 ln

130 3348 315 3430 omnipotente
326 3377 390 3417 vero
400 3362 537 3432 plenitudo
550 3360 657 3415 virtutis
668 3358 829 3414 ostenditur.

166 3449 248 3505 litter.
263 3450 418 3518 Quomodo?
440 3450 518 3521 desp.
541 3451 588 3505 Est
611 3464 728 3519 namque
743 3464 790 3519 per
813 3448 918 3515 ingem-

134 3550 189 3595 tsm
212 3541 341 3596 deitatem
369 3541 548 3610 omnipotens,
569 3549 597 3596 et
621 3556 671 3609 per
695 3538 920 3610 omnipotentiam

132 3629 221 3686 Pater.
255 3631 313 3687 Nou
338 3633 410 3686 enim
431 3632 568 3701 inquirere
590 3633 719 3688 debemus
745 3630 861 3700 qualiter
885 3638 921 3685 stt

131 3724 229 3787 l‘ater,
244 3724 307 3792 quia
330 3722 446 3793 qualiter
468 3722 537 3778 Deus
551 3723 587 3779 sit
607 3731 653 3778 aut
675 3723 845 3792 omnipotens
865 3738 920 3777 non

132 3822 222 3885 potest
234 3814 359 3869 lrrrrnanis
374 3815 508 3870 mentibus
519 3812 722 3884 comprehendi.

167 3905 249 3961 luter.
267 3906 355 3971 ilatio,
368 3922 448 3976 quam
461 3909 494 3964 de
508 3910 595 3979 primo
608 3923 688 3962 uersu
703 3906 849 3977 protulisti,
869 3907 922 3961 bac

132 3998 191 4052 rice
203 3997 324 4052 sufficere
337 4006 434 4067 potest.
448 3998 501 4053 Sed
514 3999 573 4069 quis
589 3999 737 4054 secundum
755 3996 921 4066 composuis-

133 4095 185 4152 set,
199 4088 240 4141 rel
257 4087 372 4157 qualiter
383 4103 445 4142 curn
464 4089 615 4159 intelligere
630 4088 752 4151 debeam,
769 4086 919 4141 innotesce.

134 4173 212 4247 Reap.
226 4176 349 4231 Andreas
360 4179 506 4232 secundum
520 4192 628 4232 tersum
641 4176 795 4244 composuit
806 4176 918 4231 dicens:

133 4265 168 4319 lt't
178 4266 205 4318 itt
220 4265 312 4319 desunt
325 4262 458 4320 Christum
478 4264 576 4320 Filium
591 4265 647 4337 ejus
661 4265 768 4319 unicum
779 4260 920 4318 Dominum

1001 1852 1084 1908 inter.
1099 1848 1194 1922 erarti
1215 1870 1309 1910 tersus
1330 1856 1548 1925 compositorem,
1562 1855 1623 1910 sire
1644 1855 1710 1924 quid
1733 1858 1758 1909 in

963 1960 996 2000 eo
1015 1944 1196 2008 contineatur,
1209 1961 1322 2015 expone.
1348 1945 1425 2016 llesp.
1445 1945 1545 2001 Beatus
1561 1944 1683 2001 Joarrrrcs
1700 1962 1758 2016 apo

964 2036 1049 2093 stolus
1070 2045 1198 2104 quartum
1215 2037 1365 2106 composuit
1380 2051 1500 2100 tersum,
1521 2037 1618 2091 dicens
1635 2054 1641 2088 :
1658 2033 1757 2089 Passus

964 2125 1012 2182 sub
1033 2122 1130 2178 Potitio
1148 2123 1247 2190 Pilato,
1265 2125 1417 2194 crucifixus,
1437 2136 1554 2179 ntortttrts
1580 2137 1605 2179 et
1617 2123 1757 2194 sepultus:

963 2216 1017 2273 lste
1029 2216 1226 2289 Pilatusjudex
1244 2228 1303 2272 erat
1315 2216 1359 2271 illo
1374 2226 1494 2287 tempore
1509 2215 1640 2271 inludere
1655 2233 1671 2271 a
1685 2217 1759 2270 Tibe·

894 2359 899 2370 .
965 2310 1006 2364 rio
1019 2309 1126 2365 Cessare
1137 2309 1310 2373 constitutus,
1326 2309 1376 2364 sub
1389 2324 1442 2379 quo
1454 2308 1583 2362 Dominus
1598 2322 1699 2376 passus
1709 2315 1758 2370 est,

965 2401 1011 2473 qni
1024 2402 1105 2457 etiam
1120 2401 1231 2455 Pontius
1243 2417 1257 2453 ε
1271 2400 1341 2465 ιοεο,
1356 2399 1427 2454 unde
1438 2407 1516 2454 natus
1528 2407 1581 2460 est,
1597 2397 1757 2468 appellatur.

965 2490 1144 2563 Huncitaque
1156 2491 1301 2546 Dominum
1317 2500 1436 2545 nostrum
1456 2489 1550 2547 lesum
1566 2488 1707 2544 Christum
1722 2488 1757 2542 si-

965 2591 1011 2638 eut
1032 2582 1182 2655 perlectum
1206 2582 1310 2647 ileum,
1335 2581 1372 2636 ita
1396 2589 1425 2638 et
1448 2581 1600 2652 perlectum
1622 2580 1759 2635 hominem

967 2674 1092 2729 confiteri
1106 2673 1244 2728 debemus.
1273 2672 1311 2727 lle
1334 2672 1410 2742 cujus
1430 2687 1509 2727 cruce
1530 2670 1606 2726 nulla
1624 2670 1662 2724 sit
1686 2670 1758 2724 nobis

966 2761 1097 2826 conimio,
1116 2762 1178 2832 quia
1194 2762 1325 2817 babemus
1347 2761 1379 2816 de
1391 2761 1451 2832 ejus
1462 2761 1591 2831 passione
1607 2760 1757 2815 sictoriam.

966 2853 1042 2910 Sicut
1056 2854 1128 2910 enim
1143 2852 1190 2906 llei
1203 2851 1289 2907 lilius
1304 2852 1432 2916 nonsibi,
1449 2851 1495 2906 sed
1511 2851 1591 2907 nobis
1607 2858 1760 2913 natusest,

895 2992 901 3004 ,
967 2944 1004 2998 ita
1020 2942 1208 2997 immaculatas
1221 2942 1271 2995 liei
1293 2942 1386 3013 dgnus
1397 2957 1450 2996 non
1466 2941 1528 3007 sibi,
1553 2943 1602 2996 sed
1622 2942 1703 2996 nobis
1721 2948 1758 2996 cst

930 3045 1072 3106 epassus.
1088 3034 1153 3102 eris
1164 3041 1254 3088 autern
1265 3047 1318 3087 non
1333 3033 1431 3087 mimm
1442 3034 1566 3087 advertat
1582 3048 1643 3087 csse
1664 3040 1758 3102 myste-

969 3125 1050 3191 rium,
1068 3125 1114 3179 ubi
1125 3125 1181 3195 ipse
1194 3123 1366 3195 predicatur,
1380 3123 1427 3193 qui
1443 3123 1513 3177 licus
1527 3130 1581 3186 est,
1597 3130 1625 3176 et
1643 3122 1689 3176 ubi
1711 3122 1757 3176 lio

969 3217 1050 3273 urinis
1073 3217 1259 3282 annuntiatur,
1283 3219 1329 3286 qui
1357 3217 1487 3271 asseritur
1507 3215 1675 3272 crucifixus?
1696 3215 1756 3269 Nam

969 3304 1170 3370 cruecmillam,
1192 3305 1218 3359 in
1238 3320 1291 3374 qua
1313 3303 1435 3360 orntlxus
1447 3310 1489 3360 est
1501 3293 1627 3376 corpore,
1655 3322 1704 3361 nos
1717 3321 1757 3377 ge·

896 3446 902 3458 .
971 3407 1074 3454 sumus
1093 3397 1120 3451 in
1143 3398 1239 3453 lronte.
1254 3398 1288 3452 Et
1312 3399 1371 3453 ideo
1395 3399 1532 3454 illusiones
1552 3408 1582 3453 et
1602 3401 1757 3470 opprobria,

969 3497 1148 3557 mortemque,
1163 3504 1244 3558 quam
1258 3490 1396 3557 sustinuit,
1418 3505 1471 3544 non
1485 3491 1616 3545 debemus
1639 3491 1758 3561 suspiriis

900 3631 906 3643 .
969 3582 1156 3654 ingemiscere,
1170 3581 1218 3635 sed
1239 3582 1374 3635 continuis
1386 3581 1509 3636 laudibus
1525 3581 1678 3636 celebrare.
1693 3581 1759 3649 Quo·

970 3673 1043 3727 uiam
1056 3671 1122 3726 satis
1134 3671 1292 3740 abundeque
1306 3672 1417 3742 gloriam
1439 3673 1574 3742 passionis
1586 3672 1648 3740 ejus
1671 3683 1759 3727 osteu-

971 3763 1068 3818 dernnt
1082 3762 1223 3832 repentina
1237 3762 1388 3818 obscuritas
1408 3763 1481 3828 solis,
1495 3771 1599 3818 tremor
1615 3773 1756 3824 terrarum.

971 3866 1099 3907 saxorum
1111 3849 1218 3915 divisio,
1234 3858 1262 3904 ct
1285 3851 1447 3905 resurrectio
1461 3860 1644 3905 mortuorum.
1672 3851 1759 3922 Sepul-

971 3949 1067 3997 tnsest
1091 3951 1191 4004 atatem,
1217 3942 1280 4011 qnia
1295 3956 1463 4011 consequens
1485 3951 1556 4006 crat,
1573 3954 1602 3997 ut
1622 3944 1671 4013 qui
1694 3960 1760 3998 mor-

971 4041 1032 4088 tuus
1047 4031 1143 4097 luerat,
1158 4032 1292 4102 acciperet
1310 4033 1484 4102 sepulturam.
1501 4032 1627 4099 Qualiter
1648 4034 1683 4089 ad
1703 4050 1759 4089 con

970 4121 1128 4177 solationem
1143 4121 1309 4192 sepultorum
1333 4122 1547 4178 benedictionem
1559 4126 1685 4195 eorporis
1706 4126 1759 4195 eins

971 4223 1041 4270 terra
1057 4215 1219 4285 susciperet,
1238 4222 1268 4268 ut
1293 4215 1419 4285 quivere
1442 4223 1568 4270 mortuus
1588 4218 1758 4283 cernebatur,

971 4322 1062 4362 verca
1078 4306 1191 4361 mortuis
1204 4306 1308 4361 redisse
1323 4307 1491 4362 crederetur.

134 4364 259 4409 nostrum.
272 4354 349 4414 stan
363 4356 434 4412 enirn
447 4358 554 4412 Patrem
574 4372 665 4413 rerum
685 4355 804 4409 omnium
818 4355 918 4420 Deum,

133 4444 171 4501 ita
181 4456 287 4518 oportet
301 4464 351 4503 nos
362 4455 391 4503 et
400 4448 494 4503 Filium
508 4448 566 4518 ejus
580 4447 720 4502 bominum
738 4455 860 4501 nostrum
874 4444 917 4501 le·
1003 4448 1018 4501 l
1021 4457 1085 4502 nter.
1098 4447 1189 4517 Quinti
1197 4462 1291 4503 versus
1300 4446 1505 4517 compositorem
1514 4447 1634 4517 ejusque
1641 4451 1762 4520 explana-

134 4555 193 4591 sum
212 4538 358 4604 Christum.
374 4539 420 4610 qut
432 4547 473 4595 est
484 4538 601 4594 verbum
617 4537 709 4605 ipsius,
723 4535 857 4600 corruisti,
872 4550 918 4589 cu·
969 4542 1070 4599 tionem
1089 4549 1145 4595 an
1163 4540 1255 4594 antire
1275 4540 1407 4595 aestuem.
1424 4538 1502 4609 tresp.
1525 4539 1674 4612 Philippus
1687 4544 1760 4613 ‹prtin-

132 4627 176 4696 jus
193 4629 352 4698 principium
366 4646 400 4685 es
421 4631 479 4701 ipso
499 4637 541 4685 est
553 4669 560 4694 ,
572 4629 636 4698 quia
653 4627 723 4682 bears
736 4627 853 4682 Verbum
866 4634 917 4682 cst.
969 4641 1025 4688 tum
1041 4644 1148 4686 uersum
1162 4629 1287 4699 exposuit
1299 4629 1391 4684 dicens
1408 4643 1415 4682 ε
1431 4628 1572 4685 Descendit
1591 4634 1630 4686 ad
1643 4635 1761 4702 inferne,

135 4718 212 4788 Quod
227 4729 317 4776 autern
328 4721 452 4778 Christus
463 4732 505 4778 est
519 4720 615 4786 laetias,
631 4720 675 4790 qni
693 4720 777 4775 Filius
788 4728 856 4782 erat,
868 4720 921 4774 dis·
970 4722 1047 4776 tertia
1059 4720 1101 4773 die
1113 4719 1254 4772 resurreait
1267 4735 1283 4771 α
1294 4718 1414 4771 mortuis.
1428 4716 1456 4772 ln
1472 4719 1523 4774 hoc
1538 4721 1760 4778 enimTrinitatis

134 4813 256 4883 pensatio
266 4821 306 4868 est
319 4815 511 4884 redemptionis
522 4816 654 4870 humans.
668 4814 744 4883 Quod
756 4814 918 4885 reroliomi-
970 4811 1138 4881 mysterium,
1154 4816 1181 4863 et
1194 4807 1327 4863 naturalis
1337 4807 1403 4880 legis
1413 4810 1567 4864 ostenditur
1576 4814 1721 4878 resolutio,
1734 4823 1761 4868 ut

135 4917 186 4956 uns
198 4911 249 4965 est,
265 4904 298 4958 de
309 4906 474 4975 proprietate
486 4916 589 4960 nature
600 4916 651 4960 est.
672 4906 772 4963 Unicus
786 4905 918 4975 siquidem
970 4901 1106 4957 hominem
1118 4900 1145 4954 in
1160 4899 1266 4954 inferno
1279 4900 1395 4969 positum
1409 4899 1528 4955 elevaret
1541 4903 1577 4957 ad
1589 4904 1704 4960 coeluru.
1720 4906 1762 4959 be

111 4978 118 4995 ⁶
135 4993 176 5047 rel
190 4994 343 5063 unigenitus
354 4997 528 5050 annuntiatur
541 5004 568 5050 et
581 4996 709 5058 creditur,
723 4996 787 5067 qnia
797 5011 867 5050 unus
882 4994 919 5049 ita
971 4992 1050 5047 ecbat
1070 4990 1142 5045 enim
1161 4997 1192 5044 ut
1208 5004 1365 5059 morsque
1377 5005 1425 5059 per
1440 4991 1579 5046 bominem
1594 4995 1761 5051 subintrare

133 5092 175 5137 est
189 5087 305 5155 genitus,
322 5103 407 5157 neque
418 5087 498 5142 habet
513 5085 603 5160 [Cod.,
619 5087 696 5159 libctl
706 5088 731 5142 in
742 5090 845 5143 unitate
856 5103 920 5143 con«
971 5090 1024 5148 ιιι,
1032 5095 1081 5150 per
1091 5081 1228 5135 ¹²⁰¹¹¹j¹¹⁰¹¹¹
1241 5080 1401 5135 δθῑιθΐῦῑῑῑι·
1412 5080 1523 5139 Εῑῦῑῦιιῑ
1532 5085 1687 5151 credimus·
1697 5087 1761 5156 tl¹¹⁰t¹

134 5183 245 5231 sortem.
259 5175 359 5232 Filium
370 5179 458 5243 audis,
470 5195 524 5233 non
538 5190 569 5233 ut
582 5178 656 5231 illurn
680 5179 768 5247 aliquo
779 5193 844 5233 seru
863 5177 919 5231 edi·
971 5172 1067 5227 mortis
1081 5179 1135 5235 est,
1154 5172 1190 5226 ita
1215 5172 1309 5240 utique
1330 5172 1483 5238 credamus,
1498 5175 1572 5244 quod
1588 5178 1656 5233 rite
1669 5187 1719 5235 est.
1731 5177 1761 5231 Et

135 5273 191 5320 turn
206 5275 295 5338 putes,
319 5270 367 5325 sed
386 5278 417 5324 ut
439 5270 533 5329 credas
552 5269 817 5338 incomprebensibili
838 5267 920 5336 maje-
971 5265 1041 5319 sicut
1064 5263 1091 5318 in
1106 5262 1231 5333 passione
1246 5263 1404 5334 mysterium
1423 5271 1465 5320 est
1487 5266 1611 5335 pietatis,
1628 5271 1666 5325 ita
1679 5271 1706 5325 in
1722 5285 1760 5324 m

132 5362 204 5412 state
225 5356 310 5414 Deum
325 5361 460 5432 prodiisse
485 5361 518 5418 de
541 5360 612 5425 Deo,
634 5369 665 5417 nt
679 5361 736 5432 ipse
757 5361 815 5421 ait:
832 5357 920 5429 Egon
972 5355 1138 5413 surrectione
1150 5355 1271 5426 operatio
1283 5354 1391 5424 pietatis
1402 5353 1503 5421 il'orte,
1514 5361 1761 5433 potestatisl,sicut

133 5444 304 5517 eutecetis,
319 5462 344 5507 et
356 5454 448 5509 eeniiu
462 5454 531 5508 breue
544 5454 671 5508 mundum
683 5452 773 5524 (loeis
789 5468 844 5517 xm,
861 5449 918 5525 28).
972 5448 1030 5519 lpse
1042 5448 1080 5504 ait
1094 5467 1101 5502 :
1115 5445 1274 5504 Potestatem
1295 5450 1377 5504 babeo
1391 5453 1505 5521 ponendi
1520 5456 1643 5513 amnem
1660 5473 1758 5517 mm,

169 5538 251 5595 luter.
268 5542 389 5602 Tertium
410 5562 516 5602 versum
536 5547 597 5618 quis
610 5545 769 5616 composuit,
791 5552 838 5599 aut
856 5544 923 5614 quid
971 5554 995 5599 et
1008 5553 1161 5616 potestatem
1178 5544 1259 5600 babeo
1281 5545 1376 5599 iterem
1401 5547 1521 5603 semermi
1544 5568 1604 5606 sum
1624 5552 1716 5623 (iare.
1733 5569 1760 5613 s,

134 5627 160 5687 in
173 5646 206 5687 eo
223 5634 397 5706 intelligitur?
412 5638 488 5708 desp.
502 5637 617 5696 lacobus
633 5641 669 5694 ait
687 5659 692 5694 :
710 5639 761 5704 Qui
782 5647 919 5708 correeptus
973 5637 1026 5706 ts).
1039 5635 1103 5703 Quis
1117 5636 1188 5690 enirn
1201 5635 1358 5692 stultnsnon
1370 5638 1463 5694 eredat
1476 5639 1551 5696 illum
1565 5645 1757 5709 resurrexisse,
