3780 6120
119 286 171 345 827
529 279 560 333 B.
581 278 612 335 F.
632 277 746 334 acutat
764 276 831 334 SEU
850 274 1151 333 decurritdecurrit
1170 275 1260 332 PARS
1278 277 1322 334 vl.

118 397 208 468 atque
221 394 258 450 ibi
273 393 415 464 praesentis
425 379 594 462 spectaverat
605 391 701 446 ultima
715 392 793 455 rite,

119 487 239 557 Quaque
250 485 299 542 bei
312 484 405 540 famuli
419 492 526 540 sacrata
539 489 581 539 εει
593 481 680 538 insula
696 490 793 537 morte.

120 576 189 632 Nam
202 576 279 633 locus
292 577 337 632 ille
352 577 420 631 nitet
433 576 519 648 signis
531 576 671 644 bucusque
685 574 822 641 coruscis,

120 668 160 723 Er
174 682 228 737 quo
240 666 377 737 pontificis
388 665 514 736 linquens
527 663 663 735 ergastula
676 662 769 719 earnis

122 759 239 829 Spiritus
252 758 307 814 alta
316 766 412 830 petens
426 756 532 813 scandit
546 771 628 826 super
641 763 714 812 astra
728 755 849 826 polorum

11 870 14 879 ·
120 849 175 905 Nec
188 864 242 905 nun
257 857 285 905 et
298 849 381 906 claris
393 849 461 904 finiit
474 846 605 904 mimcula
617 848 716 915 rebus,

120 939 204 994 Facta
218 938 279 996 luco
294 954 402 995 sacrum
415 944 511 1006 pausat
524 951 579 1007 quo
592 951 692 1007 corpus
704 937 860 1003 humatum,

121 1029 205 1103 Cujus
217 1038 273 1086 tota
287 1028 339 1085 luit
351 1029 507 1086 coelestibus
521 1029 621 1101 inclyta
634 1029 736 1101 signis,

124 1121 216 1192 Usque
227 1121 298 1177 diem
313 1121 417 1186 mortis,
433 1120 563 1191 primaevo
575 1130 696 1192 tempore
708 1121 773 1177 vita.

120 1212 217 1267 Omnia
229 1226 290 1282 qum
304 1211 406 1267 dudum
415 1211 564 1282 praeclams
575 1211 649 1269 Beda
661 1214 787 1271 sacerdos

120 1304 248 1362 Prosaice
259 1305 377 1376 primum
389 1307 500 1378 scripsit
512 1320 637 1363 sermone
648 1307 793 1379 magister,

121 1397 155 1451 Et
168 1406 230 1468 post
241 1398 352 1453 heroico
367 1398 466 1455 cecinit
483 1397 614 1454 miracula
625 1412 706 1455 versu
721 1410 746 1453 ¹.

124 1493 247 1561 Qualiter
259 1493 396 1564 angelicos
409 1492 529 1549 monitus
541 1492 674 1549 medicina
688 1499 781 1548 secuta
796 1501 853 1559 est,

122 1585 191 1640 Dum
211 1593 300 1641 tumor
315 1585 342 1640 in
353 1593 448 1641 tenero
461 1584 597 1640 succrevit
608 1599 723 1654 corpore
735 1582 852 1641 fervens.

121 1675 175 1729 dut
187 1676 321 1745 quomodo
332 1675 390 1746 ipse
399 1690 468 1745 puer
481 1674 570 1731 uentis
582 1688 633 1745 per
646 1674 744 1730 caerula
757 1689 860 1745 puppes

120 1766 241 1823 laetatus
251 1768 378 1840 precibus
388 1768 534 1824 revocabat
547 1765 582 1822 ab
593 1782 702 1838 equore
714 1768 822 1838 quinas.

122 1856 244 1924 Qualiter
257 1866 304 1913 aut
316 1857 435 1913 animam
445 1855 511 1914 lerri
523 1845 605 1927 sup'cr
615 1863 689 1913 astra
701 1856 810 1912 ridebat

122 1949 250 2006 l‘raesuiis
263 1949 375 2017 didani,
391 1959 500 2007 teneros
515 1951 577 2007 dum
592 1957 718 2020 pasceret
730 1965 823 2022 agnos.

122 2042 280 2100 uerterunt
290 2043 427 2115 quomodo
440 2050 551 2100 terreum
563 2057 634 2113 pane
646 2041 740 2099 lovere

123 2139 191 2194 Dum
209 2147 329 2211 cuperet,
345 2141 446 2197 meruit
457 2140 583 2197 coelestes
596 2155 705 2197 sumere
716 2139 751 2195 ab
764 2139 819 2195 illo.

126 2231 161 2287 Ut
173 2231 269 2287 belluae
280 2231 398 2305 gelidum
409 2232 473 2289 villo
487 2230 606 2302 llatuque
621 2230 766 2298 fovebant,

123 2324 286 2382 Contentum
297 2324 410 2383 tratrem
426 2325 521 2384 morbo
533 2324 664 2396 culpaque
675 2324 790 2380 relaxat.

922 388 1146 453 Allamoniacus
1156 390 1249 457 bomo,
1262 407 1343 461 supra
1360 406 1440 462 quem
1456 389 1577 446 sunlitur
1592 391 1678 455 unda,

961 478 1087 548 Sumatur,
1102 496 1194 538 meros
1207 482 1296 537 Patris
1309 497 1370 551 quae
1383 483 1487 537 laverat
1499 490 1585 538 artus.

959 570 1044 642 AEgra
1057 572 1169 627 trahens
1179 572 1288 640 qnidam
1300 572 1416 642 suspiria
1430 572 1546 642 qualiter
1560 587 1646 628 orans

959 661 1032 718 lllius
1043 663 1076 718 aul
1086 663 1219 717 tumulum
1233 662 1327 719 morbo
1340 672 1451 719 sanatus
1466 664 1500 718 ab
1516 663 1562 718 illo
1576 672 1631 719 est.

959 753 1114 826 Languidus
1126 761 1209 824 utque
1223 754 1309 810 oculis
1324 764 1438 826 tangens
1453 755 1543 810 oraria
1556 754 1642 819 rasis,

959 847 1032 904 illius
1045 865 1079 905 ea
1093 849 1152 904 risu
1163 849 1239 905 dolor
1251 858 1279 906 et
1290 850 1377 921 caligo
1389 850 1513 907 recessit.

958 937 1147 996 Calceamenta
1162 941 1250 998 Patris
1264 942 1383 999 resoluto
1394 958 1507 1013 corpore
1520 943 1633 1014 qnidam

959 1031 1058 1097 induit,
1071 1042 1098 1088 et
1111 1033 1184 1089 sanis
1195 1034 1315 1105 perrexit
1323 1035 1460 1104 gressibus
1473 1035 1544 1091 iude.

961 1122 1082 1190 Qualiter
1097 1122 1196 1180 infirmi
1207 1136 1339 1183 curentur
1352 1128 1481 1199 tegmine,
1495 1129 1546 1184 snb
1556 1145 1612 1200 quo

962 1213 1080 1284 Spiritus
1090 1224 1163 1271 astra
1177 1218 1245 1288 petit
1258 1220 1345 1276 sancti
1363 1227 1470 1275 terrena
1484 1220 1653 1291 relinquens.

998 1325 1061 1382 lloec
1073 1327 1193 1383 breviter
1207 1329 1292 1400 tetigi,
1308 1345 1342 1385 nc
1357 1338 1411 1386 tuta
1427 1338 1520 1388 tacere
1531 1333 1642 1389 uiderer

962 1414 1064 1486 Inclyta
1085 1417 1169 1472 rurali
1184 1420 1371 1490 perstringens
1383 1423 1504 1478 carmine
1516 1432 1603 1492 gesta.

962 1502 1026 1560 llaec
1040 1506 1166 1575 quoniam
1180 1508 1280 1564 cecinit
1290 1509 1377 1579 plenis
1386 1525 1448 1566 cum
1461 1514 1586 1570 versibus
1596 1515 1664 1571 olim

961 1595 1114 1653 Praeclarus
1130 1599 1217 1655 nitide
1229 1600 1302 1656 Beda
1317 1617 1441 1658 sermone
1451 1605 1599 1675 magister;

964 1686 996 1742 Ni
1012 1691 1188 1761 presedisset
1198 1702 1307 1750 nostras
1318 1696 1395 1764 prius
1409 1697 1467 1766 ipse
1481 1713 1627 1764 camenas,

966 1777 1114 1849 inciperem
1125 1780 1224 1852 lyricas
1235 1798 1329 1841 omnes
1342 1785 1488 1841 exardere
1501 1787 1594 1843 libras.

965 1869 1024 1925 Non
1036 1870 1111 1926 Pana
1124 1873 1255 1943 rogitans,
1270 1874 1366 1931 Plaoebi
1380 1891 1431 1931 nco
1443 1890 1542 1932 numen
1555 1878 1649 1945 inane,

966 1959 1020 2017 Sed
1033 1969 1078 2016 tna
1092 1976 1154 2018 eum
1168 1971 1224 2019 tuto
1238 1962 1366 2036 suffragia
1378 1966 1460 2022 corde
1469 1981 1608 2037 precarer,

966 2053 1003 2110 llt
1015 2054 1082 2110 mibi
1095 2055 1234 2111 rorifluam
1249 2059 1375 2123 donares,
1391 2058 1510 2127 Christe,
1521 2060 1672 2133 loquelam,

965 2144 1006 2201 Ad
1019 2147 1153 2203 narranda
1165 2148 1204 2218 pii
1220 2149 1300 2221 digne
1313 2151 1448 2220 preconia
1461 2151 1560 2207 Patris.

1000 2235 1118 2308 Belliger
1131 2235 1257 2309 Egiridus
1269 2247 1412 2310 postquam
1426 2240 1490 2296 hinc
1501 2241 1564 2297 inde
1574 2244 1726 2315 triumphus

966 2325 1107 2393 Cesserat,
1121 2335 1149 2385 et
1160 2336 1255 2399 gentes
1269 2331 1374 2385 domuit
1385 2332 1436 2387 sub
1450 2341 1537 2388 marte
1548 2331 1668 2396 seroces.

125 2414 214 2486 thue
226 2415 363 2486 precando
377 2415 477 2471 tamem
491 2415 629 2485 projectus
641 2414 675 2469 ab
689 2428 798 2483 aequore
813 2413 903 2468 nantis
965 2414 1077 2488 decepit
1087 2432 1212 2488 sponsam
1223 2421 1392 2476 adiltrudam
1409 2422 1423 2462 b
1437 2423 1547 2480 nomine
1557 2424 1671 2489 dictam

124 2506 254 2575 Abstulit,
267 2517 295 2564 et
307 2515 413 2565 eertum
424 2507 552 2579 praedixit
563 2507 659 2563 adesse
671 2521 807 2562 serenum.

125 2597 179 2653 dut
193 2598 327 2669 quomodo
341 2613 375 2654 ex
390 2597 480 2669 aquila
495 2595 584 2653 delato
596 2596 670 2666 pisce
681 2596 825 2652 cibandum

125 2690 161 2747 Sc
175 2692 333 2762 sociumque
346 2706 425 2747 suum
439 2688 574 2760 praedixit,
588 2695 616 2744 et
631 2696 673 2744 est
684 2688 722 2743 ita
736 2688 848 2758 iactrrm.

966 2503 1101 2561 Nobilium
1113 2509 1231 2576 genitam
1247 2511 1330 2581 regali
1344 2511 1428 2582 stirpe
1441 2521 1596 2583 parentum,

966 2594 1088 2652 Nobilior
1098 2597 1176 2669 longe
1185 2608 1261 2655 casta
1275 2616 1335 2671 qum
1345 2610 1436 2658 mente
1451 2603 1591 2658 manebat.

966 2684 1033 2740 Nam
1042 2686 1110 2743 iicet
1121 2688 1166 2744 illa
1180 2687 1250 2745 soret
1261 2691 1380 2748 thalamo
1392 2691 1535 2762 coniuncta
1545 2695 1676 2766 superbo.

123 2782 206 2855 249
215 2782 415 2853 autquomodo
425 2779 551 2855 ardentes
565 2778 706 2834 avertitalt
716 2777 818 2834 aedibus
829 2777 915 2849 ignes,
967 2776 1051 2849 Regia
1065 2779 1188 2836 bissenos
1200 2782 1303 2851 pariter
1310 2783 1367 2853 jam
1381 2800 1478 2854 sponsa
1494 2799 1544 2855 per
1555 2802 1653 2853 annos,

124 2876 285 2931 incumbens
296 2875 432 2946 precibus,
443 2872 572 2943 juvenum
585 2885 654 2942 quos
668 2870 764 2926 dextra
776 2869 914 2940 nequibat.
966 2867 1129 2924 intemerata
1143 2879 1234 2926 tamen
1245 2874 1395 2942 permansit
1407 2875 1484 2946 virgo
1495 2891 1544 2945 per
1555 2892 1655 2942 maram,

125 2963 295 3023 llaemuniaca
310 2964 419 3036 quidem
431 2961 474 3018 rel
486 2960 602 3032 qualiter
614 2975 683 3015 uxor
696 2960 730 3014 ab
745 2958 791 3014 illo

125 3057 168 3113 Sit
179 3065 284 3124 sanata,
295 3057 372 3127 prius
383 3070 463 3126 quam
479 3062 550 3109 tecta
565 3053 685 3124 rogantis
697 3052 800 3107 inisset.

125 3154 265 3209 Daemones
277 3160 325 3208 aut
336 3150 472 3223 quemodo
486 3156 596 3207 sanctus
608 3148 642 3205 de
654 3148 745 3204 Fame
757 3146 889 3220 malignos

125 3243 273 3315 Expulerit,
286 3243 365 3314 iusta
378 3242 482 3299 iaciens
494 3242 545 3298 sibi
555 3247 626 3297 tecta
636 3240 773 3296 manendi.

126 3333 164 3388 Ex
177 3335 252 3389 sicco
267 3341 297 3388 ut
313 3333 444 3402 liquidam
455 3330 568 3401 poduxit
583 3329 685 3400 cespite
697 3327 845 3398 lympham,

125 3426 190 3493 Quae
204 3426 240 3480 ad
253 3433 345 3480 votum
356 3423 446 3479 Patris
458 3424 607 3493 praestabat
619 3423 646 3476 in
663 3437 710 3479 ore
722 3436 856 3492 saporem.

125 3517 248 3586 Qualiter
259 3516 317 3586 ipse
330 3515 381 3570 sibi
393 3527 507 3569 messem
519 3513 633 3568 sevisset
646 3513 673 3567 in
690 3527 767 3582 agro,

127 3610 159 3665 Et
171 3607 296 3664 volueres
308 3607 391 3661 serbo
406 3611 511 3660 mutum
526 3602 676 3673 pepulisset
690 3605 724 3658 ab
740 3602 799 3658 illa·

128 3702 164 3759 Ut
178 3714 253 3756 mare
269 3713 330 3756 cum
343 3697 430 3754 belvis
443 3704 540 3753 sancto
551 3696 654 3752 seruire
666 3695 779 3752 solebat.

130 3792 252 3848 Plurima
263 3789 383 3845 veridico
393 3789 519 3861 paedixit
531 3797 558 3844 et
570 3804 617 3844 ore
631 3786 733 3854 lutura,

131 3883 169 3937 lie
180 3895 219 3946 se,
231 3881 318 3951 deque
329 3878 399 3944 aliis,
415 3894 476 3948 quae
490 3879 620 3949 praescius
634 3887 698 3934 autc
714 3877 835 3934 ridebat.

129 3971 251 4041 Qualiter
262 3970 338 4026 uxori
353 3970 473 4035 comitis,
486 3970 530 4026 cui
544 3970 658 4025 miserat
671 3970 772 4026 undam

40 4080 44 4087 ’
129 4064 253 4130 Sacram,
270 4062 390 4118 restituit
403 4060 513 4132 depulsa
524 4069 599 4132 peste
609 4061 733 4117 sulutem.

127 4154 280 4211 Cbrismate
295 4152 335 4208 sic
345 4151 490 4221 quamdam
504 4159 649 4209 sanuserat
662 4151 720 4220 ipse
732 4157 892 4220 perunctam

126 4243 148 4300 b
162 4242 256 4300 morbo
268 4241 361 4297 lateris
376 4240 526 4312 capitisque
538 4239 631 4296 dolore
643 4239 771 4310 puellam.

131 4337 169 4394 Ut
184 4336 346 4393 benedictus
360 4334 425 4389 item
437 4331 543 4388 delatus
554 4332 632 4402 panis
645 4332 680 4386 ab
693 4330 741 4387 illo

129 4426 262 4483 lmmissis
274 4423 393 4497 lymphis
407 4423 551 4493 quemdam
564 4428 708 4476 sanas-crat
717 4436 828 4492 aegrum.

129 4519 251 4588 Qualiter
265 4514 448 4586 autinreucm
461 4511 624 4567 moriturum
638 4508 708 4566 furto
721 4508 809 4565 riato'r

130 4607 271 4679 Repperit,
284 4604 386 4661 orando
396 4601 440 4659 cui
453 4599 572 4656 reddidit
582 4599 640 4671 ipse
655 4598 779 4656 salutem.

130 4699 167 4756 Ut
178 4701 239 4769 pius
250 4705 332 4769 atque
345 4696 436 4762 Pater,
452 4694 549 4749 morbo
559 4699 684 4748 uastante
695 4692 850 4759 Britannos,

129 4789 259 4845 l‘racdixit
273 4786 353 4843 matri
367 4786 477 4855 natique
492 4785 642 4854 domusque
654 4781 779 4839 salutem.

130 4879 253 4947 Qualiter
264 4886 311 4933 aut
321 4876 440 4931 animam
451 4873 568 4945 pastoris
578 4875 613 4930 ab
627 4874 724 4930 arbore
735 4872 803 4944 lapsi
872 4902 875 4907 ·

133 4969 278 5041 Angelicos
289 4965 357 5024 coelo
371 4975 458 5022 coetus
469 4963 570 5020 inlcrre
583 4964 689 5020 videret

132 5059 222 5129 Atque
235 5073 314 5116 suum
329 5063 467 5129 aegrotans
481 5061 625 5110 curarcrat
637 5054 694 5124 ipse
706 5053 871 5119 ministrum,

131 5148 261 5205 Prolluvii
273 5147 378 5203 reatris
390 5143 481 5200 luerat
496 5144 543 5214 qui
558 5144 618 5199 tabe
631 5153 767 5215 gravatus.

133 5239 255 5307 Qualiter
268 5237 411 5294 undecimo
423 5242 610 5308 postmortem
622 5249 721 5305 corpus
735 5234 762 5289 in
775 5250 845 5290 annu

132 5329 270 5404 integrum
282 5329 372 5386 inerat
385 5336 439 5385 tota
450 5343 512 5384 cum
526 5335 602 5384 reste
615 5335 762 5396 repertum.

168 5440 245 5499 vrrs.
265 5441 327 5498 tau.

965 2960 1039 3016 Inter
1048 2960 1110 3030 jura
1124 2962 1194 3018 thori
1208 2963 1320 3020 vincens
1331 2964 1455 3021 incendia
1469 2966 1572 3022 carnis.

968 3051 1086 3122 Virginis
1099 3053 1169 3110 alma
1182 3053 1258 3119 dues,
1273 3056 1345 3127 regis
1355 3057 1486 3126 patientia
1499 3059 1585 3113 mira!

969 3141 1093 3199 i'incitur
1105 3144 1150 3198 bic
1162 3145 1297 3214 precibus,
1313 3146 1361 3202 sed
1371 3162 1463 3204 amore
1474 3148 1608 3205 latrantis
1619 3158 1647 3206 et
1661 3149 1721 3215 illa;

968 3233 1054 3290 Arabo
1067 3235 1152 3291 saeris
1166 3234 1229 3291 srdei
1243 3236 1377 3294 terrentes
1389 3238 1496 3311 ignibus
1508 3242 1593 3307 intus,

968 3326 1144 3383 permansere
1158 3329 1239 3383 simul
1253 3329 1353 3399 conjux
1365 3347 1428 3387 enm
1444 3331 1559 3403 corrjuge
1570 3335 1651 3389 casti.

969 3417 1110 3488 Quamque
1123 3418 1227 3490 integra
1240 3419 1310 3476 soret
1322 3424 1415 3477 virens
1425 3421 1453 3477 in
1464 3439 1579 3494 corpore
1593 3424 1682 3495 virgo,

969 3509 1035 3565 Post
1046 3518 1161 3564 mortem
1171 3509 1302 3568 Dominus
1315 3513 1400 3584 signis
1409 3515 1537 3585 patefecit
1549 3517 1671 3587 apertis;

969 3599 1037 3654 Nam
1054 3614 1119 3655 caro
1130 3615 1178 3655 sex
1189 3600 1274 3657 deuos
1285 3602 1368 3658 etiam
1381 3604 1513 3659 tumulata
1525 3620 1574 3675 per
1587 3620 1691 3671 anuos,

969 3687 1128 3758 lucorrupta
1142 3689 1251 3759 quidem
1265 3698 1322 3747 tota
1334 3707 1395 3746 cum
1409 3701 1483 3747 reste
1495 3702 1606 3763 reperta
1621 3701 1674 3750 est.

969 3779 1073 3851 Corpus
1085 3788 1145 3836 erat
1160 3790 1284 3854 vegetum
1296 3784 1388 3839 nervis
1400 3792 1428 3838 et
1438 3783 1525 3840 flexile
1538 3794 1637 3849 tutum,

970 3870 1004 3925 Et
1014 3870 1096 3927 iacies
1110 3870 1192 3927 rutilo
1207 3873 1325 3944 fulgebat
1338 3883 1432 3930 sancta
1447 3876 1553 3931 decore.

967 3963 1003 4033 Ει
1018 3963 1090 4034 quod
1101 3964 1163 4034 jure
1178 3965 1265 4036 magis
1280 3966 1394 4020 multum
1410 3966 1534 4023 mirabile
1547 3967 1624 4024 dictu
1637 3977 1681 4025 εει

970 4057 1040 4112 Ante
1054 4057 1112 4112 dies
1123 4057 1220 4113 mortis
1232 4057 1311 4113 binos
1325 4058 1351 4112 iu
1366 4074 1481 4128 corpore
1494 4058 1606 4125 uulnus,

971 4148 1046 4215 Quod
1063 4148 1185 4204 medicus
1195 4147 1259 4204 lecit
1271 4149 1356 4204 nimiu
1369 4156 1482 4220 cogente
1495 4150 1605 4216 timore,

970 4239 1089 4311 Apparet
1100 4257 1207 4306 sanum,
1219 4242 1378 4297 tenuissima
1392 4243 1451 4298 risa
1465 4243 1592 4308 cicatrix,

971 4330 1076 4388 b'leeris
1089 4333 1241 4390 obtendens
1256 4334 1355 4389 veteris
1367 4335 1480 4404 vestigia
1496 4343 1614 4389 tantum.

972 4421 1061 4477 Vestis
1074 4421 1150 4491 iteru,
1166 4438 1259 4479 sacros
1272 4439 1333 4493 quae
1347 4424 1415 4480 terit
1427 4424 1540 4495 virginis
1557 4433 1647 4491 artus,

972 4512 1081 4581 Expulit
1092 4520 1213 4569 atrocem
1226 4513 1259 4569 de
1271 4514 1391 4569 obsessis
1404 4529 1475 4585 sape
1488 4512 1660 4584 ebelydrurn.

971 4601 1027 4657 Nec
1039 4617 1092 4658 non
1105 4592 1197 4658 tumba
1208 4605 1292 4675 prior,
1309 4607 1467 4676 tenuitque
1480 4606 1596 4677 uirginis
1607 4605 1688 4662 altnae

972 4693 1151 4751 Sacrosaueta
1164 4696 1226 4751 sinn
1240 4698 1290 4753 sub
1304 4697 1385 4752 terris
1395 4698 1520 4753 membra
1531 4706 1658 4769 recepta,

971 4786 1122 4843 Exstiterat
1136 4788 1228 4845 multis
1241 4797 1340 4859 optatae
1354 4805 1436 4845 causa
1448 4789 1555 4854 salutis,

975 4876 1063 4947 litque
1072 4878 1152 4949 agris
1165 4877 1252 4934 oeulis
1264 4888 1441 4950 praestaverat
1454 4881 1512 4951 ipsa
1525 4880 1672 4936 medriam.

973 4967 1054 5024 lstius
1066 4985 1130 5039 ergo
1143 4984 1229 5027 sacrae
1243 4970 1389 5041 praedictus
1403 4971 1475 5027 Beda
1489 4971 1585 5041 puellae

972 5060 1001 5115 ln
1016 5061 1123 5116 laudem
1137 5060 1200 5118 lecit
1213 5062 1351 5134 praeclaris
1361 5065 1485 5119 versibus
1498 5065 1629 5136 hymnum
1642 5076 1667 5131 ε,

973 5151 1143 5223 Quapropter
1156 5154 1232 5225 tetigi
1242 5154 1332 5225 parcis
1346 5155 1404 5211 baec
1418 5171 1504 5226 pauca
1519 5156 1629 5221 libellis,

975 5242 1011 5297 Ut
1020 5250 1082 5311 pote
1092 5257 1307 5298 commemorans
1319 5245 1419 5302 veteris
1432 5246 1577 5315 proverbia
1594 5245 1673 5313 dictl,

977 5334 1017 5390 Tu
1030 5351 1063 5391 ne
1077 5334 1145 5391 lorte
1159 5334 1230 5392 seras
1245 5336 1272 5391 in
1283 5337 1378 5392 silvam
1393 5337 1466 5409 ligna
1481 5338 1578 5394 riatur.

1567 5446 1647 5504 Vers.
1669 5447 1730 5505 tat.

171 5557 263 5611 alen.
274 5557 357 5625 Beda,
367 5558 477 5615 ibidem.
489 5556 589 5613 blabill.
601 5570 662 5611 sec.
676 5573 694 5611 n
708 5555 806 5610 Bened.
818 5562 888 5625 part.
901 5573 920 5611 r.
1013 5569 1023 5597 t
1046 5556 1189 5628 llqrnnnnr.
1207 5560 1278 5616 llcda
1293 5576 1352 5631 cap.
1371 5562 1407 5615 au
1423 5563 1499 5633 eujus
1523 5561 1656 5617 blcrrinns
1679 5560 1763 5616 ctiam

172 5625 185 5664 ¹³
205 5626 345 5681 adiltrudu
363 5629 433 5698 apud
448 5627 546 5682 lledam
560 5625 712 5693 Erlildridu,
727 5643 786 5697 cap.
802 5627 844 5691 ta,
859 5624 918 5681 libr.
976 5629 1139 5684 nrcrrlioncm
1152 5629 1213 5686 lacit
1227 5632 1253 5686 iu
1266 5632 1342 5701 epist.
1362 5632 1421 5687 155.

129 5713 159 5753 rr
170 5694 242 5751 llist.
256 5695 362 5754 Ecclcs.
