3780 6120
110 360 113 367 .
160 322 214 373 ‘abb
598 314 628 368 B.
643 312 673 368 F.
688 311 800 367 hietat
819 310 883 367 SEU
904 309 1041 367 ahLCUib'f
1056 308 1197 366 ornabat
1214 306 1303 363 PARS
1316 307 1358 364 tlt.
1741 292 1796 349 atde

160 432 238 488 derna
262 430 336 502 regni
359 428 463 485 mterm.
480 427 529 483 llic
543 435 585 483 est
599 427 655 482 rita
670 425 849 488 credentiam,
862 430 988 487 resur-A
1004 437 1116 493 reguum
1130 423 1255 477 omnibus
1281 418 1453 476 credemibus
1472 414 1600 471 ostendit.
1626 412 1704 480 Quod
1722 411 1797 466 enim

160 527 433 587 rertiovnortuorum,
449 521 597 593 redemptio
612 520 791 589 captivorum,
810 516 855 571 lux
872 516 948 571 inde·
1003 512 1122 583 paradisi
1143 512 1184 567 vel
1206 510 1324 567 eoelestis
1343 509 1418 579 regni
1442 515 1536 578 patent
1556 506 1656 577 januar,
1682 502 1797 558 victoria

160 617 264 673 ficiens.
279 615 338 685 lpse
353 623 395 670 est
420 614 532 683 angelus
546 612 629 684 pacis,
657 609 781 665 minister
803 607 875 663 vitae.
891 607 951 678 lpse
1003 616 1046 661 est
1060 603 1171 660 Christi.
1188 603 1337 660 Credamus
1349 616 1413 672 ergo
1424 615 1533 656 omnem
1554 599 1698 654 veritatem
1709 596 1737 652 in
1753 610 1796 653 eo.

160 714 203 763 est
216 715 318 763 aeterna
333 704 492 770 beatitudo;
514 703 571 774 ipse
581 711 624 758 est
637 703 715 757 beata
731 699 879 756 astemitas.
892 697 951 769 lpse
1004 693 1072 750 Nam
1085 693 1184 765 etipsa
1209 694 1290 748 beata
1312 693 1388 764 virgo
1412 690 1496 746 liaria
1513 688 1648 745 eredendo
1672 687 1799 760 concepit

161 801 280 857 Verbum
300 807 462 854 coeternum
480 795 536 851 beo
548 791 634 859 Patri,
660 801 688 848 et
713 790 949 855 eonsubstantiale,
1004 783 1154 852 Christum,
1179 793 1207 840 et
1218 799 1268 839 nos
1287 784 1422 840 eredendo
1442 781 1633 854 perveniamus
1658 780 1693 836 ad
1708 778 1796 837 illum.

158 903 303 964 perquem
316 884 489 942 omniafaeta
504 893 576 940 snat.
591 883 649 953 lpse
660 899 725 938 earo
736 881 833 947 faetus,
847 881 880 937 de
892 880 951 937 ilir-
1003 875 1153 932 Credamus
1171 874 1245 932 illum
1259 882 1415 945 regnantem
1431 874 1457 928 in
1481 873 1567 938 roelis,
1583 872 1628 942 qui
1655 872 1799 942 pronubis

162 981 223 1053 gine
237 986 328 1043 natus,
341 977 568 1049 praenuntiatusu
586 973 726 1045 prophetis
739 989 747 1040 ;
774 971 882 1028 astella
904 972 950 1026 de·
1002 975 1082 1025 natus
1099 977 1140 1023 est
1156 965 1183 1022 io
1200 966 1299 1033 terris,
1315 980 1394 1035 quem
1410 964 1495 1019 solnm
1510 979 1562 1018 noa
1574 961 1686 1017 violavit
1701 962 1800 1017 nativi·

161 1075 338 1132 trtonstratus,
365 1066 480 1138 alfagis
501 1064 640 1131 adoratus,
656 1065 838 1135 apostoribus
866 1063 951 1119 mani·
1004 1059 1157 1130 tasprima,
1172 1068 1202 1115 ut
1215 1058 1559 1115 nosmundaretseennda.
1577 1055 1715 1111 Perillam
1731 1056 1801 1112 libe-
1850 1078 1859 1093 ·

162 1159 286 1226 festatus,
301 1156 458 1213 Emmanuel
471 1166 594 1223 vocatus,
610 1165 637 1211 et
651 1154 699 1210 Ilei
715 1152 800 1210 Filius
811 1168 891 1209 uerus
906 1153 951 1207 de·
1004 1150 1056 1205 rati
1072 1166 1166 1205 sunaus
1183 1165 1197 1204 a
1211 1150 1349 1205 servitutis
1360 1147 1437 1220 jugo,
1456 1164 1505 1219 per
1529 1148 1606 1202 illum
1630 1148 1802 1203 reconciliati

161 1250 289 1303 elaratus.
315 1247 415 1305 Faetus
435 1250 486 1306 sub
512 1248 627 1319 imperio
649 1247 790 1303 hominum
811 1246 838 1300 in
861 1242 952 1311 terris,
1004 1256 1097 1297 sumus
1110 1240 1165 1297 beu
1181 1241 1265 1306 Patri,
1279 1255 1332 1295 non
1348 1241 1507 1296 meritorum
1533 1239 1628 1311 gloria,
1651 1239 1698 1294 sed
1718 1237 1803 1293 mise·

161 1353 222 1394 cum
250 1339 307 1408 ipse
330 1340 365 1394 sit
381 1340 529 1411 imperator
557 1338 714 1409 angelorum
729 1337 757 1392 in
782 1335 867 1392 omlis.
894 1334 954 1405 lpse
1007 1334 1120 1389 rationis
1143 1333 1241 1404 gratia.
1263 1330 1311 1387 ille
1343 1332 1422 1387 nobis
1442 1340 1483 1387 est
1507 1330 1641 1386 mediator
1663 1330 1690 1385 in
1705 1331 1803 1391 uitam.

161 1429 277 1503 primam
287 1431 384 1486 stolam
396 1432 511 1487 reddidit
522 1431 664 1496 filiishdae,
677 1429 831 1502 paradisum
839 1427 955 1498 aperuit,
1007 1425 1052 1495 qui
1065 1433 1092 1480 et
1105 1430 1293 1478 remunerator
1307 1422 1334 1476 in
1350 1421 1475 1492 gloriam,
1490 1419 1570 1475 iesus
1586 1419 1804 1476 Christusverus

162 1524 225 1579 vitae
251 1525 344 1580 orbem
369 1525 501 1590 exltilnrit,
527 1524 662 1580 libertatis
681 1525 793 1597 januam
817 1520 954 1593 patefecit.
1006 1517 1078 1572 Deus
1104 1524 1132 1572 et
1152 1513 1295 1570 verusllei
1311 1513 1404 1579 Filius,
1432 1513 1479 1585 qui
1492 1512 1559 1567 uivit
1571 1521 1599 1567 et
1622 1518 1718 1583 regnat
1740 1524 1804 1565 eum

162 1616 277 1687 insuper
290 1616 384 1685 etiam,
409 1617 480 1687 qttod
507 1615 592 1672 hdam
618 1633 670 1674 non
696 1616 800 1684 babuit,
823 1616 956 1672 eoelorum
1007 1608 1063 1665 Deo
1081 1608 1163 1663 Patre
1174 1613 1201 1661 et
1220 1607 1323 1677 Spiritu
1344 1614 1439 1662 saneto
1451 1605 1477 1659 in
1504 1602 1601 1660 secula
1627 1601 1804 1675 sempiterna.

168 1725 1790 1756 Μ

611 1837 938 1900 dDDlethNTUbi
960 1834 1122 1898 tbcaa'rt
1146 1832 1355 1897 nectente.

544 1976 692 2040 Mirabile
707 1978 917 2041 testimouium
930 1981 1031 2041 tancti
1047 1977 1219 2057 depastiai
1229 1976 1352 2058 psalmo
1372 1996 1431 2040 υιν.

842 2099 1130 2116 ψ

201 2158 270 2212 llum
282 2155 369 2212 lectus
395 2153 447 2212 fuit
467 2155 533 2210 mihi
548 2156 582 2212 ad
610 2171 732 2213 mensam
757 2166 888 2214 tractatus
901 2159 957 2222 ille,
975 2165 996 2225 B
1011 2158 1203 2222 indivinitate,
1218 2157 1321 2227 absque
1341 2157 1416 2212 omni
1436 2156 1519 2212 dubio
1536 2154 1604 2211 duas
1616 2153 1698 2209 habet
1711 2169 1807 2223 perso·

165 2228 256 2283 subito
279 2228 454 2282 venerantia
474 2240 554 2282 aures
567 2226 625 2282 hae
645 2231 727 2282 verba
743 2245 749 2282 :
771 2228 812 2300 [Si
826 2229 853 2283 ln
868 2237 959 2285 mente
1011 2244 1070 2293 nas,
1094 2237 1214 2285 nostram
1230 2229 1342 2291 scilieet,
1359 2229 1405 2297 pati
1428 2242 1522 2282 saunas
1534 2225 1654 2296 adoptivi
1671 2224 1733 2280 filii
1745 2224 1805 2291 bei,

165 2298 215 2353 tihi
232 2312 287 2353 iton
314 2297 389 2352 uenit
414 2295 549 2365 Christus,
578 2298 689 2363 dormit,
706 2299 794 2354 exeita
809 2298 957 2359 Christum,
1011 2308 1039 2355 et
1053 2315 1140 2365 suam,
1152 2313 1234 2368 ettam
1246 2299 1411 2353 aeternaliter
1423 2297 1528 2352 habuit.

165 2369 255 2423 rende
268 2367 359 2423 fldem.
375 2366 452 2422 Tunc
463 2367 490 2423 in
515 2375 541 2422 te
553 2367 654 2424 dormit
678 2369 813 2433 Christus,
829 2371 959 2425 siveram
1046 2370 1112 2425 ltent
1137 2368 1356 2440 interrogandum
1380 2378 1432 2431 est,
1448 2369 1470 2422 si
1483 2366 1640 2422 beatissima
1662 2367 1746 2437 Virgo
1759 2380 1808 2437 ge·

166 2439 243 2494 illam
257 2438 342 2492 filium
357 2436 405 2492 bei
417 2437 486 2492 altine
505 2453 536 2493 as
546 2453 616 2502 esse,
631 2439 654 2493 si
671 2437 770 2494 oblitus
781 2455 811 2495 es
825 2440 961 2509 passionis
1011 2441 1093 2494 nitria
1106 2439 1152 2494 liei
1164 2454 1228 2495 vere
1238 2440 1365 2493 ‹tiratnrt
1381 2439 1426 2495 l'el
1440 2439 1462 2492 si
1473 2438 1598 2507 proprius
1608 2437 1644 2492 sit
1655 2435 1808 2506 filiuseius·

166 2509 248 2564 illius.
265 2507 342 2562 Tune
355 2507 383 2561 in
400 2516 426 2562 te
438 2508 490 2579 rigi
502 2516 531 2561 at
548 2507 683 2575 Christus,
703 2508 727 2563 sl
741 2510 886 2565 meministi
899 2526 960 2581 pas·
1011 2511 1073 2565 dem
1092 2510 1209 2581 Virginis
1219 2509 1344 2564 Christus
1362 2508 1389 2562 in
1403 2509 1493 2562 divina
1515 2516 1543 2563 et
1556 2508 1673 2562 humana
1686 2506 1809 2562 naharai

167 2580 272 2634 sionem
286 2577 412 2650 Christi]
1013 2580 1041 2636 Si
1057 2580 1226 2651 responderit
1247 2580 1412 2649 itaquisitor:
1437 2580 1485 2634 llst
1509 2593 1541 2633 ea
1558 2578 1662 2633 ratione
1680 2578 1810 2647 proprius

201 2647 319 2718 9151ss
330 2648 456 2716 pretendi
465 2647 647 2719 disputatione
659 2648 682 2703 si
695 2648 890 2705 evenioteausa
900 2665 962 2706 eum
1011 2661 1039 2706 et
1059 2660 1130 2706 totus
1144 2650 1269 2706 Christus
1294 2651 1320 2704 in
1335 2649 1440 2705 ‹litabus
1462 2649 1567 2704 naturis
1590 2648 1638 2702 Dei
1657 2647 1747 2703 Patris
1759 2648 1809 2704 lii·

167 2719 287 2788 quotibet
310 2719 391 2771 verita
409 2719 553 2775 sererede
574 2718 718 2790 adoptione
739 2729 767 2776 et
784 2722 961 2792 proprietate,
1012 2722 1065 2777 lius
1080 2742 1087 2776 ;
1102 2723 1165 2792 quia
1181 2721 1252 2776 sieut
1263 2720 1416 2775 harttiliarit
1436 2720 1563 2775 divinitas
1575 2719 1702 2789 seipsam,
1718 2726 1749 2773 ut
1764 2733 1811 2775 es·

167 2787 800 2860 quamdieuntinChristoesse,interrogandum
809 2801 918 2861 estque
927 2793 964 2846 sit
1012 2801 1055 2847 set
1068 2792 1254 2862 untastptisque
1278 2789 1383 2863 [forte.
1409 2791 1500 2845 titius:
1527 2805 1616 2844 revoat
1629 2787 1732 2843 eidetar
1753 2788 1810 2843 oii-

168 2871 282 2929 persona
303 2856 363 2912 Filii
376 2856 424 2914 Dei
437 2859 463 2913 in
477 2868 578 2914 aeterra
596 2860 758 2915 nativitate?
771 2860 857 2917 hnsit
870 2861 963 2932 unige-
1011 2863 1074 2933 qtrid
1085 2861 1184 2933 deesse]
1198 2861 1334 2927 bominis;
1350 2862 1387 2915 ita
1402 2862 1520 2915 exaltata
1534 2868 1576 2915 est
1597 2858 1763 2921 humanitas,
1780 2866 1812 2914 ut

169 2929 242 2983 nitus
264 2929 290 2982 in
304 2928 349 2982 illa
399 2944 490 2994 rsona,
510 2945 590 2984 verus
611 2939 639 2985 et
652 2931 776 3001 proprius
793 2931 878 2987 Filius
893 2932 940 2986 bei
952 2932 963 2988 t
1013 2942 1087 2988 esset
1098 2948 1178 2988 verus
1187 2933 1235 2987 Dei
1248 2932 1267 2986 F
1271 2933 1341 2987 ilius.
1358 2933 1385 2987 Si
1397 2932 1521 3000 artoptiva
1533 2939 1575 2986 est
1586 2929 1741 2984 humanitas
1752 2928 1811 2985 Deo

169 2999 197 3052 st
210 2999 236 3052 in
258 2999 353 3054 uisitor
379 2997 468 3065 Forte,
483 3000 690 3084 inquisitus,seo
701 3002 841 3076 quesitus]
853 3018 964 3073 respou-
1013 3004 1098 3069 Patri,
1113 3003 1238 3073 adoptiva
1249 3011 1291 3058 est
1304 3003 1432 3058 diuinitas
1448 3003 1494 3058 l'ir
1503 3002 1550 3056 ¹ini
1573 2999 1665 3065 matri,
1679 2999 1744 3069 quia
1755 3000 1812 3055 alia

168 3069 208 3122 dit
221 3087 226 3123 :
238 3015 400 3152 (Certissima
418 3070 572 3141 dirigendus
586 3079 627 3128 est
642 3073 668 3127 in
684 3071 730 3126 illa
744 3088 870 3142 persona,
883 3089 963 3128 verus
1013 3073 1165 3129 substantia
1179 3082 1221 3129 est
1235 3073 1372 3140 divinitas,
1383 3073 1435 3127 alia
1446 3020 1664 3136 estitumanitas,
1674 3080 1703 3125 et
1713 3085 1729 3124 e
1740 3085 1811 3124 eon-

168 3148 196 3194 et
210 3153 336 3210 proprius
351 3139 436 3197 Filius
448 3141 516 3207 liei,
541 3142 634 3197 statim
656 3141 740 3199 habes
764 3144 965 3226 responderent
1015 3145 1099 3200 trario
1113 3144 1166 3198 alia
1184 3144 1348 3209 intruendas,
1361 3144 1413 3199 alia
1441 3144 1577 3199 divinitas.
1595 3141 1655 3206 llla,
1671 3141 1755 3195 idest
1771 3140 1814 3195 di-

169 3221 279 3278 captare
297 3225 358 3266 eum
381 3227 414 3267 ex
430 3213 487 3269 suis
512 3213 622 3268 verbis:
651 3212 680 3267 st
705 3214 859 3287 unigenitus
882 3215 964 3269 estin
1014 3216 1123 3278 vinitas,
1136 3223 1248 3285 propter
1258 3214 1395 3268 hominem
1407 3216 1488 3268 homo
1501 3226 1590 3271 vertis.
1604 3220 1632 3265 rt
1643 3226 1726 3266 verus
1737 3208 1813 3266 ilios

169 3295 202 3335 ea
216 3296 341 3349 persona,
372 3297 454 3352 quam
478 3283 760 3350 ntertmliterbabuit,
782 3285 874 3354 utique
888 3284 963 3339 inil-
1015 3284 1157 3340 flaminis:
1179 3286 1232 3341 ista
1249 3293 1360 3355 propter
1382 3284 1479 3343 Deum.
1494 3298 1575 3339 uerus
1601 3282 1673 3338 Deus
1687 3291 1716 3337 et
1729 3296 1814 3338 verus

169 3348 224 3403 lam
255 3365 399 3419 personam
426 3353 573 3423 assumpsit
597 3353 792 3409 humanitatem
810 3370 914 3418 verant,
935 3362 966 3411 ut
1014 3355 1170 3411 Filiusbei.

170 3427 242 3472 esset
271 3420 437 3490 unigenitus,
465 3422 591 3490 proprius
619 3431 647 3478 et
657 3439 738 3480 νυτυς
762 3422 848 3480 Filius
862 3424 921 3491 llei,
936 3431 965 3480 et
1049 3426 1117 3481 lteut
1130 3426 1154 3481 si
1172 3433 1284 3497 propter
1294 3425 1517 3496 assumptionem,
1532 3422 1601 3480 sieut
1618 3421 1708 3478 solent
1717 3421 1756 3477 illi
1768 3422 1813 3476 ‹li-

172 3489 377 3570 nullumuloehm
403 3491 485 3546 babet
508 3493 617 3561 atloptvo
642 3493 669 3546 ln
692 3493 736 3548 illa
762 3509 888 3576 persam.
909 3494 963 3550 Nus
977 3527 1001 3589 C
1016 3511 1089 3562 cere,
1103 3497 1280 3550 humanitatis
1291 3497 1433 3565 adoptivus
1446 3504 1487 3551 est
1500 3496 1529 3551 in
1543 3493 1723 3558 humanitate,
1737 3492 1814 3548 illius

171 3574 266 3613 ςυυτυς
277 3575 305 3641 m
320 3575 436 3629 persona
451 3562 615 3631 adoptionis,
628 3561 673 3618 illu
687 3573 730 3619 est
749 3576 820 3621 sieut
835 3564 886 3620 fuit
901 3573 964 3622 aute
1017 3575 1059 3624 est
1069 3568 1092 3622 si
1112 3566 1201 3622 uidem
1217 3566 1370 3651 adoptivus,
1395 3567 1443 3639 ¹(tul
1456 3565 1602 3636 affltmbssil
1621 3563 1816 3627 h⁰11¹in0m25tl

171 3639 383 3713 assumptionem
398 3631 574 3714 hurnanitatis
588 3641 660 3688 totus
673 3634 700 3688 in
714 3649 830 3704 persona
843 3637 964 3706 proprie·
1018 3647 1072 3703 est,
1093 3583 1160 3692 ⁴iiiiii
1178 3636 1237 3692 Dei.
1260 3637 1322 3692 bola
1344 3652 1461 3707 namqrte
1478 3634 1540 3691 Filii
1566 3650 1681 3707 persona
1706 3648 1815 3690 assum·

172 3706 244 3754 tatis.
272 3700 301 3755 Sa
316 3699 456 3772 adoptivus
468 3712 511 3758 est
526 3718 552 3758 nt
567 3704 745 3773 hurnauitate,
769 3714 797 3762 et
812 3707 966 3777 unigenitus
1020 3709 1073 3779 psit
1084 3707 1233 3773 hominem,
1247 3707 1338 3774 idest,
1353 3707 1413 3762 Filii
1425 3705 1483 3763 Dei.

788 3931 984 3994 Erisaota
1006 3930 1196 3992 ELiPdNDl

696 4052 743 4109 ab
761 4050 909 4110 euticeti
928 4050 1047 4110 NUPER
1065 4050 1289 4110 centensem

505 4159 596 4233 (Hanc
618 4161 756 4233 epistolam
774 4162 832 4217 eide
845 4162 955 4233 laniator
975 4160 1137 4235 Potrolopioe
1150 4173 1220 4220 tomo
1235 4162 1282 4220 tc
1291 4162 1338 4233 l'f,
1351 4165 1402 4219 col.
1418 4164 1490 4240 880.)

177 4279 1812 4309 μ--Ἣ-*μ*

417 4428 473 4464 .,
577 4358 659 4434 ⁹¹⁷
695 4359 979 4458 consessio
1016 4379 1158 4458 rinei
1197 4381 1398 4460 tantors

742 4549 971 4595 oaeattvraaa
993 4553 1080 4598 senas
1104 4552 1256 4599 arrscorr.

654 4672 742 4754 (Vide
754 4673 948 4756 Patrolopioe
962 4681 1036 4738 tom.
1049 4674 1160 4752 XCVI,
1173 4676 1233 4740 col.
1252 4679 1336 4759 882.)

548 4930 744 4993 EPlSTOLh
767 4929 929 4994 aaudiat
951 4930 1006 4991 ab
1028 4930 1171 4993 FlLlhhl
1193 4930 1234 4992 ΙΝ
1256 4930 1442 4995 canisae.

891 5071 997 5153 (huno
1013 5070 1098 5155 800.)

595 5221 735 5286 Instruit
750 5220 849 5302 filiam
861 5220 895 5283 in
909 5219 1052 5300 dopmote
1066 5227 1178 5282 eontra
1194 5218 1400 5300 Adoptiottot.

212 5434 292 5506 921
307 5434 382 5494 Filiae
395 5437 423 5494 in
436 5435 543 5495 Christo
555 5434 726 5495 charissima
739 5434 853 5491 devotus
872 5434 900 5489 in
916 5432 970 5490 ilde
984 5438 1009 5499 υ
1022 5432 1145 5504 pacidee
1160 5432 1341 5503 salutationis,
1354 5433 1398 5490 vel
1420 5435 1582 5494 familiarum
1595 5440 1731 5499 natavitate
1745 5443 1823 5503 litte-

179 5524 260 5582 [ναίω.
272 5522 396 5582 „pum
1023 5543 1125 5583 rarum.
1141 5526 1242 5581 'famen
1257 5542 1290 5582 ea
1312 5527 1445 5583 charitate
1461 5529 1622 5602 instigante,
1643 5547 1704 5603 quae
1727 5538 1826 5594 omnia

214 5618 320 5690 sapius
332 5628 430 5676 vestrae
451 5618 650 5691 probatissima
665 5617 791 5673 charitati
809 5614 969 5681 scriberem,
1023 5627 1126 5690 sperat,
1137 5634 1190 5673 non
1202 5635 1280 5676 cesso
1296 5629 1413 5676 vestram
1426 5620 1516 5678 officio
1540 5623 1706 5696 syllabarum
1728 5630 1823 5703 appel-

179 5714 202 5767 si
216 5707 388 5769 oceastmen
401 5709 468 5767 mihi
481 5717 573 5769 vestm
591 5710 700 5768 dilectio
713 5709 801 5775 daret,
816 5706 858 5762 vel
880 5708 971 5764 verbis
1024 5709 1082 5765 lare
1100 5709 1292 5777 dilectionem,
1307 5721 1334 5767 et
1356 5719 1426 5767 nota
1442 5709 1634 5773 familiaritatis
1646 5714 1826 5777 dulcedinem
