3780 6120
36 298 39 303 ’
139 303 206 362 tota
544 302 574 357 B.
594 297 753 357 natatui
771 294 837 353 SEU
856 292 993 350 alcuini
1012 296 1154 357 oranda!
1173 301 1263 358 PARS
1283 301 1347 359 l'lll.
1590 246 1598 262 ·
1699 301 1777 360 foti

136 436 291 487 cassanum,
316 420 402 477 forma
424 418 583 482 furivrarum,
607 416 693 472 forma
716 411 921 474 formosissima,
940 412 1101 471 tuameres
1115 417 1256 482 tumidant,
1276 418 1384 474 dolores
1402 429 1560 485 extenuant,
1584 420 1700 481 ardores
1722 438 1779 480 ex.

136 515 219 589 392
232 512 319 570 forma
332 509 488 575 informata,
508 517 534 564 te
556 507 634 563 nobis
653 505 726 560 clara
741 503 845 560 visione
861 501 926 557 insi-
975 505 1089 574 siccant,
1105 524 1169 565 aera
1182 509 1347 577 morbidant,
1361 526 1431 568 escae
1444 509 1547 578 inibant,
1558 512 1667 584 jejunia
1679 531 1777 575 maee-

137 607 253 665 nuabisl
273 605 331 661 Non
353 606 426 662 enim
451 601 590 672 indiguum
614 598 663 654 tibi
681 596 799 662 ridetur,
824 608 885 650 cum
901 603 926 647 te
975 604 1044 659 rant,
1066 595 1120 668 joci
1139 598 1258 665 solvunt,
1284 600 1401 656 tristitiae
1419 612 1592 669 consumunt,
1615 604 1777 664 sollicitudo

137 699 253 756 formam
274 712 410 757 vocamus
435 693 501 752 Nam
521 701 567 748 tua
581 689 698 747 essentia
713 695 740 745 et
754 687 858 758 species
873 685 924 740 diei
974 694 1105 753 coarctat,
1126 688 1259 744 securitas
1276 688 1396 757 hebetat,
1414 691 1640 761 divinissimam,
1657 710 1777 766 pauper.

136 799 227 867 potest
244 801 272 849 et
289 790 386 849 forma.
415 788 472 849 Nou
494 787 593 843 frustra
616 795 671 840 tam
695 783 925 856 speciosissimum
976 785 1017 831 tas
1038 777 1139 847 dejicit,
1156 777 1284 847 juventus
1297 781 1411 847 extollit,
1428 792 1555 841 senectus
1569 785 1720 852 incurvat:
1734 786 1777 843 iu·

137 898 221 955 qrram
243 881 467 941 formosissimum
493 879 520 933 iu
549 877 627 932 laude
655 884 701 931 tua
725 875 843 950 ponitur.
873 873 925 930 Sed
975 866 1090 922 firmitas
1100 867 1210 939 frangit,
1225 886 1326 927 moeror
1337 871 1474 941 deprimit,
1490 883 1517 930 et
1528 886 1589 946 post
1604 877 1665 933 lraec
1677 879 1775 938 omnin

138 973 226 1036 forma
247 991 308 1048 quae
327 974 441 1031 materia
454 979 530 1029 caret
543 977 571 1025 et
584 978 670 1034 motu,
686 976 805 1038 tempore
817 974 844 1024 et
855 966 923 1032 loco,
975 972 1049 1013 1¹¹⁰f8
1076 959 1218 1025 interimit,
1237 960 1371 1019 universis
1388 964 1494 1035 gaudiis
1512 967 1592 1021 finem
1617 967 1776 1038 imponens,

139 1074 219 1138 atque
239 1067 299 1122 ideo
313 1080 396 1120 onum
407 1071 459 1129 est,
482 1070 510 1117 et
532 1069 574 1118 est
596 1061 634 1127 id,
656 1060 728 1132 quod
742 1069 793 1116 est.
813 1059 925 1130 Reliqua
975 1049 1013 1105 ita
1031 1061 1060 1106 ut
1074 1067 1136 1109 cum
1153 1067 1213 1107 esse
1230 1053 1368 1120 desierint,
1384 1072 1434 1112 nec
1447 1056 1530 1115 fuisse
1547 1069 1692 1128 putentur,
1714 1060 1775 1117 lam

138 1172 204 1214 rcro
226 1173 278 1213 uon
297 1163 373 1222 sunt,
393 1154 419 1209 id
443 1153 516 1224 quod
535 1161 608 1211 suut.
624 1152 688 1208 llaec
704 1151 761 1207 sola
784 1150 926 1207 verissime
972 1139 1084 1213 iamque
1107 1146 1244 1211 adveniat,
1264 1147 1387 1215 Domine,
1414 1151 1549 1218 adveniat,
1574 1155 1708 1222 obscero,
1734 1171 1776 1210 re·

139 1248 229 1304 dicere
250 1254 363 1318 potest:
383 1245 439 1317 Eoo
455 1262 514 1300 aum
535 1245 581 1318 qui
601 1260 659 1300 aum
683 1242 783 1316 (and.
804 1258 845 1308 ur,
870 1241 925 1313 ll).
976 1249 1058 1305 gnum
1081 1234 1145 1290 illud
1170 1251 1268 1293 carens
1296 1250 1399 1303 morte,
1426 1257 1526 1299 vacans
1540 1243 1603 1309 farre,
1629 1247 1675 1303 cui
1702 1246 1776 1304 nulla

138 1341 202 1400 fiee
222 1349 298 1400 tauta
319 1349 348 1396 et
367 1337 429 1399 talis
449 1346 507 1404 est,
529 1345 560 1392 ut
579 1338 613 1393 de
637 1335 696 1405 ejus
719 1336 927 1408 pulchritudinis
976 1331 1096 1398 ternpore
1113 1327 1258 1381 succedant
1278 1343 1327 1399 per
1344 1345 1441 1393 aevunr,
1467 1332 1513 1385 ubi
1538 1334 1689 1389 continuus
1714 1336 1776 1390 siue

137 1435 242 1493 risione
261 1433 299 1488 nil
319 1432 348 1493 ia
366 1430 418 1488 hac
436 1432 490 1487 rita
505 1445 637 1501 usurpare
648 1430 701 1486 sibi
719 1446 796 1488 mens
809 1431 926 1485 bumana
976 1422 1055 1467 ”0⁰¹²
1072 1414 1130 1471 ‘¹5⁰⁵
1145 1415 1230 1472 ”⁰50st
1249 1415 1351 1472 ¹¹³b⁰l⁰
1364 1426 1480 1490 lembus,
1494 1421 1539 1475 ubi
1555 1432 1619 1476 ⁵⁰⁰²
1633 1423 1674 1478 iffi
1696 1425 1777 1495 him·

137 1527 248 1593 quaeq,
259 1523 332 1597 quod
344 1524 433 1585 „pum
446 1523 606 1581 210ququ
623 1524 764 1596 praemium
786 1523 813 1582 q„
834 1523 928 1579 subse.
976 1504 1060 1560 nidici
1084 1505 1242 1575 angelorum
1262 1508 1350 1573 chori,
1365 1517 1393 1564 et
1407 1510 1522 1565 societas
1539 1528 1727 1582 supernorum
1741 1515 1779 1569 ci-

137 1617 229 1690 quenfl
244 1616 461 1676 remuneratione
472 1630 605 1672 reservas,
976 1595 1049 1654 vium
1061 1613 1068 1661 ζ
1082 1597 1127 1653 uili
1140 1596 1227 1655 duleis
1245 1597 1432 1655 solemnitasa
1452 1603 1683 1672 pefssgfll'falionis
1700 1602 1779 1673 ittajits

174 1707 268 1764 XXIV,
294 1707 362 1765 Cum
387 1724 452 1779 0180
477 1709 509 1765 &d
531 1718 558 1764 ω
580 1708 799 1780 pervenerimus,
825 1706 928 1762 sontem
977 1690 1070 1745 labiim
1090 1691 1272 1757 Tsssseussiilllli,
1296 1692 1341 1746 uitt
1355 1693 1459 1765 providi
1475 1696 1674 1766 propheidl'llm
1689 1697 1777 1762 chori,

136 1799 211 1864 vite,
232 1808 261 1854 et
278 1808 409 1856 aetemom
426 1799 528 1866 lumen,
548 1806 576 1856 et
593 1797 778 1855 dulcissimam
796 1798 926 1870 speeiem,
944 1772 1007 1835 30²
1021 1777 1102 1850 iud&
1126 1794 1255 1837 flumini-‘³
1278 1781 1474 1855 i1³0⁸¹0¹⁰s¹¹¹¹¹2
1494 1794 1575 1856 atque
1587 1786 1779 1845 linumfflb'r

138 1888 286 1946 carisione
298 1897 343 1944 tua
355 1890 408 1945 crit
419 1890 498 1945 nobis
509 1887 705 1944 delectabiliter
718 1888 847 1957 impressa
859 1887 928 1952 sitis,
978 1871 1045 1931 lium
1066 1882 1217 1945 martyrum
1231 1874 1319 1932 victor
1338 1877 1485 1942 exereitus,
1507 1877 1645 1948 simulque
1670 1879 1778 1938 eovrfes-

138 1977 272 2047 simulque
284 1979 406 2035 satietas.
423 1977 477 2034 Sed
492 1978 571 2051 longe
590 1978 677 2034 aberit
687 1993 702 2032 a
712 1977 756 2033 siti
770 1978 929 2041 necessitas,
979 1982 1070 2023 sorum
1091 1969 1242 2024 constantia
1258 1968 1361 2040 premii
1375 1971 1416 2026 sui
1430 1972 1602 2042 perceptione
1612 1973 1776 2030 consolaus:

137 2069 379 2142 longeasatietate
396 2069 549 2134 fastidium,
567 2071 631 2140 quia
645 2078 673 2125 et
687 2069 811 2125 sitientes
823 2067 931 2124 satiabi·
979 2058 1024 2116 ubi
1048 2058 1140 2113 fideles
1163 2059 1225 2125 viri,
1250 2075 1318 2130 quos
1340 2075 1355 2115 a
1375 2061 1513 2118 virilitatis
1534 2077 1589 2118 suae
1611 2064 1714 2119 robore
1732 2080 1777 2120 ro

137 2160 340 2227 mur,etsatiati
350 2160 482 2217 sitiemus.
494 2160 656 2230 Tudenique
665 2167 766 2215 aeterna
776 2159 854 2215 nobis
863 2157 928 2220 vita,
978 2147 1068 2220 luntas
1092 2147 1172 2219 hujus
1193 2142 1283 2205 saeculi
1307 2149 1428 2208 emollire
1441 2167 1493 2207 nou
1507 2153 1604 2222 potuit,
1625 2163 1658 2208 et
1676 2163 1776 2211 sanctu

138 2251 315 2323 molismen
336 2266 436 2308 corona
455 2252 522 2317 eris,
541 2261 586 2307 tua
598 2251 678 2306 beata
695 2249 765 2307 risio
779 2249 832 2305 erit
844 2249 929 2304 nostri
977 2241 1081 2327 pariter
1106 2240 1249 2305 mulieres.
1277 2256 1337 2311 (1¹¹ae
1363 2257 1425 2298 eum
1454 2244 1554 2300 suenio
1580 2261 1680 2301 sexum
1705 2246 1770 2311 viee·

138 2341 239 2402 laboris
252 2344 403 2414 premium,
418 2351 517 2417 utpost
529 2341 700 2399 mortalitatis
711 2339 791 2411 hujus
803 2340 929 2396 tenebras
978 2342 1042 2388 runt
1054 2352 1060 2388 :
1074 2333 1120 2389 ubi
1143 2334 1230 2404 pueri,
1257 2337 1303 2406 qui
1327 2335 1390 2390 dum
1415 2344 1508 2391 essent
1526 2336 1553 2391 in
1573 2352 1673 2403 came,
1692 2353 1775 2392 annos

138 2448 248 2494 accessa
262 2444 315 2493 tuae
333 2435 426 2508 glorie
441 2435 500 2494 luce
516 2434 691 2507 gaudeamus.
707 2432 863 2488 Videbimus
879 2432 929 2486 ita·
978 2439 1043 2481 suos
1058 2425 1179 2480 moribus
1197 2425 1442 2490 transcenderuet;
1474 2434 1554 2496 atque
1582 2442 1684 2494 senes,
1706 2444 1773 2498 qums

138 2539 192 2599 que
214 2534 266 2583 tute
284 2524 583 2583 incommutabilitatem
600 2523 735 2588 essentis,
753 2529 783 2576 ut
796 2536 845 2592 per
857 2522 929 2577 hauc
978 2523 1045 2573 aas
1073 2517 1175 2576 debiles
1200 2518 1339 2585 reddidit,
1366 2527 1394 2574 et
1417 2518 1503 2577 virtus
1522 2519 1614 2593 operis
1634 2534 1691 2579 qen
1709 2516 1772 2577 feti.

138 2630 229 2678 ctnos
249 2618 399 2677 efficiamur
425 2617 681 2683 iucommutabiles3
712 2616 760 2673 sed
782 2630 835 2671 non
858 2615 930 2670 sieut
979 2608 1048 2682 quit.

137 2714 216 2771 vides
228 2722 265 2770 te.
282 2712 311 2769 lu
326 2711 406 2783 nobis
419 2710 492 2766 enim
504 2709 634 2780 quidquid
646 2711 757 2775 erimus,
778 2708 929 2779 poterimus
1014 2698 1109 2754 xxvi.
1127 2698 1169 2755 Ad
1186 2700 1283 2756 horum
1301 2699 1421 2754 omnium
1437 2709 1559 2756 sanctam
1578 2699 1771 2772 frequentiam,

137 2805 282 2866 nossetis
304 2811 332 2858 te
354 2810 456 2870 autern,
480 2801 526 2873 qui
550 2801 742 2871 comprehendi
764 2816 817 2856 non
838 2807 926 2868 potes,
978 2789 1468 2861 ettuaeinspiciendaepulebritudinis
1479 2806 1636 2846 mansuram
1649 2792 1771 2847 siuebne

137 2898 211 2970 qnod
220 2911 262 2963 es,
272 2893 402 2967 quidquid
414 2893 480 2950 illud
490 2901 542 2958 est,
555 2891 663 2963 quando
673 2906 818 2962 possumus
831 2888 928 2945 nesse?
978 2881 1098 2938 letitiam
1112 2881 1154 2937 fac
1178 2896 1231 2945 me,
1256 2881 1327 2937 Deus
1347 2898 1434 2946 meus,
1455 2891 1513 2939 toto
1535 2885 1618 2939 corde
1643 2886 1769 2951 tendere,

137 2988 381 3060 nupserimus,
404 2987 524 3042 nondum
541 2999 685 3056 possumus
696 3001 703 3037 :
715 2990 742 3038 ct
761 2991 926 3037 tamencum
978 2971 1094 3029 viriiiter
1110 2986 1231 3038 currere,
1253 2970 1369 3027 feliciter
1393 2973 1546 3043 pervenire.
1571 2973 1684 3030 lnterim
1707 2976 1768 3031 dum

136 3081 299 3157 poterimus,
325 3077 447 3150 uunquid
468 3077 509 3134 sic
528 3083 555 3132 te
573 3090 653 3132 nosse
673 3073 835 3136 valebimus,
856 3072 927 3127 sieut
940 3063 1071 3182 claisla)
1083 3079 1180 3120 maneo
1192 3079 1315 3135 corpore,
1331 3066 1358 3120 in
1371 3066 1413 3121 his
1428 3082 1535 3137 semper
1548 3068 1770 3124 meditationibus

136 3181 165 3230 te
184 3170 256 3228 nosti
280 3168 370 3226 Deus?
390 3167 448 3238 lpsa
469 3180 578 3237 quoque
598 3161 769 3219 rationabilis
793 3169 821 3217 et
842 3159 927 3215 electa
979 3167 1097 3215 mentem
1119 3173 1207 3214 meam
1219 3159 1350 3214 bonorum
1363 3158 1514 3215 insinuator
1525 3175 1635 3216 exerce.
1654 3160 1768 3223 llunda,

135 3269 272 3327 creatura,
287 3275 342 3319 nou
357 3257 496 3329 aequallter
510 3257 613 3312 visione
632 3255 670 3309 tui
689 3253 817 3324 potietur.
840 3248 928 3306 Unus-
978 3265 1054 3322 rogo,
1073 3250 1163 3305 cordis
1181 3249 1320 3315 intuitum,
1338 3266 1405 3306 acue
1416 3251 1516 3308 mentis
1529 3253 1710 3319 intellectum,
1725 3269 1769 3309 ae·

136 3351 251 3423 quisque
273 3349 345 3406 enim
365 3363 415 3419 pro
435 3347 560 3403 mercede
581 3345 683 3402 laboris
704 3343 757 3400 sui.
774 3342 827 3398 Sed
848 3341 927 3412 plene
977 3341 1177 3398 oendeeoelesti
1196 3341 1257 3411 igne
1277 3343 1407 3407 animum,
1432 3351 1462 3397 ut
1481 3351 1508 3398 te
1529 3344 1618 3399 solum
1642 3345 1767 3417 cogitem,

37 3490 52 3507 ,
136 3439 252 3498 subiciet
271 3439 342 3508 quod
354 3437 467 3506 singulis
478 3437 586 3491 dabitur
599 3435 696 3490 intueri
710 3453 716 3488 ε
731 3433 817 3499 Quum
830 3449 926 3502 muqnu
977 3440 1004 3488 te
1023 3432 1108 3487 solum
1131 3447 1228 3496 amem,
1252 3440 1279 3486 te
1298 3433 1383 3488 solum
1404 3433 1519 3490 babeam
1540 3434 1567 3489 iu
1594 3435 1679 3490 corde
1697 3445 1726 3491 et
1740 3436 1768 3491 in

136 3527 278 3589 multitudo
292 3526 439 3581 dulcedinis
449 3536 511 3588 ture,
523 3524 651 3578 Dauniae!
667 3521 741 3577 Beati
751 3521 796 3593 qui
806 3521 925 3577 hubitant
976 3537 1034 3587 ore,
1057 3522 1104 3591 qui
1117 3536 1147 3577 es
1160 3521 1280 3577 futurmn
1293 3524 1371 3579 uobis
1383 3524 1441 3579 sine
1456 3522 1509 3579 ssue
1524 3525 1677 3595 praemium.
1695 3525 1729 3581 Et
1740 3535 1769 3582 ut

137 3619 254 3694 indurato
265 3628 312 3674 tua
325 3615 411 3692 (Paul.
420 3617 535 3685 annio,
544 3613 676 3687 ansuini)
686 3614 805 3669 ll'elieos
815 3613 860 3683 uui
868 3611 924 3681 jam
975 3613 1082 3683 pondus
1096 3612 1270 3669 mortalitatis
1289 3629 1357 3670 mete
1370 3614 1463 3670 laevius
1475 3614 1571 3681 feram,
1586 3615 1621 3671 da
1637 3615 1729 3672 lumen
1742 3616 1769 3671 in

135 3711 247 3787 pelagus
259 3709 340 3781 hrrjus
356 3708 529 3766 mortalitatis
542 3708 718 3770 transierunt,
733 3714 761 3760 et
775 3704 808 3759 ad
819 3711 925 3774 portum
976 3705 1068 3769 corde,
1083 3703 1116 3757 da
1132 3704 1243 3759 verbum
1260 3703 1287 3757 in
1300 3720 1357 3760 ore.
1373 3704 1455 3775 dperi
1470 3714 1629 3760 sanctarum
1646 3705 1769 3777 Scriptu-

136 3809 274 3875 pcrpetoae
288 3800 444 3856 securitatis
460 3798 602 3871 pervenire
620 3803 788 3851 mememnt.
802 3793 925 3850 Infelices
976 3808 1069 3857 rarmn
1089 3802 1194 3848 secreta
1211 3802 1239 3847 et
1251 3792 1384 3863 profunda
1408 3803 1601 3866 mysteriorum
1615 3799 1692 3866 regni
1710 3798 1766 3851 tui:

137 3905 199 3954 troo,
218 3889 264 3960 qui
284 3888 372 3947 adhuc
387 3889 415 3945 in
433 3887 492 3945 salo
511 3885 591 3956 hujus
612 3886 675 3941 vitm
696 3883 926 3940 circumdantibus
976 3887 1010 3943 da
1038 3902 1070 3943 ev
1100 3901 1194 3943 amore
1218 3887 1257 3941 tui
1282 3885 1435 3958 lacrymas,
1465 3887 1498 3943 da
1534 3886 1597 3942 fidei
1626 3888 1769 3944 virtutum

138 3979 275 4052 agitamur
286 3978 421 4052 procellis,
435 3987 463 4034 et
474 3978 545 4034 inter
557 3975 675 4048 pericula
689 3975 771 4030 multa
783 3975 926 4044 variosque
976 3992 1028 4048 que
1050 3991 1171 4048 pennas,
1196 3975 1294 4046 quibus
1313 3975 1423 4031 indutus
1450 3992 1558 4034 sursum
1584 3977 1620 4033 ad
1649 3985 1678 4033 te
1706 3978 1769 4033 roli-

137 4066 218 4131 mitis
236 4069 332 4128 incerti
354 4084 452 4129 navem
471 4068 627 4125 laborantes
642 4067 782 4122 trabimus.
802 4067 924 4132 bomine,
977 4077 1040 4131 tem,
1057 4077 1086 4122 et
1106 4082 1219 4137 perosos
1239 4076 1350 4132 terram,
1369 4067 1467 4123 culum
1480 4077 1580 4139 petam.
1597 4067 1676 4125 Hane
1690 4068 1769 4126 bdem

137 4159 172 4220 da
183 4160 261 4218 nubis
274 4168 300 4216 tc
315 4168 428 4224 rectore,
446 4168 472 4214 te
486 4160 565 4224 duce,
581 4158 652 4212 iutcr
667 4154 784 4227 Scyllam
807 4164 835 4210 et
855 4154 926 4212 cna·
976 4160 1009 4215 de
1024 4168 1062 4223 te,
1081 4174 1129 4230 per
1142 4167 1178 4224 te,
1194 4158 1221 4217 in
1235 4167 1261 4219 te
1275 4159 1416 4225 convineor,
1438 4176 1455 4215 o
1477 4161 1556 4216 beata
1576 4171 1606 4216 et
1627 4161 1768 4217 benedicta

137 4253 243 4328 rpbdim
256 4255 296 4311 sie
310 4255 362 4311 iter
376 4263 468 4311 tencre
480 4270 528 4326 per
544 4254 673 4318 medium,
688 4261 719 4308 ut
739 4253 843 4322 integra
858 4266 925 4307 rrave
975 4260 1003 4306 et
1015 4250 1130 4321 gloriosa
1146 4248 1280 4309 Trinitas!
1295 4267 1387 4308 ovem
1401 4261 1428 4307 et
1442 4267 1549 4308 summa
1562 4262 1590 4308 et
1603 4255 1768 4325 sempiterna

137 4353 165 4402 ct
183 4344 265 4401 salvis
285 4347 421 4402 mercibus
438 4345 579 4418 pervenire
597 4345 730 4415 possimus
742 4343 776 4398 ad
787 4350 812 4397 te
823 4342 926 4398 tutissi-
975 4341 1074 4404 unitas,
1092 4339 1172 4395 Pater
1192 4350 1219 4396 et
1239 4339 1325 4397 Filius
1346 4350 1374 4395 ct
1396 4340 1514 4411 Spiritus
1535 4343 1668 4398 sanctusl
1689 4343 1768 4408 bers,

137 4448 210 4495 tutam
226 4445 343 4504 portum.
939 4430 1117 4530 Iqllumiuus,
1145 4431 1308 4501 paracletus,
1330 4432 1465 4496 ebaritas,
1489 4432 1596 4503 gratia,
1618 4437 1768 4490 communi·

172 4523 256 4586 XXV.
283 4525 358 4582 Felix
377 4526 483 4592 anima,
507 4540 566 4595 quae
590 4533 698 4580 terreno
717 4523 836 4578 resoluta
860 4536 923 4577 car·
978 4521 1057 4576 catio.
1075 4519 1289 4586 Verumlumen,
1312 4537 1406 4577 verum
1428 4521 1517 4578 lunreu
1533 4537 1566 4578 ex
1579 4522 1768 4592 luminemus

136 4627 199 4672 cere
209 4612 293 4679 libera
307 4614 404 4674 caelum
418 4615 495 4689 petit,
511 4629 571 4685 quae
585 4614 671 4670 beatis
686 4613 802 4669 admista
822 4612 924 4683 spiriti-
977 4609 1147 4665 illuminatio.
1164 4607 1265 4665 livens
1285 4612 1352 4677 vita,
1373 4613 1428 4668 vila
1450 4628 1465 4666 a
1485 4614 1605 4679 vivente,
1620 4616 1768 4673 ririfioetur

136 4704 187 4768 bus
199 4703 333 4774 ruojestati
350 4713 402 4766 tuae
415 4705 529 4771 assistit,
547 4720 607 4775 quae
620 4712 647 4760 te
660 4704 923 4774 incircumscriptum
976 4703 1136 4757 viventium.
1152 4701 1234 4768 Fons,
1251 4702 1359 4769 flumen,
1374 4705 1505 4775 irrigatio.
1523 4705 1629 4763 lluusa
1646 4725 1689 4775 se,
1703 4727 1768 4767 uuus

136 4791 227 4856 lumea
240 4794 336 4857 cernit,
354 4795 498 4866 quaenullo
515 4804 588 4849 motu
610 4794 652 4848 vel
671 4794 767 4853 mortis
782 4795 823 4850 vel
838 4795 924 4851 hostis
977 4797 1011 4850 ab
1029 4797 1170 4852 ambobus.
1190 4795 1230 4851 nb
1244 4812 1297 4850 uuo
1316 4798 1417 4863 eurania,
1443 4813 1596 4868 perunum
1617 4804 1722 4869 omnia,
1742 4805 1767 4859 in

85 4928 91 4939 ,
137 4880 263 4948 allicitur,
282 4897 341 4952 quae
356 4883 565 4954 incorruptionis
578 4894 714 4954 perpetum
726 4899 837 4941 munere
851 4885 925 4940 laetu·
976 4900 1030 4941 uuo
1041 4887 1149 4952 omuia;
1165 4886 1192 4941 id
1203 4895 1256 4949 est,
1276 4901 1292 4940 a
1312 4902 1341 4941 se
1360 4887 1452 4952 Pater,
1470 4889 1504 4942 ab
1517 4887 1604 4946 attero
1617 4889 1716 4957 finus,
1735 4895 1768 4949 ab

137 4982 190 5035 tur.
214 4973 237 5030 0
258 4973 312 5032 vita
328 4972 428 5038 vitalis,
446 4972 532 5028 duleis
547 4981 574 5028 et
588 4972 723 5039 amabilis,
746 4973 792 5030 ubi
811 4990 864 5032 nou
882 4984 923 5030 est
975 4985 1091 5046 utroque
1105 4976 1223 5047 Spiritus
1243 4985 1362 5042 sanctus,
1379 4993 1394 5031 a
1410 4976 1490 5034 Patre
1508 4977 1626 5036 etFiliu.
1639 4980 1766 5048 ‘thaan

136 5066 224 5128 hostis
244 5066 414 5139 impugnans,
436 5065 481 5120 ubi
501 5064 572 5119 nulla
594 5065 697 5135 peccati
720 5065 856 5132 illecebra,
876 5067 922 5122 sed
975 5066 1009 5124 dn
1026 5067 1060 5121 ab
1080 5066 1176 5132 altero,
1198 5066 1231 5123 ὧν
1246 5067 1280 5121 ab
1296 5074 1411 5137 utroque
1423 5082 1431 5121 :
1445 5084 1525 5124 omns
1539 5079 1633 5126 autem
1647 5072 1683 5128 dn
1696 5089 1765 5130 sem·

136 5171 242 5220 summa
257 5165 286 5216 et
298 5165 373 5214 certa
386 5156 530 5223 securitas,
542 5164 569 5212 et
583 5171 677 5212 secura
692 5157 882 5227 tranquillitas,
896 5166 924 5214 et
974 5170 1023 5226 per
1037 5157 1063 5210 in
1076 5157 1171 5221 tribus,
1187 5166 1214 5211 et
1226 5171 1306 5211 ovnne
1319 5156 1353 5212 fn
1367 5158 1507 5228 aequaliter
1525 5159 1552 5214 iu
1571 5162 1700 5234 singuiis.
1714 5165 1764 5222 ie·

136 5249 280 5320 tranquilla
299 5247 465 5318 jucunditas,
486 5258 513 5303 et
532 5248 648 5317 jucunda
672 5247 798 5314 felicitas,
816 5257 845 5305 et
859 5249 921 5305 felis
975 5262 1023 5303 rar
1044 5248 1159 5317 genitor,
1174 5248 1275 5303 veritas
1291 5249 1407 5319 genitus,
1429 5251 1531 5305 veritas
1553 5261 1584 5307 et
1604 5258 1763 5324 procera-ne

135 5339 283 5404 aetemitas,
306 5348 335 5396 et
353 5349 456 5397 eterna
479 5339 626 5403 beatitudo,
651 5348 679 5393 et
700 5339 779 5394 beata
804 5338 843 5393 tui
864 5340 922 5395 sine
975 5336 1033 5395 llna
1045 5339 1140 5403 virtus,
1152 5337 1263 5409 equalis
1275 5338 1413 5409 majestas,
1425 5340 1582 5412 pargloria,
1595 5361 1651 5402 una
1661 5349 1763 5404 adem

136 5426 191 5485 dne
214 5428 281 5485 visio
292 5438 373 5501 atque
386 5429 505 5487 laudatio
520 5431 599 5486 boos.
618 5428 654 5486 Ut
668 5431 726 5487 hoc
739 5433 878 5497 succedat,
896 5443 923 5488 et
973 5443 1026 5500 que
1037 5431 1164 5485 essentia.

135 5519 251 5578 mortale
261 5519 312 5577 boe
328 5523 455 5579 induatur
471 5521 683 5587 immortalitate,
698 5523 801 5578 utinam
818 5523 923 5578 desinat
1009 5519 1114 5576 llllVll.
1135 5520 1206 5579 Deris
1219 5520 1289 5578 trine
1301 5531 1328 5579 et
1340 5538 1404 5590 une,
1416 5524 1488 5581 Deus
1498 5528 1683 5599 omnipotens,
1696 5531 1763 5602 apud

135 5618 162 5674 et
173 5623 254 5679 qnam
276 5609 330 5665 cito
350 5611 458 5668 liniatur
482 5611 534 5665 vita
550 5611 612 5676 ista,
636 5626 697 5681 quac
718 5627 792 5668 mors
809 5612 922 5668 dicon-la
972 5626 1048 5680 quern
1066 5627 1117 5665 non
1130 5621 1167 5666 ost
1179 5616 1375 5679 transmutatio,
1393 5631 1439 5671 nec
1457 5617 1647 5679 ιιιίιιὶιιιιιιιὶι
1672 5622 1763 5679 oium·

123 5709 174 5769 rat,
192 5715 246 5758 non
261 5699 329 5771 rita,·
352 5702 403 5761 vita
421 5699 510 5770 dubia,
526 5715 598 5760 caca
613 5709 640 5760 et
661 5716 826 5770 aerumnosa;
840 5718 921 5781 quam
973 5699 1057 5756 brutio
1077 5699 1147 5776 (luc.
1162 5718 1183 5769 v,
1198 5702 1252 5776 il),
1271 5711 1299 5759 et
1312 5705 1372 5762 ideo
1385 5707 1455 5782 apud
1476 5715 1502 5764 te
1516 5721 1614 5769 corsos
1630 5707 1762 5788 temporis
