3780 6120
163 402 215 456 Sel
230 403 291 472 pius
304 402 444 461 Oswaldus
459 420 572 462 onmem
586 419 641 462 non
659 407 770 467 territus
782 407 846 474 uba,

161 492 314 562 Alloquitur
333 496 469 566 propriam
483 498 620 554 constanti
635 507 745 568 pectore
760 509 895 555 turmam:

165 603 174 634 ι
191 585 213 640 0
225 586 322 656 quibus
333 594 376 642 est
389 603 496 659 semper
505 589 636 651 bellorum
649 590 738 646 vivida
748 591 844 657 virtus,

161 674 249 741 Nune,
260 692 369 749 precor,
380 679 495 734 invictas
506 681 603 736 anirnis
616 683 747 737 assumite
761 683 843 749 vires,

161 767 351 839 auxiliumque
364 768 412 825 liei
426 771 531 827 cunctis
543 772 717 841 prestantius
729 773 812 829 armis

160 863 267 921 Pascite
279 863 360 920 corde
379 862 433 934 pio,
447 862 582 932 precibus,
596 864 760 921 substernite
773 872 878 922 nestros

161 955 256 1014 Vultus
272 965 335 1013 ante
350 970 469 1022 crucem,
483 971 565 1026 quam
578 958 679 1013 vertice
688 957 789 1017 montis
802 958 830 1013 in
844 959 896 1013 isto

161 1045 253 1111 Erexi,
262 1047 356 1101 rutilat
364 1045 466 1101 Christi
477 1061 537 1115 quae
550 1046 625 1102 clara
640 1054 750 1118 tropaeo,

160 1135 225 1203 Once
245 1151 352 1206 quoqne
364 1152 437 1193 nunc
454 1137 531 1193 nobis
548 1139 686 1208 praestabit
706 1140 740 1195 ab
757 1142 835 1197 hoste
856 1139 950 1201 trium·

783 1231 887 1304 [phnm.
899 1252 909 1285 ι

159 1315 237 1373 Tune
249 1318 352 1375 clamor
363 1321 453 1392 populi
467 1320 552 1377 fertur
569 1337 650 1392 super
661 1330 734 1378 astra
747 1323 893 1394 precantis.

160 1406 195 1463 Et
211 1423 291 1465 cruce
311 1409 350 1466 sic
371 1425 473 1479 coram,
487 1411 685 1484 Dominamque
699 1413 837 1485 Deumque
854 1422 948 1485 poten-

834 1503 910 1577 [tenu

158 1582 307 1659 Popiitlbus
318 1589 405 1659 tlesis,
420 1592 555 1651 exereitus
564 1595 653 1651 omnis
665 1595 769 1651 adorat.

157 1676 206 1735 ilis
217 1680 300 1736 ctiam
313 1683 396 1752 gestis
415 1694 555 1756 promptus
566 1688 700 1759 processit
713 1687 742 1742 in
756 1688 872 1753 bostem,

156 1769 281 1826 Caedibns
295 1771 447 1844 irrumpens
463 1776 571 1837 bestilia
585 1785 675 1833 eastra
689 1771 819 1835 cruentis.

157 1859 193 1917 Ut
207 1861 250 1918 leo
261 1877 322 1920 eum
336 1866 433 1928 catulis
444 1867 562 1924 erudelis
576 1869 656 1931 ovilia
667 1878 768 1938 vastat,

156 1950 190 2007 Et
204 1967 287 2024 pecus
301 1969 381 2013 omne
399 1957 473 2015 ierus
487 1968 596 2027 mactat,
618 1962 775 2033 manditque
791 1965 941 2042 trabitquc3

155 2042 232 2101 llaud
250 2061 328 2103 secus
348 2048 489 2107 osualdus
508 2067 556 2108 rex
569 2055 667 2109 stravit
683 2056 784 2126 ubique
796 2057 943 2128 phalanges

47 2210 51 2215 1
154 2131 313 2197 Barbaricas
326 2138 412 2195 victor
423 2141 551 2211 gradiens
565 2159 614 2214 per
629 2145 692 2210 tela,
706 2161 755 2216 per
769 2147 872 2214 hostes,

154 2224 238 2283 Cedit
254 2237 282 2285 ct
297 2230 425 2298 inculcat,
441 2232 575 2305 fugientes
590 2238 683 2294 atterit
698 2238 766 2296 aias.

155 2320 288 2380 Praevenit
300 2324 417 2384 Oswalrli
432 2316 577 2387 sternendo
589 2333 726 2389 exereitus
741 2335 843 2402 hostes,

154 2411 321 2485 sanguineos
334 2418 437 2488 campis
457 2420 529 2476 rivos
545 2429 606 2490 post
618 2430 693 2492 terga
704 2424 869 2494 relinquens,

153 2504 242 2561 Donec
256 2506 314 2579 ipsc
324 2507 403 2564 luens
415 2511 514 2567 eccidit
525 2511 648 2568 Cadn'ala
668 2511 799 2571 uelandus

150 2593 275 2652 l‘crlldiae
288 2612 392 2668 peenas,
407 2601 525 2657 moriens
536 2603 563 2658 in
578 2611 670 2673 strage
683 2619 804 2671 suorum,

150 2681 284 2755 Claraqne
296 2688 441 2759 magnilica
454 2693 538 2749 cessit
548 2695 662 2751 victoria
674 2697 741 2769 regi.

151 2773 280 2834 Hostibus
292 2778 391 2837 occisis
403 2797 515 2854 regnum
527 2788 715 2846 sanctissimus
729 2789 836 2847 Osrvald

149 2865 311 2938 ingreditur,
325 2871 407 2930 beros
421 2883 541 2932 veterum
553 2879 701 2952 condignus
713 2897 835 2940 avorum.

149 2962 198 3019 Vir
214 2964 314 3023 virtute
328 2977 424 3039 potens
437 2971 532 3041 patriae
547 2982 665 3042 tutator,
678 2985 784 3035 amatur

148 3056 268 3118 Moribus
281 3062 406 3135 egregius
420 3063 519 3122 Christi
536 3069 662 3125 mandata
675 3079 794 3137 secutus,

148 3148 316 3223 Pauperibus
331 3153 431 3226 largus,
443 3173 541 3228 parcns
556 3159 618 3228 sibi,
631 3163 744 3220 diresin
761 3181 866 3229 enarres,

147 3236 261 3297 indiciis
271 3256 364 3309 verax,
380 3245 463 3301 animi
476 3248 577 3316 pietate
589 3250 733 3321 benignus,

146 3328 228 3401 245
247 3330 376 3389 Excelsus
397 3336 513 3404 meritis,
534 3341 683 3398 submissus
701 3355 791 3400 mente
808 3348 856 3403 scd
868 3349 936 3418 ipsa,

146 3401 275 3475 Hostibus
292 3422 432 3479 horribilis
445 3428 551 3484 eunctis
564 3428 701 3499 jucundus
722 3436 828 3496 amieis.

146 3508 182 3564 Ut
204 3509 275 3581 bello
288 3512 443 3582 indomitos,
459 3518 499 3574 sic
515 3530 595 3590 pacta
609 3524 636 3579 in
654 3540 721 3595 pace
733 3528 831 3585 tidelis.

145 3596 259 3661 lnraluit
273 3611 416 3674 postquam
429 3611 545 3679 sceptris
556 3621 584 3669 et
594 3615 711 3672 culmine
726 3621 812 3690 regni,

144 3687 266 3747 Exstruit
275 3695 402 3753 ecelesias
416 3699 547 3772 donisque
559 3716 673 3763 exornat
685 3709 791 3780 opimis,

144 3778 215 3834 Vasa
229 3782 386 3842 ministeriis
400 3799 531 3858 praestans
544 3797 663 3866 pretiosa
677 3802 791 3856 sacratis

142 3870 271 3943 Argenta,
285 3880 399 3948 gemmis
412 3898 475 3940 aras
488 3889 597 3944 vestivit
608 3900 635 3946 et
648 3906 725 3957 auro,

142 3962 235 4021 Serica
248 3969 396 4038 parietibus
408 3976 520 4033 tendens
530 3979 663 4036 velamina
678 3984 774 4049 sacris,

139 4054 207 4110 burri
225 4056 348 4117 blateolis
362 4064 473 4133 pulchre
488 4068 614 4126 distincta
629 4075 748 4140 coronis,

140 4146 295 4221 Sanctaque
312 4156 450 4225 suspendit
464 4159 554 4216 varias
567 4177 615 4233 per
628 4171 698 4221 tecta
712 4165 846 4236 lucernas,

139 4234 216 4293 Esset
228 4248 258 4295 ut
272 4242 299 4296 in
311 4245 417 4315 templis
430 4247 490 4305 coeli
505 4251 637 4310 stellantis
649 4255 747 4329 imago,

137 4330 364 4407 Christicolasque
375 4354 470 4412 greges
483 4343 560 4399 duxit
570 4345 682 4404 devotus
695 4351 722 4404 iu
736 4351 806 4418 illas,

137 4419 173 4476 Ut
184 4421 279 4480 berlint
292 4425 406 4483 bomine
416 4427 509 4487 laudes
522 4432 581 4488 siae
594 4433 647 4490 lunc
661 4449 816 4495 canentum.

136 4512 158 4567 0
172 4515 269 4583 pietas,
283 4532 301 4572 o
313 4517 384 4575 celsa
397 4520 482 4578 ludes!
497 4523 565 4579 Nam
579 4527 709 4598 quidquid
724 4530 850 4597 babebat,

135 4604 266 4677 Prodigus
281 4611 308 4665 in
320 4611 426 4668 Domini
438 4630 566 4687 gazarum
580 4621 680 4689 sparsit
692 4622 822 4680 bonorem
836 4643 841 4677 :

134 4696 303 4770 Quapropter
316 4702 401 4760 titulis
418 4706 547 4765 virtutum
559 4710 667 4778 claruit,
683 4722 764 4784 atque

134 4789 278 4861 Signornm
289 4793 388 4852 celebri
403 4796 473 4853 lama
488 4809 531 4855 est
549 4803 673 4874 vulgatus
687 4805 796 4878 ubique,

131 4880 197 4950 Quae
210 4885 290 4941 modo
301 4900 350 4956 per
360 4890 488 4945 mundum
505 4892 608 4950 clrartis
622 4896 749 4968 inscripta
763 4901 888 4972 leguntur

130 4971 251 5038 Quarum
262 4990 349 5047 pauca
362 4977 427 5034 libet
438 4979 521 5050 lyrico
532 4999 603 5041 nunc
615 4993 724 5059 tangere
734 4992 846 5059 plectro,

133 5065 165 5121 lit
179 5076 270 5138 partes
282 5079 379 5127 cantus
389 5073 494 5131 calamo
508 5087 634 5134 currente
644 5083 756 5138 reterre.

130 5153 263 5238 Tempore
277 5176 339 5216 nam
354 5164 572 5235 quodampraesnl
583 5171 769 5230 sanctissimus
777 5174 876 5247 [AEdan
892 5181 916 5251 r]

166 5267 242 5332 Vens.
263 5276 325 5335 aet.

165 5467 176 5492 r
194 5454 302 5515 elanus
320 5474 366 5516 seu
384 5461 514 5527 aidanus,
539 5467 572 5520 dc
584 5480 637 5536 qno
651 5467 727 5536 plura
742 5468 814 5525 Beda
828 5470 846 5524 l.
866 5470 911 5525 cit.

127 5537 187 5592 cap.
203 5525 219 5579 5
236 5536 264 5581 et
278 5528 305 5581 6.

164 5596 177 5631 ¹¹
200 5592 269 5649 Ormi
294 5613 340 5652 seu
361 5599 489 5663 oswinus,
518 5621 657 5661 successor
683 5607 809 5664 Osvaldi.
848 5611 913 5665 l'ide

39 5702 50 5719 .
119 5676 231 5720 carmen
246 5670 410 5728 araterctlrus
423 5674 457 5729 ad
471 5673 713 5733 bindisiaruenses.
726 5678 797 5735 Beda
815 5695 874 5749 cap.
884 5681 910 5736 l.

527 276 530 282 Δ
568 285 600 342 Β.
621 284 653 341 F.
673 285 786 349 aterni
805 287 871 344 snb
891 286 1031 344 atenim
1050 285 1193 346 erenum
1212 292 1364 351 calisti.

1744 299 1800 356 820

966 408 990 463 Α
1005 401 1073 458 Cum
1085 420 1148 477 rcgc
1158 416 1186 463 ct
1199 411 1297 479 populo
1309 411 1449 468 Pascbalia
1463 413 1530 471 iesta
1543 417 1657 489 peregit,

1003 489 1078 563 (Ejus
1102 510 1149 550 rex
1172 499 1283 553 monitis
1300 515 1363 554 nam
1378 503 1450 557 omni
1466 507 1578 562 servivit
1590 507 1618 561 ln
1634 508 1711 578 actu)

1001 581 1120 640 Plurima
1133 600 1182 655 per
1194 587 1297 656 plateas
1311 591 1419 661 inopum
1434 602 1500 648 tunc
1514 597 1592 651 turba
1603 596 1724 668 jacebat,

999 673 1096 747 Arege
1106 676 1203 746 stipem
1217 679 1338 750 rogitans
1350 681 1468 739 clamore
1484 685 1632 757 frequenti.

998 761 1154 834 Ingrediens
1168 769 1279 824 recubat
1293 770 1348 841 jam
1361 781 1388 827 et
1402 788 1449 828 rer
1464 776 1642 848 simulatque
1658 781 1799 851 sacerdes,

998 854 1165 926 Argentiqnc
1183 859 1260 929 prius
1271 873 1432 933 pensantem
1447 866 1563 935 plurima
1580 871 1689 928 discum

999 943 1133 1013 Pondere,
1147 962 1209 1003 curn
1223 949 1337 1020 dapibus
1348 955 1440 1010 statim
1454 957 1555 1014 direxit
1568 963 1683 1032 egenls;

999 1033 1074 1089 vidit
1087 1045 1117 1091 ut
1129 1038 1181 1094 hoc
1190 1041 1298 1108 praesul,
1312 1044 1661 1120 dextrameomprelrendit,
1673 1063 1701 1111 et
1716 1056 1794 1115 indi:

998 1122 1165 1198 incorrupta,
1179 1145 1287 1200 precor,
1300 1143 1409 1190 maneat
1424 1152 1521 1195 manus
1535 1141 1587 1196 ista
1595 1158 1647 1213 pcr
1656 1159 1745 1201 arvum

998 1213 1074 1280 Quod
1092 1214 1143 1271 luit
1160 1225 1188 1273 et
1202 1218 1323 1288 iactnm;
1341 1233 1437 1280 saneto
1449 1242 1512 1282 nam
1530 1244 1594 1301 rege
1608 1242 1765 1306 perempto,

997 1301 1096 1359 Gentili
1111 1307 1200 1376 gladio
1218 1311 1360 1379 praecisam
1375 1329 1390 1368 a
1403 1328 1518 1386 corpore
1533 1319 1660 1377 dextram

998 1392 1095 1466 Stipite
1108 1401 1295 1468 suspendunt:
1312 1404 1424 1461 veniens
1438 1421 1488 1462 rex
1505 1408 1579 1466 illius
1592 1412 1684 1469 brcrcs

997 1485 1070 1542 Oswi
1084 1489 1098 1528 b
1111 1504 1256 1560 germanus
1267 1496 1387 1564 germani
1403 1505 1430 1552 et
1449 1501 1589 1570 sauguinis
1599 1502 1684 1569 ultor,

996 1578 1117 1650 Arripuit
1132 1580 1267 1648 dextram,
1287 1584 1457 1657 Bcbbamqnc
1470 1588 1575 1647 lerebat
1589 1593 1617 1650 ln
1633 1595 1738 1662 nrbcnt,

997 1669 1108 1740 Argenti
1120 1671 1241 1728 condens
1252 1674 1338 1731 loculo
1352 1678 1403 1733 sub
1418 1679 1535 1738 eulmine
1547 1685 1652 1755 templi,

959 1743 985 1804 Β
997 1758 1073 1827 Quod
1086 1763 1162 1832 prius
1173 1764 1231 1835 lpse
1246 1766 1302 1823 Dee
1312 1770 1409 1825 statuit
1421 1772 1472 1828 snb
1485 1775 1594 1831 nomine
1604 1778 1690 1834 Petri.

994 1847 1131 1907 llactenus
1143 1852 1277 1925 integram
1288 1855 1346 1914 iore
1358 1860 1436 1931 signo
1447 1870 1490 1918 est
1502 1866 1600 1936 ungula
1612 1883 1748 1936 crescens,

993 1939 1105 1998 Flexilis
1118 1951 1146 1998 et
1158 1960 1268 2013 nervus,
1287 1950 1383 2007 viridis
1398 1967 1473 2020 cero,
1491 1954 1576 2013 lorma
1590 1971 1715 2018 venusta.

992 2029 1076 2102 (liuius
1088 2043 1189 2103 quauta
1204 2037 1271 2095 sides
1285 2038 1375 2097 iuerat
1392 2044 1435 2099 vel
1452 2046 1494 2100 vls
1506 2050 1681 2120 meritorum,

993 2120 1057 2176 Post
1069 2132 1185 2181 mortem
1197 2128 1277 2185 nituit
1291 2133 1379 2204 magis
1391 2138 1520 2208 armagis
1532 2141 1654 2212 undique
1669 2146 1746 2217 signis

992 2210 1113 2285 Namque
1126 2216 1172 2275 ubi
1181 2232 1232 2290 pro
1245 2222 1332 2289 patria
1345 2239 1470 2296 pugnans
1483 2239 1746 2307 agenteperemptm

992 2301 1098 2374 Pagaua
1112 2307 1218 2376 cecidit,
1230 2309 1299 2368 liunt
1311 2312 1346 2369 de
1357 2316 1467 2385 pulvere
1482 2319 1566 2376 multa

991 2395 1073 2465 Signa
1083 2397 1222 2456 salutilero
1234 2412 1257 2456 ο.
1272 2403 1387 2471 Quidam
1398 2407 1461 2463 dnm
1474 2408 1545 2468 lortc
1558 2412 1648 2472 riator

990 2487 1052 2558 Egit
1065 2487 1116 2544 iter
1126 2490 1204 2560 juxta
1218 2492 1306 2550 luerat
1319 2513 1372 2566 qua
1387 2515 1505 2558 scamma
1517 2502 1530 2542 (Ι
1543 2505 1637 2570 duelli,

993 2576 1076 2650 Cujus
1090 2595 1175 2652 equus
1190 2584 1280 2641 subito
1295 2589 1361 2644 tetls
1375 2591 1524 2651 lassescere
1539 2602 1669 2657 membris

989 2664 1114 2738 Coeperat
1130 2677 1156 2725 et
1167 2669 1294 2730 irendens
1304 2691 1352 2732 ore
1366 2694 1492 2751 spumare
1501 2694 1628 2751 cruento,

991 2757 1081 2829 atque
1094 2777 1176 2819 ruens
1188 2779 1284 2837 campo
1297 2769 1368 2825 volvi
1381 2773 1529 2831 moriturus
1543 2777 1570 2832 ln
1585 2777 1642 2845 illo,

988 2847 1072 2920 lnqne
1086 2852 1174 2909 locum
1184 2871 1296 2914 versans
1307 2862 1390 2928 venit,
1403 2880 1456 2935 qna
1469 2882 1516 2923 rex
1535 2870 1597 2940 pius
1611 2869 1717 2929 &wald

990 2938 1121 3000 occubuit
1133 2947 1280 3015 quondam,
1296 2959 1360 3007 tuuc
1373 2955 1463 3009 statim
1476 2972 1591 3030 eoqrore
1608 2977 1675 3018 sano

989 3028 1142 3102 Exsurgeus
1153 3037 1231 3092 avide
1245 3041 1373 3110 carpebat
1384 3053 1491 3101 amoena
1510 3049 1610 3105 vireta.

991 3120 1126 3180 lntclleuit
1139 3141 1222 3197 eques
1233 3129 1378 3201 quidquam
1398 3139 1572 3205 praestantius
1586 3140 1632 3198 illo

988 3212 1055 3269 Esse
1065 3214 1135 3282 loco,
1150 3218 1258 3274 titulum
1273 3237 1376 3292 ponens
1388 3227 1529 3297 equitabat
1542 3232 1578 3287 ab
1591 3232 1654 3290 inde

988 3302 1140 3375 llospitinm
1153 3311 1265 3368 veniens
1284 3330 1337 3384 quo
1354 3319 1496 3386 tenderat:
1512 3337 1577 3380 ecce
1588 3327 1680 3396 puella

988 3391 1089 3449 Tabida
1108 3398 1242 3469 paralysis
1261 3404 1350 3473 gelido
1365 3407 1494 3479 languore
1505 3413 1626 3483 jacebat,

987 3477 1086 3536 Ultima
1098 3488 1290 3556 congeminans
1304 3494 1410 3551 miserae
1420 3501 1537 3571 suspiria
1552 3504 1636 3573 ritem

985 3568 1106 3642 Canaque
1116 3575 1211 3634 domus
1224 3584 1326 3652 neptim
1338 3588 1428 3654 patris
1440 3593 1548 3647 turbata
1564 3598 1701 3666 gemebat,

986 3657 1110 3732 Suggerit
1120 3665 1218 3737 liospes
1229 3685 1289 3726 enm
1302 3674 1363 3730 duci
1376 3691 1429 3746 quo
1445 3678 1515 3736 lerte
1526 3683 1649 3742 caballus

984 3748 1101 3807 Sanetus
1115 3754 1221 3825 luerat;
1236 3776 1368 3834 carroque
1379 3767 1494 3838 imposta
1509 3773 1597 3843 puella

983 3837 1103 3908 Ducitur,
1115 3853 1144 3898 nt
1159 3846 1250 3916 jussit,
1267 3863 1422 3912 monstrans
1433 3857 1491 3914 loca
1503 3872 1597 3919 sancta
1609 3866 1708 3932 viator,

981 3929 1015 3984 lit
1030 3933 1082 3988 sita
1099 3951 1197 4006 eorpus
1212 3941 1285 3997 humi
1301 3946 1410 4014 paulum
1429 3951 1558 4009 dormivit
1572 3957 1685 4025 ibidem,

980 4026 1169 4102 Evigilansqnc
1182 4049 1257 4090 suam
1269 4043 1404 4107 persensit
1419 4045 1514 4103 adesse
1527 4048 1656 4107 salutem.

980 4116 1042 4175 lude
1059 4123 1155 4191 petivit
1169 4141 1278 4196 aquam,
1293 4129 1390 4188 facicm
1408 4134 1458 4192 sibi
1476 4137 1552 4208 invit,
1566 4150 1593 4197 et
1610 4144 1684 4214 ipsos

978 4208 1136 4282 Composuit
1148 4218 1247 4284 crines,
1263 4232 1344 4292 enput
1356 4232 1383 4280 et
1397 4228 1530 4285 velamine
1548 4235 1627 4301 texit,

978 4300 1161 4375 Ductoresque
1173 4324 1237 4365 suos
1255 4311 1354 4370 alacris
1367 4315 1463 4373 deinde
1476 4328 1569 4377 secuta
1583 4334 1637 4381 est.

937 4428 964 4489 D
979 4403 991 4430 θ
1004 4391 1081 4448 Alter
1099 4395 1152 4451 iter
1166 4397 1269 4456 iaciens
1283 4404 1402 4472 prelata
1412 4423 1461 4477 pcr
1471 4410 1529 4465 lora
1541 4428 1649 4485 pugnae,

975 4483 1044 4538 Ecce
1057 4484 1107 4540 loci
1118 4489 1233 4556 spatium
1245 4506 1340 4564 campo
1355 4495 1500 4564 iucundius
1514 4503 1588 4556 omni

974 4574 1061 4631 Unius
1076 4576 1204 4647 inspexit,
1220 4584 1352 4655 viridique
1372 4592 1511 4646 venustius
1526 4593 1622 4649 herba.

972 4664 1036 4720 llaec
1043 4676 1148 4738 reputat
1161 4684 1254 4727 secum
1266 4692 1273 4728 ε
1285 4677 1383 4732 cecidit
1396 4681 1438 4734 vir
1450 4683 1570 4739 sanctior
1582 4686 1658 4753 istic,

970 4758 1095 4815 Arbitror
1108 4762 1209 4820 idcireo
1222 4767 1331 4836 prodest
1344 4770 1402 4828 haee
1417 4783 1489 4830 terra
1509 4778 1601 4834 saluti.

969 4848 1057 4918 Atque
1067 4850 1153 4922 ligans
1166 4869 1255 4924 panno
1271 4859 1371 4915 tulerat
1387 4862 1420 4918 de
1434 4866 1544 4934 pulvere
1557 4884 1665 4936 secum,

970 4940 1128 4999 Venitetad
1147 4948 1291 5015 qnamdam
1310 4950 1459 5010 lassescens
1472 4971 1584 5028 vespere
1593 4961 1694 5018 villam·

968 5025 1047 5084 Plebs
1056 5033 1164 5102 epulare
1176 5051 1183 5100 ;
1196 5052 1287 5092 casam
1306 5040 1375 5096 villae
1399 5051 1463 5100 tunc
1483 5046 1556 5102 venit
1571 5049 1599 5104 in
1612 5068 1706 5118 unani,

967 5120 1026 5187 Qua
1035 5138 1141 5195 quoquc
1155 5139 1296 5200 susceptus
1306 5135 1416 5190 veniens
1429 5137 1578 5195 intraverat
1591 5143 1702 5216 hospes,

965 5210 1087 5269 Pulveris
1105 5232 1138 5272 ae
1152 5233 1271 5287 pannum
1286 5232 1363 5292 posta
1378 5229 1519 5298 sumperulit
1534 5232 1561 5287 in
1575 5233 1639 5290 alta.

1557 5363 1635 5423 Vers.
1656 5368 1720 5427 345.

1000 5483 1102 5538 ‘Beda
1127 5502 1186 5556 cap.
1211 5490 1236 5544 9.

998 5549 1011 5589 ⁸¹
1027 5549 1159 5610 Sruannm.
1180 5556 1273 5614 cruce
1284 5564 1400 5636 σκάμμα,
1425 5582 1506 5622 arena
1518 5569 1562 5624 ubl
1592 5571 1704 5632 athletae
1716 5573 1750 5631 lttu

963 5627 1078 5676 clautnr.
1093 5622 1222 5683 brennus.
1243 5630 1301 5686 l’id.
1320 5632 1405 5691 Gloss.
1418 5636 1520 5709 cangii,
1533 5641 1584 5697 sub
1594 5642 1648 5700 lrac
1659 5660 1735 5704 vnce.

999 5703 1011 5729 r
1026 5691 1096 5748 liedn
1107 5710 1165 5767 cap.
1181 5697 1221 5754 to.
1832 5720 1834 5728 '
