3780 6120
67 277 117 332 tot

629 264 864 321 ututsctttet.
883 295 918 305 -
937 265 1174 325 cutuutttcu.
1270 328 1273 335 ,

1402 158 1415 203 ι

1642 268 1697 327 ιιι

67 401 111 445 ιιι;
124 390 209 443 llario
221 388 308 442 otrrnia
320 389 431 450 circam,
443 393 470 438 et
482 382 518 437 ibi
530 377 617 434 sinaiis
630 376 731 448 syllaba
742 376 857 440 aeuitur,
874 377 897 437 Α
912 393 944 447 ge
970 387 996 433 te
1017 378 1084 450 tut,
1111 376 1291 450 succingerel.
1304 409 1340 417 -
1350 379 1432 434 Saxo.
1453 378 1555 434 ilicem.
1569 379 1609 432 ta
1617 379 1698 449 juata

66 499 102 538 tre
118 496 214 535 uotuen
228 486 348 548 putetur.

103 574 153 627 Fa.
183 572 289 625 liabent
313 567 519 639 prepositiones
540 572 669 618 accentus
691 577 742 631 per
766 560 860 615 set-

67 666 152 722 Saxo.
170 665 275 718 liabent
295 669 404 715 acutum
432 667 573 713 accentum
592 656 619 709 in
642 656 704 719 stne,
722 663 776 708 tant
789 651 860 721 apud

66 762 189 821 Grecos,
203 772 283 827 quam
299 755 369 824 apud
393 753 520 814 Latinos;
543 749 588 818 qui
603 747 734 802 tamenin
751 759 859 815 gravem

68 864 177 920 semper
198 847 325 909 vertitur,
348 843 410 913 qttia
436 840 590 911 propositio
617 838 717 907 ubique
738 832 861 906 sequenti

68 941 179 996 dictioni
195 954 241 993 seu
256 953 304 1006 per
318 935 524 1004 appositionem,
541 946 588 984 seu
617 944 666 999 per
690 924 863 997 compositio-

68 1047 130 1088 nem
146 1029 308 1090 adncctitur,
320 1034 347 1080 et
360 1024 437 1094 quasi
453 1037 506 1076 una
519 1036 582 1091 pars
596 1035 657 1074 cum
670 1035 700 1073 ea
711 1017 859 1087 profertur.

68 1120 244 1176 inveniuntur
270 1131 378 1186 quoquo
405 1111 609 1185 praepositiones
633 1111 661 1163 in
686 1108 773 1162 media
799 1105 862 1176 puni

69 1213 200 1274 dictione,
213 1218 254 1273 ut,
270 1225 321 1278 qun
334 1206 366 1259 de
383 1222 420 1268 re,
431 1220 509 1274 quum
522 1203 552 1255 ob
569 1218 634 1264 rem,
653 1217 704 1270 quo
719 1201 747 1252 ιιι
760 1206 843 1267 perte.

107 1302 158 1357 Fu.
185 1299 226 1353 An
253 1312 348 1352 ornnes
374 1293 580 1365 propositiones
604 1287 864 1358 componuntur?-

69 1394 154 1450 sizo.
170 1390 299 1458 Quadam
315 1396 389 1448 sunt,
402 1393 431 1438 ιιι
442 1399 580 1452 nunquam
599 1387 807 1449 componantur,
821 1384 862 1441 nt,

70 1487 154 1556 opud,
167 1500 240 1553 erqo,
253 1482 331 1544 citro,
343 1481 424 1543 circu,
435 1487 520 1538 extro,
531 1476 611 1544 iutra,
623 1474 786 1543 irrumpere
796 1468 862 1541 idi,

69 1572 161 1645 ponci,
173 1587 261 1642 prope,
287 1568 441 1631 recaredum,
458 1566 538 1628 ultro,
555 1581 645 1633 supro,
659 1562 771 1616 circiter.
786 1558 864 1625 Qute-

69 1667 132 1720 dam
147 1671 209 1719 sunt
222 1677 283 1730 quac
297 1673 435 1728 nunquam
449 1664 620 1727 separantur,
635 1662 674 1717 ut,
688 1670 746 1717 rou,
759 1653 794 1712 di,
810 1650 862 1713 dir,

69 1773 108 1821 re,
121 1772 159 1819 ae,
173 1771 207 1807 ou
222 1751 296 1826 llis,
313 1749 379 1820 uini.
394 1749 460 1802 tiliae
474 1763 543 1818 pene
557 1760 652 1801 omncs
666 1750 863 1813 componuntur

68 1858 97 1902 et
108 1854 278 1919 separantur.
295 1844 328 1898 Et
342 1844 402 1897 alite
415 1850 547 1909 suntque
562 1839 589 1893 in
604 1835 798 1906 compositione
807 1832 864 1888 col·

69 1942 195 1996 lisiunetn
213 1940 350 2009 patiuntur
366 1953 381 1990 a
395 1934 572 2004 consequenti
596 1930 694 1997 vocali,
707 1938 748 1994 ut,
770 1945 862 1998 ιοιιρο,

69 2049 198 2103 courquo,
209 2040 310 2095 coorto,
325 2045 440 2099 conque.
456 2027 523 2081 ntia
539 2034 602 2081 sunt
625 2040 685 2093 quae
711 2038 862 2078 consonan-

69 2133 125 2178 tctn
138 2124 155 2177 ιι
168 2138 217 2191 ριο
231 2120 354 2190 sequenti
363 2118 449 2173 vocali
462 2125 613 2178 assumunt,
623 2125 739 2179 ut,emo,
752 2112 864 2177 redimo·

71 2232 132 2283 aqu,
151 2214 255 2283 redium·
270 2211 375 2282 prodes,
392 2209 506 2279 prodest.
519 2205 646 2273 Quaedam
661 2218 805 2275 syncopam
817 2216 865 2271 pa·

69 2307 188 2369 tiuutur,
204 2313 244 2368 ut,
259 2320 339 2374 snpra
350 2318 399 2371 pro
411 2316 518 2371 supera,
535 2308 608 2353 extro
619 2313 668 2368 pro
677 2304 782 2360 extera,
791 2293 864 2363 inira

70 2416 123 2470 pro
137 2399 234 2455 intera.
248 2398 300 2454 Sed
323 2407 350 2452 et
369 2397 483 2452 diversis
499 2396 586 2450 modis
608 2393 813 2464 praepositiones
837 2391 864 2444 in

70 2491 315 2561 compositionibus
330 2488 397 2542 alias
415 2495 507 2556 partes
530 2493 718 2554 corrumpunt,
747 2490 775 2537 et
799 2483 865 2552 ipsae

69 2590 294 2651 corntmpnntur,
308 2580 379 2650 quod
391 2577 489 2648 saepius
501 2587 554 2633 est.
575 2591 658 2646 quam
678 2574 810 2645 exemplis
824 2574 865 2629 in·

72 2673 175 2742 digcat.

107 2763 156 2818 Fu.
176 2765 326 2820 Possuntne
337 2763 541 2834 praepositiones
555 2762 581 2816 in
596 2761 665 2816 alias
676 2761 792 2816 transire
803 2775 865 2831 par·

70 2859 130 2914 tes?
144 2888 178 2898 -
194 2846 277 2912 sixo.
294 2856 422 2912 Possunt.

108 2950 156 3003 ιἰι.
172 2949 210 3003 [la
225 2950 357 3020 exempla.
372 2979 407 2989 -
422 2948 504 3003 Suro.
530 2947 603 3013 Post,
633 2946 792 3018 praepositio
811 2954 864 3002 est.

69 3041 202 3111 Virgilius
212 3039 319 3112 (θροις.
336 3057 377 3104 ιιι,
391 3041 455 3113 2¹5)
472 3059 479 3095 ε

167 3150 223 3199 Post
236 3159 344 3200 montem
354 3152 491 3214 oppositum
504 3166 510 3213 ;

68 3233 169 3286 transit
187 3234 212 3287 in
227 3234 393 3289 adverbium.
407 3233 479 3289 tuem
496 3232 573 3306 (elin.
590 3249 610 3300 ι,
626 3232 707 3306 tint:

136 3344 195 3396 rut
208 3347 265 3394 milti
277 3358 324 3394 non
336 3345 408 3395 simili
422 3359 492 3410 prena
509 3348 636 3395 commissa
645 3344 727 3396 luetis.

69 3449 139 3503 Ante
160 3451 323 3520 propositio.
340 3451 414 3522 Virg.
427 3449 532 3522 (Georq.
549 3468 569 3518 ι,
587 3449 671 3522 laq:

137 3562 202 3612 ,ιιιιιι
214 3563 298 3614 locem
312 3564 370 3612 nulli
381 3566 528 3626 subigebant
538 3577 595 3614 arva
604 3563 698 3627 coloni;

70 3664 173 3717 transit
190 3663 217 3717 in
233 3663 412 3718 adverbium:

136 3777 210 3835 bute,
224 3783 250 3825 et
265 3776 388 3826 Trinacria
402 3778 533 3827 tentandus
547 3790 630 3828 remus
641 3779 665 3827 in
682 3776 756 3829 unda.

72 3856 121 3913 Sic
137 3875 226 3928 ιιιρια,
240 3870 339 3922 contra,
356 3877 445 3931 prope,
459 3868 601 3916 transeunt
615 3861 642 3915 in
657 3860 796 3915 adverbia.

114 3948 163 4001 Fr.
184 3946 212 4001 ‘st
228 3948 287 4003 aliae
304 3957 395 4019 partes
410 3951 436 4003 iu
459 3951 664 4021 praepositiones
677 3949 794 4004 transire
807 3964 869 4018 pos-

72 4037 276 4092 senti—Suro.
289 4039 412 4094 Possunt.
426 4041 493 4094 Nam
506 4040 634 4095 adverbia
647 4053 718 4110 saepe
728 4046 870 4094 transeunt

71 4128 102 4183 in
128 4129 342 4198 prepositiones,
368 4141 398 4184 ut
419 4148 426 4184 ι
451 4131 536 4201 pridie
550 4130 696 4185 lt'ulcndor.
711 4128 803 4184 Pridie
816 4131 869 4186 boo

71 4219 136 4274 locu
157 4221 312 4288 propositio
333 4230 383 4275 est.
415 4219 567 4276 Subtractae
587 4235 695 4291 quoque
713 4220 869 4277 nominibus

71 4309 238 4380 quibusdam
255 4311 314 4365 loco
328 4311 517 4366 adverbiorum
532 4311 635 4366 iaciunt
647 4311 753 4366 nentina
767 4311 866 4380 accipi,

71 4409 118 4463 ut,
128 4401 206 4456 doato
218 4404 300 4468 renio,
317 4418 375 4474 pro,
391 4419 406 4457 a
419 4404 510 4459 domo.
525 4403 558 4456 Et
572 4422 579 4456 :
593 4403 699 4458 domum
709 4419 750 4468 eo,
761 4417 820 4472 pro,
832 4403 866 4458 ad
880 4431 907 4493 D

72 4491 198 4549 domum.

111 4585 162 4640 Pa.
183 4584 320 4656 Separatae
340 4589 543 4659 praepositiones
557 4589 655 4659 quibus
677 4590 785 4647 casibus
809 4590 869 4654 iun·

72 4679 239 4750 gttuutri-
254 4678 335 4734 Saxo.
348 4681 511 4736 Accusativo
521 4691 548 4735 et
558 4682 684 4736 ablativo.

109 4769 195 4840 298
214 4769 263 4824 ιἰι.
282 4770 436 4827 decusativi
452 4774 731 4844 propositionesque
750 4776 870 4829 sunti-

73 4858 161 4916 Saxo.
176 4859 363 4934 lionosyllabae
378 4864 438 4919 liar:
453 4865 502 4929 Ad,
517 4866 560 4931 ol,
572 4881 629 4935 per,
642 4877 711 4936 post,
726 4867 867 4930 citamur.

74 4949 237 5021 bissyllaba
252 4971 259 5006 :
272 4955 359 5024 Apud,
371 4966 441 5021 note,
457 4957 534 5022 citra,
549 4957 631 5021 circa,
646 4973 718 5026 erqo,
731 4967 817 5020 estro,
827 4958 869 5012 ia-

72 5049 128 5105 ιιι,
143 5040 225 5107 intra,
232 5042 324 5112 juxto,
335 5062 424 5115 prope,
436 5063 513 5117 pone,
537 5054 643 5116 preter,
658 5055 774 5116 propter,
790 5046 870 5112 altro,

73 5146 171 5202 ιιιριιι,
183 5150 271 5202 perrea.
286 5133 477 5208 Triasyllabte:
493 5137 608 5202 circiter,
619 5137 768 5201 adeersum,
780 5155 874 5192 urrat-

74 5223 153 5279 dont.

113 5314 164 5371 Fa.
183 5317 253 5373 Num
263 5321 377 5391 singula
390 5330 480 5378 certas
490 5322 591 5378 babeat
607 5320 874 5390 significationes?-

74 5403 163 5463 Saxo.
180 5408 238 5464 lion
251 5421 350 5476 certas,
364 5413 411 5468 sed
425 5413 556 5469 diversas.
579 5412 632 5468 Sed
647 5411 756 5483 longum
769 5421 810 5466 est
826 5426 874 5466 ea·

76 5517 140 5556 runt
156 5502 368 5570 significationes
378 5505 531 5575 explanare.

115 5595 165 5649 Pu.
186 5595 347 5662 dictamen,
363 5606 391 5652 et
401 5609 500 5668 quanta
514 5601 644 5655 brevitate
655 5599 752 5669 possis,
767 5594 873 5655 succin-

115 5720 127 5746 ¹
147 5705 230 5776 iirg..
251 5706 314 5764 (En.
331 5725 357 5772 x,
371 5709 432 5763 tibi.

911 468 1087 539 significatio
1106 470 1310 539 compositione,
1339 469 1379 523 rel
1405 470 1582 538 appositione,
1607 478 1645 528 ιιι.
1664 471 1699 524 ad

911 578 1027 618 carrion.
1041 579 1101 632 pro,
1112 561 1187 629 jnxta
1202 576 1328 625 currum,
1351 561 1385 614 nd
1407 559 1525 630 Trojom,
1541 576 1600 630 pro,
1622 561 1700 630 juxta

912 651 1031 720 Troiam.
1055 652 1197 723 Significat
1220 667 1326 721 quoque
1349 661 1458 715 contro;
1481 650 1516 703 ad
1540 648 1613 703 illurn
1636 649 1701 704 miti

911 759 999 813 paqaa
1022 753 1072 807 ert,
1095 745 1147 797 lrue
1159 751 1212 806 est,
1226 749 1320 798 contra
1344 741 1428 795 illum.
1456 738 1593 809 decipitur
1607 748 1634 795 et
1651 753 1702 810 pro

912 851 994 904 arque
1007 849 1015 884 .·
1029 837 1064 889 ad
1078 835 1172 890 bellum
1184 835 1331 899 Persicum,
1346 835 1398 890 hoe
1412 841 1466 899 est,
1490 850 1576 903 usque
1588 834 1699 889 bellum.

914 924 953 980 Ob
965 934 992 980 et
1003 943 1051 996 pro
1065 936 1091 980 et
1106 937 1196 980 contra
1219 935 1246 980 et
1261 926 1359 980 circum
1380 924 1527 994 significan
1544 932 1574 978 ut
1592 943 1597 976 :
1614 923 1700 977 boud-

912 1035 1046 1090 quaquam
1058 1019 1088 1072 ob
1111 1019 1242 1084 meritam,
1269 1018 1359 1082 idest,
1374 1020 1541 1089 promerito.
1560 1017 1598 1072 ot
1612 1019 1701 1082 unius,

913 1119 1004 1164 contra
1030 1111 1110 1164 unias
1130 1109 1300 1174 :obambulo
1320 1110 1534 1164 circummurale.
1552 1109 1604 1164 Per
1622 1121 1703 1166 estet

913 1200 1017 1265 localiS,
1029 1209 1058 1255 ut
1075 1199 1151 1255 :Per
1174 1201 1287 1255 medium
1308 1201 1405 1270 sorum.
1429 1201 1477 1257 Est
1494 1211 1521 1258 et
1535 1201 1701 1272 temporalis,

913 1299 944 1344 ιιι
959 1305 966 1344 :
984 1289 1036 1345 Per
1048 1290 1162 1345 mediam
1173 1290 1251 1345 diem.
1266 1290 1314 1346 Est
1326 1300 1352 1346 et
1360 1290 1480 1359 jurandi,
1496 1301 1524 1345 ut
1540 1310 1546 1343 :

977 1422 1026 1471 Per
1037 1429 1071 1483 te,
1082 1437 1127 1484 per
1136 1427 1178 1484 qni
1189 1430 1213 1473 te
1227 1423 1300 1474 talem
1312 1435 1425 1485 genuere
1437 1433 1554 1487 parentes
1566 1427 1588 1472 ¹.

914 1522 1040 1576 dtlverbii
1055 1539 1161 1592 quoque
1175 1523 1250 1578 valde
1264 1524 1317 1578 vim
1331 1525 1436 1579 obtinet
1462 1525 1537 1596 llis„
1556 1527 1700 1597 continetl.

915 1614 1074 1670 Terentius:
1089 1615 1304 1688 Per-acitaapuer,
1318 1617 1405 1683 idest,
1421 1618 1498 1672 valde
1509 1621 1602 1675 scitos.
1614 1621 1704 1675 dine-

878 1707 1049 1781 „gallonem
1076 1723 1183 1778 quoque
1213 1709 1347 1779 significat
1377 1712 1404 1765 in
1434 1713 1639 1783 compositione,
1663 1724 1703 1777 nt,

914 1797 1041 1868 perfidas.
1070 1797 1134 1852 Post
1165 1800 1336 1870 componitur
1367 1810 1394 1855 et
1422 1812 1580 1871 separatur,
1611 1811 1638 1859 et
1665 1804 1705 1859 lu·

914 1903 976 1943 enm
1001 1889 1145 1960 signilleat.
1171 1888 1299 1960 Virgilius
1327 1888 1432 1962 (Georq.
1457 1908 1499 1958 ιιι,
1520 1893 1583 1961 ili)
1610 1912 1616 1948 :
1642 1894 1706 1951 Post

914 1989 1027 2034 montem
1054 1980 1211 2050 oppositum.
1237 1980 1378 2052 Significat
1396 1992 1424 2038 et
1448 1991 1563 2054 tempus,
1584 1995 1625 2050 ut,
1647 1996 1706 2057 port

913 2070 1026 2124 multum
1064 2080 1174 2141 tempus.
1209 2070 1253 2126 Cia
1280 2073 1393 2128 localem
1423 2075 1504 2129 ltaltet
1531 2076 1707 2146 significatio-

914 2180 986 2228 nem,
1013 2171 1053 2229 ut,
1079 2165 1116 2219 cir
1134 2164 1255 2234 Alpinam
1270 2164 1395 2219 Gallioni.
1420 2166 1453 2220 Et
1472 2183 1521 2236 pro
1547 2168 1617 2222 ultro
1630 2170 1705 2224 acei-

914 2256 996 2326 pitur,
1013 2263 1053 2321 ut,
1068 2257 1104 2309 cis
1117 2256 1255 2325 definitam
1270 2266 1381 2328 ιιιιιριιι,
1395 2260 1446 2312 hoe
1463 2267 1515 2322 est,
1529 2259 1608 2313 ultra.
1626 2260 1659 2314 Et
1672 2277 1706 2317 ex

915 2362 957 2412 eo,
970 2349 1047 2402 citra.
1062 2347 1144 2401 Trana
1155 2350 1328 2417 componitur
1340 2359 1368 2404 ct
1380 2359 1531 2421 separatur,
1544 2358 1583 2415 ut,
1593 2351 1683 2420 trunci
1694 2383 1706 2394 -

916 2458 956 2507 ro,
968 2450 996 2497 et
1013 2450 1086 2496 trans
1102 2439 1216 2495 l'adnm.
1233 2442 1265 2495 Et
1280 2443 1513 2513 incompositione
1534 2460 1604 2514 saepe
1621 2462 1637 2497 ιι
1650 2454 1678 2499 et
1693 2463 1706 2501 ι

915 2532 1028 2596 amittit,
1042 2540 1082 2597 ut,
1098 2533 1219 2595 traduco,
1231 2532 1316 2597 trado,
1331 2543 1417 2589 trono.
1430 2534 1465 2588 Et
1478 2544 1616 2605 pronuper
1629 2537 1707 2605 poni·

915 2633 977 2691 tur;
991 2633 1030 2690 ιιι,
1042 2633 1230 2695 ιιιιιιιριιιιιιι,
1244 2625 1270 2678 id
1284 2633 1334 2687 est,
1349 2640 1548 2696 supergressus.
1576 2628 1651 2697 Apud
1668 2627 1707 2681 ln-

915 2733 978 2773 cum
990 2716 1134 2787 signifieat,
1148 2723 1189 2781 ut,
1201 2715 1272 2786 opud
1292 2715 1476 2771 Numantiam.
1491 2717 1557 2772 Ante
1579 2717 1667 2773 locunt
1681 2726 1710 2773 et

916 2817 1024 2878 tempus
1038 2806 1184 2876 significat,
1199 2814 1239 2871 ιιι,
1255 2807 1446 2877 antejauonm,
1461 2816 1521 2862 unte
1534 2824 1642 2862 annunt.
1657 2808 1708 2865 lle·

917 2900 1042 2955 rivantur
1054 2915 1086 2954 cx
1105 2914 1138 2954 eo
1152 2897 1285 2968 antiquus,
1300 2899 1477 2968 antiquarius,
1493 2900 1610 2954 nomina.
1634 2896 1709 2953 Citra

916 3008 985 3065 pene
1000 2992 1123 3047 eamdem
1138 2987 1363 3060 significationem
1389 2989 1471 3043 babet
1485 3004 1565 3058 qnam
1593 2991 1641 3046 cis.
1655 2990 1709 3044 nist

878 3071 990 3157 Cquod
1005 3083 1123 3155 propriis
1135 3081 1290 3137 nominibus
1313 3081 1362 3145 cia,
1387 3089 1414 3137 et
1436 3080 1603 3151 appellativis
1630 3082 1708 3147 citra,

918 3177 1016 3248 saepius
1027 3175 1147 3247 praeponi
1167 3173 1252 3229 solet:
1267 3172 1302 3229 cia
1321 3171 1457 3239 liberm,-
1479 3172 1516 3226 cir
1530 3170 1607 3243 Λιριι
1621 3186 1630 3222 .·
1642 3171 1710 3225 cltro

918 3267 1015 3337 foram.
1029 3267 1061 3320 Et
1077 3282 1093 3320 a
1109 3265 1156 3331 cir,
1171 3265 1239 3321 citra
1253 3264 1406 3329 derivatum
1429 3278 1444 3318 a
1457 3263 1534 3328 citro,
1550 3263 1630 3329 citer,
1642 3262 1710 3319 citc-

918 3362 986 3426 rior,
1001 3359 1158 3415 citissimus.
1176 3358 1263 3423 Circa,
1287 3357 1339 3412 loci
1361 3365 1389 3412 et
1414 3356 1553 3426 temporis,
1569 3371 1618 3426 pru
1628 3353 1707 3424 juxta

917 3451 1026 3520 ponitur
1040 3449 1117 3522 llis,
1136 3449 1253 3519 positum
1268 3445 1426 3519 invenitur],
1442 3453 1471 3499 ut
1486 3445 1555 3500 circa
1571 3444 1710 3516 templum,

919 3549 948 3596 et
961 3542 1031 3595 circa
1043 3540 1132 3612 uiqiati
1143 3556 1237 3594 aanor.
1249 3535 1354 3594 Circum
1364 3537 1535 3608 componitur
1546 3545 1573 3592 et
1595 3537 1708 3608 apponi·

919 3641 975 3698 tur,
991 3640 1030 3699 ut,
1042 3631 1207 3702 circumfero,
1223 3632 1321 3685 circam
1335 3647 1418 3685 artare.
1435 3626 1546 3685 Circiter
1560 3631 1593 3686 ad
1607 3637 1713 3699 ternpus

918 3722 1004 3780 solnm
1016 3723 1142 3793 pertinet,
1159 3729 1198 3789 ut,
1211 3721 1314 3777 circiter
1325 3719 1463 3775 Kalendas
1472 3718 1628 3775 Ianuariae.
1638 3719 1713 3789 Erpa

918 3826 971 3867 non
983 3811 1162 3881 componitur,
1172 3818 1200 3865 et
1211 3810 1337 3866 affectum
1359 3811 1508 3881 signifieat,
1525 3817 1564 3875 nt,
1580 3809 1713 3863 bonusest

918 3918 980 3972 erqo
1004 3903 1173 3973 propinquos.
1187 3900 1287 3955 Contra
1312 3910 1455 3970 separatur
1473 3909 1501 3954 et
1517 3899 1710 3969 componitur:

918 4000 1009 4046 contra
1024 3991 1193 4058 adulterium,
1207 3999 1234 4045 et
1260 3984 1421 4044 contradico.
1443 3991 1529 4045 Extra
1556 3991 1712 4061 apponitur,

918 4089 959 4146 nt,
973 4090 1047 4136 ertrn
1059 4099 1107 4135 rue.
1124 4079 1376 4152 luter‚ntrumque,
1393 4089 1435 4145 nt,
1450 4082 1520 4134 iuter
1541 4081 1651 4147 anticos,
1672 4082 1714 4136 in-

918 4170 1065 4236 teruallum,
1082 4172 1219 4242 interpres,
1243 4170 1319 4239 cujus
1333 4171 1448 4241 simplex
1474 4171 1500 4226 In
1526 4187 1576 4226 usu
1591 4181 1711 4227 nonest.

919 4262 952 4317 Et
962 4261 997 4315 ab
1010 4262 1038 4316 ia
1050 4262 1120 4317 inter
1130 4269 1158 4317 et
1169 4265 1240 4317 intra
1258 4271 1419 4326 nascuntur;
1434 4279 1449 4317 a
1463 4262 1511 4318 aab
1522 4264 1627 4330 subter,
1638 4279 1652 4316 a
1663 4280 1711 4334 pro

919 4361 1039 4425 propter,
1051 4370 1066 4408 a
1080 4355 1117 4409 cis
1131 4355 1210 4421 eitra,
1220 4357 1253 4439 ab
1264 4365 1396 4421 ereatra,
1407 4373 1423 4410 a
1433 4373 1488 4428 pre
1504 4366 1612 4427 praeter.
1628 4355 1714 4410 tarto

919 4464 1057 4522 proprope
1067 4449 1187 4520 ponitur,
1202 4457 1242 4513 ut,
1254 4448 1334 4519 juata
1348 4459 1383 4515 te,
1406 4449 1432 4505 id
1454 4458 1507 4514 est,
1520 4463 1602 4518 prope
1615 4455 1651 4501 te.
1662 4434 1715 4502 ¹So-

919 4544 1034 4598 candum
1046 4544 1113 4599 duas
1126 4544 1208 4598 babet
1222 4543 1433 4614 significationes
1445 4562 1451 4595 ι
1465 4542 1665 4611 proximitatem
1685 4548 1714 4596 et

918 4634 1118 4690 emulationem
1142 4634 1309 4689 :arraudum
1327 4649 1387 4687 eum
1411 4633 1496 4694 redeo,
1519 4640 1546 4687 et
1570 4633 1714 4688 recuudron

920 4740 1004 4779 morer
1018 4723 1075 4796 ciat
1097 4725 1163 4778 rico.
1190 4723 1253 4778 llec
1268 4725 1300 4779 de
1311 4723 1547 4794 propositionibus
1566 4726 1712 4781 accusativi

920 4831 1011 4881 casus,
1029 4831 1089 4886 quaa
1103 4813 1265 4872 difficiliores
1288 4815 1460 4876 videbantur.
1487 4815 1560 4872 dicta
1579 4819 1627 4873 tibi
1641 4817 1715 4873 sudi·

921 4910 1003 4965 ciant.

956 5018 1006 5073 Fu.
1027 5016 1178 5075 Sufficiunt.
1195 5018 1248 5076 Sed
1262 5023 1296 5077 ad
1318 5022 1464 5079 ablativum
1485 5031 1511 5080 te
1524 5032 1608 5079 totum
1623 5023 1715 5079 ier.-

923 5110 1006 5167 Saro.
1020 5110 1137 5201 Allativi
1152 5114 1357 5183 praepositiones
1368 5117 1562 5188 monosyllabae
1574 5117 1616 5172 ιιι
1629 5126 1693 5172 sunt
1706 5134 1713 5171 :

922 5202 956 5269 A,
968 5202 1011 5268 ab,
1024 5202 1080 5268 ait,
1096 5219 1120 5268 ι,
1132 5219 1174 5270 er,
1190 5203 1232 5269 de,
1243 5222 1303 5276 pro,
1312 5222 1378 5277 prce,
1389 5223 1458 5261 cunt.

958 5315 1008 5371 Fa.
1029 5315 1196 5383 Quarenon
1223 5318 1361 5384 addidisti,
1391 5318 1622 5375 clami-Saxo.
1648 5320 1716 5386 Onia

924 5408 1011 5478 tnagis
1024 5410 1188 5463 adverbium
1198 5421 1251 5476 est,
1263 5411 1421 5480 qualitatem
1433 5411 1601 5482 significans,
1616 5410 1666 5485 [et]
1677 5413 1719 5467 di·

924 5500 1158 5555 minuitureontra
1171 5503 1390 5572 propositionum
1403 5513 1527 5558 naturam
1537 5520 1545 5570 ;
1556 5503 1635 5568 clam,
1644 5504 1718 5558 clou-

925 5595 1023 5650 calom.
1037 5596 1070 5650 Et
1083 5598 1142 5652 sine
1155 5614 1219 5653 casn
1236 5599 1351 5670 proferri
1372 5607 1474 5671 potest,
1496 5609 1536 5669 ut,
1551 5601 1618 5657 botru
1630 5612 1718 5676 aperte

928 5710 1003 5774 fucit,
1018 5710 1088 5762 ranlu
1101 5709 1180 5765 clant.
