3780 6120
114 344 165 399 tot
477 342 683 398 DOClithCh.
696 376 732 386 -
745 346 823 401 tut.
843 347 989 402 reticuli
1010 345 1097 399 ttutd
1114 342 1168 398 tlt.
1188 372 1223 382 —
1241 340 1305 394 tiu.
1326 340 1367 394 itt.
1674 335 1734 396 ‘tut

110 461 173 532 qnia
184 468 292 513 renatos
318 460 396 530 suerit
417 475 449 512 re
458 476 526 529 agito
540 469 563 512 ει
579 458 689 529 Spiritu,
704 477 754 513 non
766 470 847 530 potest
862 463 903 515 in-
917 469 938 518 Α
954 458 1009 527 ptio
1020 464 1062 510 est
1074 464 1262 524 peecatorum
1281 456 1352 524 quod
1366 460 1455 509 autem
1470 455 1525 509 ait:
1545 465 1573 509 ut
1586 456 1618 510 de
1631 465 1736 526 precato

111 555 196 608 troire
203 553 231 605 in
243 567 350 621 regnum
361 548 408 603 uei
422 548 510 618 (loun.
527 565 567 612 ur,
579 549 616 620 5).
626 549 781 604 Nullatcnus
792 550 900 618 quippe,
951 548 1086 600 duutnuret
1104 556 1236 617 peccatum
1250 549 1278 600 in
1297 562 1376 600 turne
1390 545 1477 612 (Rom.
1492 562 1551 611 vui,
1564 545 1603 617 3),
1619 546 1737 616 expiatio

111 647 184 701 sicut
206 643 331 713 superius
356 641 521 696 ostendimus
547 640 707 710 (Nomii),
724 643 750 694 in
768 642 901 709 baptismo
951 648 992 694 est
1006 648 1188 710 peecatorum.
1217 638 1279 693 ideo
1306 639 1446 693 blattbmus
1459 639 1493 693 ab
1513 638 1571 708 ipso
1588 637 1671 693 llarid
1688 652 1737 709 per

112 734 226 790 ioannis
245 730 415 802 regeneratio
433 729 484 782 luit
505 729 628 797 alicujm,
644 730 690 784 sed
704 729 901 784 demonstratio
951 729 1123 785 Salomonem
1138 730 1285 792 descendit,
1306 729 1333 782 in
1346 728 1422 797 cnjus
1434 737 1522 783 matre
1535 728 1579 783 ille
1590 729 1713 799 peccarit
1728 748 1733 782 :

113 826 226 895 majoris
235 824 368 897 mysterii.
386 821 477 891 nique
489 820 597 879 Christo
611 821 772 875 ascendente
787 821 819 875 de
832 835 901 890 aqua
950 820 1037 876 Lucas
1058 834 1122 875 reio
1144 821 1177 873 ad
1200 821 1286 890 ipsum
1302 819 1385 874 [ιεείιι
1407 834 1456 889 per
1473 818 1578 873 Nathan
1604 820 1734 884 ascendit,

112 920 150 975 ibi
165 918 224 987 ejus
236 917 328 972 unctio
344 915 403 979 luit,
420 915 446 969 id
466 921 507 968 est
533 911 709 967 sanctiticatio
729 912 829 981 Spiritu
840 926 902 965 san·
950 925 1090 980 perquem
1104 911 1262 980 prophetam
1279 909 1350 963 Deus
1364 915 1504 978 peecatum
1523 907 1593 963 illins
1607 909 1734 978 expiavit.

113 1018 158 1066 eto
171 1009 352 1065 descendente
367 1022 448 1076 saper
465 1021 535 1069 eum,
562 1006 608 1060 scd
633 1005 827 1059 demonstratio
840 1003 901 1074 quis
950 1001 1093 1057 Descendit
1105 1016 1152 1070 per
1164 1001 1252 1071 regale
1271 1015 1365 1071 genus,
1379 1006 1407 1053 ct
1418 1001 1538 1054 ascendit
1549 1015 1598 1068 per
1612 1001 1736 1054 sacerdo·

111 1110 196 1167 essct,
211 1110 239 1157 et
252 1101 377 1172 tigurino
386 1107 486 1154 nostrae
495 1098 628 1153 unctionis
639 1106 665 1153 et
675 1097 837 1168 adoptionis,
848 1111 901 1166 qua
951 1093 1014 1158 tale,
1028 1093 1073 1162 qui
1088 1107 1137 1162 pro
1164 1092 1241 1147 nobis
1267 1092 1391 1146 sacerdos
1405 1100 1447 1146 est
1470 1102 1497 1146 ει
1518 1093 1604 1147 hostia
1627 1093 1734 1148 iaetns:

112 1195 141 1248 in
154 1194 290 1264 baptismo
306 1190 506 1247 sanctificamur
517 1190 544 1243 in
559 1190 628 1244 lilios
648 1189 705 1252 bei,
720 1188 790 1244 sieut
806 1188 900 1243 beatus
950 1185 1013 1253 noia
1027 1192 1171 1253 utrumqne
1192 1191 1243 1247 est,
1260 1199 1306 1237 ren
1321 1191 1348 1237 ct
1360 1184 1484 1237 sacerdos
1494 1192 1521 1237 et
1534 1183 1663 1237 Dominus
1675 1198 1737 1253 pro-

112 1283 186 1339 Beda
197 1283 340 1354 presbyter
349 1280 466 1334 ostendit
481 1279 507 1333 in
526 1280 692 1347 expositione
701 1276 901 1347 praedicationis
949 1272 1068 1342 pitiator.
1085 1271 1252 1327 Firmissime
1275 1288 1390 1342 namque
1403 1274 1546 1327 tenendum
1560 1280 1611 1335 εει,
1626 1287 1734 1326 emnem

112 1373 186 1427 beati
203 1370 279 1425 Petri
306 1367 436 1438 principis
461 1367 652 1436 apostoloram,
671 1382 724 1434 qua
747 1364 899 1419 Cornelium
949 1362 1050 1419 Christi
1068 1379 1102 1418 cx
1116 1374 1230 1432 utroque
1250 1378 1348 1433 genere
1364 1374 1549 1433 propagatam,
1568 1366 1650 1434 regali
1662 1365 1735 1419 scili·

112 1476 174 1516 enm
189 1459 250 1515 aliis
261 1458 385 1528 piurimis
398 1456 508 1512 instruit
520 1456 552 1510 ad
567 1455 647 1509 tidem
661 1468 673 1496 ι
692 1472 698 1506 :
718 1471 728 1505 ι
747 1453 849 1509 Unctus
859 1462 901 1509 est
949 1462 993 1511 oet
1008 1464 1036 1510 et
1048 1455 1217 1520 sacerdotali,
1231 1455 1257 1508 in
1271 1456 1368 1523 quibus
1378 1457 1501 1524 personis
1512 1457 1582 1525 apud
1599 1457 1674 1511 illum
1687 1471 1737 1526 po-

112 1567 190 1626 ergo,
202 1552 301 1621 inquit,
311 1549 452 1605 iesusnon
463 1549 522 1603 oleo
536 1548 661 1602 invisibili
674 1546 897 1621 [Beda,risibili],
948 1545 1040 1613 pulum
1066 1544 1238 1599 liebraeorum
1253 1545 1334 1598 etiam
1355 1547 1467 1616 mystica
1492 1546 1585 1600 unctio
1599 1545 1735 1615 figuraba-

112 1646 161 1699 sed
174 1641 356 1712 donogratiae,
372 1641 442 1710 quod
461 1639 558 1694 risibili
573 1638 739 1709 significatur
752 1647 897 1709 unguento,
950 1643 1003 1700 tur,
1021 1635 1113 1699 idest,
1139 1636 1273 1700 chrisma,
1300 1636 1370 1691 unde
1395 1636 1494 1691 Christi
1515 1651 1613 1691 nornen
1635 1637 1734 1701 elucet,

112 1732 328 1804 quobaptizatos
350 1731 427 1800 ungit
449 1728 591 1784 Ecclesia:
609 1736 900 1784 nectamentnneun-
950 1731 1026 1780 tauto
1042 1735 1105 1781 ante
1126 1727 1325 1782 evidentissima
1349 1726 1545 1796 significatione
1570 1728 1735 1797 praenuntia-

112 1833 174 1879 etos
188 1831 231 1878 εει
257 1820 359 1890 Spiritu
385 1826 489 1883 sancto,
512 1818 618 1888 qriando
635 1833 716 1888 super
740 1833 801 1873 eum
825 1819 899 1874 reiut
915 1797 935 1856 B
949 1825 1016 1874 tum.
1035 1817 1089 1873 Sed
1098 1834 1148 1874 nos
1159 1818 1242 1874 libera
1255 1834 1320 1873 ioco
1334 1819 1482 1873 clamamus
1496 1833 1557 1874 cnm
1573 1827 1627 1874 tota
1643 1819 1734 1874 Eccle-

110 1915 236 1971 eolnmba
247 1910 514 1982 Spiritnsdesccndit.
530 1910 684 1965 Tuncenim
698 1926 796 1980 corpus
808 1926 897 1977 suum,
949 1909 988 1964 sia
1002 1908 1111 1973 Christi,
1127 1909 1263 1964 Christum
1278 1924 1328 1964 nec
1351 1919 1491 1979 peceatum
1505 1910 1640 1974 habuisse,
1664 1911 1734 1980 qiiod

110 2005 138 2059 id
157 2013 210 2068 est,
225 2002 372 2057 Ecclesiam
392 2015 467 2055 suam
485 2001 567 2071 812
586 2000 757 2072 praefigurare
775 2001 899 2072 dignatas
948 2001 1121 2070 expiaretnr;
1138 2016 1188 2054 nec
1202 2003 1320 2055 secunda
1335 2001 1481 2071 indiguisse
1493 2001 1675 2072 generatione,
1688 2002 1733 2071 qui

111 2104 162 2158 est,
179 2094 208 2147 in
230 2108 283 2162 qua
301 2091 434 2160 principue
461 2090 588 2159 baptizati
613 2090 748 2159 accipiunt
769 2089 898 2160 Spiritum
949 2090 1019 2144 heus
1032 2106 1113 2146 verns
1125 2099 1153 2145 et
1166 2105 1247 2145 verus
1258 2090 1305 2146 bei
1318 2090 1403 2144 Filius
1414 2091 1446 2146 de
1457 2090 1559 2160 Spiritu
1570 2100 1735 2146 sani-toccu-

109 2194 249 2243 sanetum.
265 2184 318 2240 Sed
327 2184 378 2240 isla
394 2184 506 2254 mystica
517 2190 545 2236 ει
558 2180 685 2236 invisibili
697 2182 823 2237 unctione
836 2191 899 2237 tunc
949 2190 1043 2251 ceptus
1054 2191 1096 2236 est
1109 2189 1136 2236 et
1149 2190 1237 2236 natus.
1254 2179 1481 2236 NamsiCbristus
1494 2183 1610 2236 secunda
1622 2183 1736 2253 indiguit

110 2273 303 2348 intelligendus
325 2284 365 2330 est
379 2281 486 2337 unctus,
512 2271 619 2341 quando
644 2272 759 2326 l'erbum
776 2271 822 2325 Dei
835 2287 899 2327 caro
948 2273 1132 2345 generatione,
1144 2272 1236 2342 utique
1247 2283 1373 2342 peccator
1383 2273 1449 2327 snit:
1464 2282 1491 2328 et
1504 2274 1525 2327 si
1541 2283 1666 2342 peccator
1675 2274 1734 2339 luit,

110 2364 213 2423 iactum
226 2376 278 2428 est,
293 2367 385 2429 idest,
400 2363 754 2432 otiandohumananatnra,
768 2361 898 2418 sineullis
948 2366 1012 2435 qnid
1033 2376 1092 2429 est,
1114 2366 1184 2434 quod
1208 2365 1265 2435 ipsc
1289 2366 1419 2421 Dominus
1438 2367 1478 2421 ait
1497 2384 1503 2420 :
1524 2352 1599 2421 Venit
1616 2369 1735 2439 princeps

112 2457 326 2529 praecedentibus
340 2457 472 2509 bonorum
487 2468 596 2522 operum
613 2453 727 2517 meritis
741 2452 795 2506 Deo
811 2453 898 2508 Verbo
947 2456 1038 2510 tuendi
1048 2456 1138 2525 tripos,
1149 2458 1206 2510 etin
1219 2473 1260 2510 ute
1273 2473 1324 2511 nort
1334 2457 1410 2511 habet
1423 2458 1564 2530 qrtidquom
1577 2459 1667 2530 (ioan.
1678 2477 1733 2523 xiv,

111 2557 164 2613 est,
185 2549 212 2602 in
230 2557 307 2602 utero
319 2546 431 2616 virginis
441 2545 576 2614 copulata,
591 2544 627 2598 ita
647 2553 677 2599 ut
688 2559 748 2598 eum
764 2545 810 2599 illo
822 2544 897 2599 lieret
947 2546 1009 2616 3⁰l?
1022 2547 1050 2600 Si
1058 2547 1279 2616 quidquamineo
1288 2562 1339 2601 non
1347 2548 1576 2619 babuitprineeps
1586 2550 1677 2605 mundi
1686 2552 1735 2605 bn·

110 2651 165 2692 una
176 2651 303 2709 persona.
319 2636 359 2691 (ib
370 2636 422 2689 boc
432 2649 493 2690 eum
510 2634 671 2688 confitemur
682 2641 773 2688 natum
788 2634 820 2689 de
836 2634 898 2704 Spi-
944 2638 996 2708 jus,
1012 2638 1037 2692 id
1053 2646 1102 2702 est,
1118 2640 1308 2706 diabolus,cur
1320 2640 1393 2710 eguit
1405 2642 1529 2697 renasci?
1543 2638 1667 2698 Nusrcro
1682 2659 1735 2697 non

109 2728 165 2783 ritu
176 2735 270 2784 sancto
282 2735 309 2782 ει
320 2725 402 2781 biania
413 2726 527 2796 uirgine.
549 2745 558 2777 r
688 2714 691 2721 ’
947 2728 1007 2784 Filii
1021 2729 1068 2783 bet
1083 2731 1227 2796 nascimur,
1249 2733 1295 2786 sed
1309 2733 1485 2788 renaseimur.
1498 2734 1543 2790 ille
1556 2747 1619 2791 mox
1633 2735 1679 2792 Dei
1691 2737 1736 2792 Fi-

147 2817 208 2873 XX.
226 2816 513 2888 negenealogiisrero
525 2816 624 2872 Christi
639 2817 675 2871 ita
693 2819 783 2887 potius
799 2818 897 2873 iutelli-
946 2821 998 2876 lius
1015 2831 1160 2891 conceptus
1172 2832 1214 2876 est
1226 2831 1253 2877 ct
1272 2833 1352 2880 natus
1367 2844 1373 2879 :
1389 2835 1417 2881 et
1439 2827 1499 2883 ideo
1520 2829 1662 2899 adoptione
1679 2847 1733 2886 non

111 2909 228 2981 gendum
242 2908 417 2971 arbitramur,
434 2907 504 2975 quod
515 2922 575 2976 quae
590 2922 638 2976 per
660 2907 815 2963 Mattbaeum
834 2924 894 2962 nar·
946 2910 1020 2980 eguit
1034 2918 1064 2963 nt
1079 2910 1162 2966 Filius
1187 2911 1234 2966 Dei
1248 2923 1330 2979 esset,
1349 2916 1395 2984 qiii
1421 2915 1505 2971 Filius
1519 2917 1566 2972 Dei
1592 2927 1733 2974 natusest.

110 3007 199 3060 iatiu,
222 3003 375 3051 nostrorum
397 2994 530 3066 significet
551 2997 749 3066 susceptionem
771 3006 896 3067 peecato-
947 2998 975 3052 Si
992 3000 1134 3069 igiturper
1154 3001 1322 3072 adoptionem
1338 3004 1422 3058 Filius
1437 3005 1484 3058 bei
1511 3005 1599 3060 laetos
1621 3015 1673 3071 est,
1689 3011 1734 3077 qui

109 3101 172 3140 rum
186 3100 201 3139 a
213 3085 326 3140 Domino
339 3083 459 3150 Christo,
482 3092 663 3155 propterque
684 3086 711 3140 in
725 3088 814 3141 crucis
827 3088 896 3156 pati·
947 3089 980 3143 de
995 3091 1104 3160 Virgine
1116 3100 1195 3147 natus
1208 3101 1250 3148 est
1265 3111 1271 3146 :
1292 3110 1356 3164 ergo
1378 3111 1430 3149 nec
1443 3097 1522 3149 beata
1536 3097 1617 3167 Virgo
1629 3098 1676 3152 Dei
1691 3114 1736 3168 ge-

110 3174 174 3228 bulo
187 3188 333 3244 suspensus
351 3179 402 3228 εει.
418 3173 448 3228 Ιιι
469 3174 686 3244 generationibus
700 3183 790 3230 autem
802 3176 893 3242 Luem,
925 3181 933 3203 ¹
947 3179 1029 3234 nitria
1044 3189 1113 3247 erat,
1130 3183 1177 3237 sed
1189 3186 1375 3240 tantummodo
1388 3186 1516 3252 bominis,
1533 3188 1578 3256 qui
1592 3196 1651 3257 post
1664 3191 1735 3244 nati-

106 3281 171 3335 que>
193 3264 342 3321 ascendunt
360 3265 395 3320 ad
416 3265 511 3330 Deum
528 3265 700 3320 abolitionem
722 3276 894 3336 peecatorum
946 3269 1058 3324 ritatem
1073 3271 1216 3341 adoptatus
1237 3281 1280 3328 εει
1292 3275 1318 3328 in
1339 3274 1436 3331 Filium
1451 3277 1509 3331 bei.
1526 3275 1601 3345 Quod
1622 3279 1734 3350 impium

109 3363 267 3410 nostrorum
291 3354 438 3426 significari
464 3369 512 3424 per
534 3356 668 3417 eumdem.
690 3357 736 3426 qui
751 3357 895 3413 crucilinus
946 3361 1067 3426 credere,
1083 3372 1185 3433 quanto
1201 3365 1287 3436 magis
1300 3373 1329 3421 et
1345 3367 1457 3423 dicere?

108 3455 152 3500 εει
176 3460 226 3516 pro
253 3446 371 3515 peccatis
392 3446 502 3500 nostris.
527 3445 645 3501 ideoets
668 3446 712 3502 illu
729 3447 895 3504 descendent
984 3459 1053 3514 xxi.
1075 3459 1128 3517 Sed
1142 3462 1222 3531 hujus
1237 3465 1427 3546 disputatio-nis
1440 3467 1485 3523 hic
1499 3463 1560 3524 linis
1571 3468 1616 3535 sit,
1632 3480 1660 3525 ut
1672 3471 1735 3528 libe

109 3544 230 3603 enam
248 3537 299 3593 iue
311 3537 459 3593 ascendens
472 3555 479 3590 τ
494 3538 557 3607 quia
574 3537 713 3593 descendit
725 3538 849 3593 emistis
860 3540 895 3594 ad
947 3553 1004 3607 rius
1017 3554 1051 3608 ii
1065 3553 1118 3609 atio
1134 3555 1267 3627 principio
1286 3558 1399 3629 incipiat
1418 3574 1508 3614 sermo
1522 3557 1556 3615 ue
1570 3559 1613 3616 iis
1625 3578 1684 3631 qia
1696 3564 1736 3618 di-

108 3629 264 3685 fibfflssdffl
276 3645 335 3694 '¹⁰⁸2
345 3629 465 3684 amin
477 3637 566 3683 ²¹¹¹ffl¹¹
582 3629 894 3699 ³⁰1¹¹S²ifl⁰³⁰d⁰s¹¹⁰⁸i
948 3645 1031 3699 eeuda
1045 3652 1115 3699 sunt.
1130 3646 1197 3701 Nam
1220 3649 1353 3718 quoddam
1376 3648 1545 3723 refrigerium
1560 3650 1657 3723 legenti
1673 3653 1735 3709 bnis

108 3721 249 3776 ‘hiscendi‘
262 3726 293 3774 ¹¹²
308 3727 459 3775 mmmm?
475 3734 524 3790 Pf⁰
534 3719 623 3786 ¹¹⁰bisi
639 3722 770 3786 ascendii,
782 3723 897 3777 uitili-
947 3733 1029 3790 libelli
1043 3744 1164 3805 praestat,
1185 3738 1256 3793 sieut
1269 3739 1403 3811 naviganti
1417 3753 1521 3810 portus,
1544 3745 1660 3799 maxime
1673 3759 1735 3798 cum

109 3829 171 3868 ¹¹¹⁰ss
186 3814 213 3867 in
235 3812 290 3866 1¹¹⁰·
305 3811 382 3878 Quid
404 3812 475 3865 essim
490 3812 527 3865 ³5²
548 3810 712 3881 Ab0810¹¹¹⁸³
730 3811 802 3868 3¹5⁸st
826 3812 895 3869 Delu
947 3821 1062 3894 fragosis
1073 3825 1139 3878 loeis
1157 3826 1269 3882 dirersis
1284 3828 1473 3898 disputationis
1484 3830 1734 3901 laborateloquium

110 3903 210 3960 fitium
224 3920 301 3961 suum
315 3905 343 3959 itt
362 3904 557 3958 similitudinem
571 3906 658 3958 cernis
672 3906 781 3969 peccati,
801 3919 894 3960 susce·
947 3917 1144 3986 respondentis.

146 4052 158 4077 ε
180 4039 245 4092 tan.
258 4037 341 4102 Beda,
357 4038 382 4091 in
394 4052 453 4106 eap.
468 4035 556 4090 xhct.
571 4045 658 4105 apost.

114 4163 825 4178 mm

761 4252 877 4313 LIBER
899 4254 1003 4312 Tulit
1007 4255 1077 4316 lUS.

147 4450 171 4506 l.
189 4447 262 4504 Nora
283 4453 455 4517 proponentis
473 4451 682 4515 argumentatio,
696 4457 795 4498 norum
811 4441 893 4499 libelli
907 4446 932 4507 b
944 4443 1011 4498 niat.
1028 4441 1119 4511 Neque
1130 4443 1202 4498 enim
1219 4443 1276 4498 lieri
1291 4453 1391 4515 potest,
1404 4454 1434 4498 ut
1452 4460 1521 4500 unus
1536 4446 1606 4501 iilius
1619 4456 1732 4505 natura·

111 4541 201 4612 poscit
211 4539 360 4604 exordium,
373 4552 408 4594 ne
420 4535 532 4593 coalusa
545 4536 678 4591 sermonis
692 4536 777 4591 series
797 4534 896 4606 legenti
948 4532 1011 4587 liter
1024 4533 1091 4588 ditos
1116 4541 1207 4603 patres
1226 4535 1327 4590 babere
1348 4536 1454 4605 possit:
1471 4549 1554 4591 tinum
1579 4545 1669 4593 tamen
1681 4555 1732 4610 per

111 4631 253 4688 lastidinm
266 4628 357 4695 iaciat,
370 4636 399 4684 et
411 4628 501 4682 minus
513 4625 678 4695 intelligatur
693 4626 758 4695 quid
771 4627 814 4681 eui
825 4627 897 4696 parti
947 4631 1083 4689 naturam,
1099 4623 1181 4679 aliurn
1197 4634 1287 4679 autem
1302 4640 1352 4694 per
1370 4624 1542 4694 adoptionem
1561 4638 1673 4694 prorsus
1686 4645 1734 4700 po·

111 4720 266 4785 conveniat,
280 4718 302 4774 si
316 4733 369 4773 non
389 4717 605 4788 competentibus
626 4716 693 4772 locis
707 4718 741 4772 ab
755 4718 897 4786 alioprin-
948 4721 1010 4768 test.
1040 4733 1050 4767 i
1077 4714 1162 4784 liujus
1177 4715 1290 4784 duplicis
1309 4716 1490 4784 paternitatis,
1517 4713 1564 4772 Dei
1589 4719 1693 4777 scilicet
1706 4730 1734 4776 ει

112 4811 186 4881 cipio
203 4810 335 4865 orationis
359 4809 472 4880 incipiat
494 4815 592 4863 textus.
620 4807 697 4876 Seps
712 4809 800 4863 dietus
817 4809 898 4878 igitur
947 4803 1045 4869 Patris,
1065 4814 1094 4859 ct
1112 4805 1196 4859 David
1214 4805 1285 4875 regis
1299 4804 1326 4858 in
1350 4804 1457 4861 Christo
1470 4805 1553 4879 813
1571 4806 1635 4864 iesu
1649 4810 1676 4862 in
1688 4822 1733 4863 su·

113 4898 236 4969 sophista
247 4897 535 4970 suhitoabaptismate
556 4896 656 4952 Christi
672 4898 787 4952 recurrit
800 4898 833 4952 ad
847 4912 898 4952 na·
947 4894 1099 4965 perioribus
1121 4894 1268 4951 secundum
1289 4897 1516 4968 opportunitatem
1538 4899 1733 4970 proculdubio

115 4989 269 5044 tiritateiu:
291 4995 319 5043 et
330 5002 411 5057 quero
420 4988 576 5057 adoptatum
591 4986 618 5040 in
629 4984 727 5041 Filium
741 4985 788 5039 Dei
802 4999 899 5040 secun·
948 4989 1137 5057 disputationis
1152 5003 1308 5058 responsum
1321 4991 1405 5047 babes
1419 5003 1432 5033 ι
1447 5011 1454 5047 :
1475 4993 1527 5049 nisi
1541 4993 1609 5049 lorte
1624 4993 1674 5049 boc
1686 4993 1732 5050 ad-

114 5083 330 5154 dageneratione
344 5081 401 5137 ruit
420 5080 543 5149 intelligi,
569 5078 693 5133 eumdem
717 5077 800 5133 barid
825 5079 898 5150 regis
947 5077 1277 5146 dendumesserideatur,
1298 5082 1369 5150 quod
1390 5063 1523 5153 nusquam
1546 5081 1733 5152 inSeriptnris

107 5174 276 5246 magisesse
286 5170 384 5227 turum
397 5184 477 5240 quam
498 5168 545 5224 uei
558 5167 657 5231 Patris,
677 5174 801 5222 testatur.
821 5168 855 5221 Et
869 5175 899 5223 ut
947 5172 1049 5228 sanctis
1062 5170 1184 5227 invenies
1196 5173 1336 5242 seriptum,
1352 5173 1436 5227 David
1449 5172 1482 5226 de
1492 5170 1599 5226 Christo
1610 5171 1730 5228 dixisse:

115 5263 236 5334 dusilem
262 5262 346 5318 rerba
379 5273 520 5330 ponamus,
548 5259 587 5313 ait
604 5272 687 5329 ergo:
705 5275 715 5309 ι
733 5257 813 5313 Certe
826 5258 898 5313 enini
949 5261 988 5316 To
1001 5278 1028 5316 es
1050 5258 1135 5315 Filios
1148 5264 1220 5316 mear
1233 5261 1352 5327 dilectos,
1377 5262 1510 5332 quomodo
1527 5260 1611 5317 Deum
1623 5262 1731 5320 Patrem

116 5351 188 5409 idem
199 5351 351 5421 redemptor
364 5357 454 5404 noster
468 5349 496 5403 in
516 5346 602 5402 torma
612 5347 796 5411 humanitatis,
813 5355 843 5401 ut
856 5363 898 5403 sa·
947 5350 1061 5422 legimns
1075 5366 1156 5422 super
1169 5350 1277 5406 Christo
1287 5365 1379 5407 rocem
1395 5351 1520 5407 emittere
1541 5349 1654 5409 dicendo
1668 5371 1675 5407 :
1691 5352 1731 5409 Τιι

114 5454 166 5498 cru
178 5439 283 5510 eloquia
303 5445 447 5503 ιεβῑιιιῑιιι,
470 5436 541 5492 filius
553 5436 637 5491 David
655 5444 696 5491 0⁵²
716 5442 744 5492 ei
755 5435 826 5491 filius
838 5436 897 5492 Del·
947 5463 975 5500 ea
988 5443 1074 5499 Filius
1088 5461 1160 5499 meus
1184 5442 1304 5506 dilectur,
1327 5443 1353 5496 iu
1367 5459 1417 5513 quo
1432 5443 1496 5497 mibi
1510 5443 1572 5498 bene
1585 5443 1732 5517 scorpiani

114 5531 194 5600 Quod
203 5538 347 5600 utrumque
357 5543 450 5584 rernm
461 5536 522 5585 est:
537 5528 608 5599 quod
619 5536 708 5584 amen
720 5542 773 5583 non
783 5527 900 5584 absurde
948 5533 1055 5606 (iltuto
1070 5550 1113 5599 nr,
1128 5533 1182 5604 li).
1193 5532 1246 5589 Sed
1259 5532 1344 5598 illum,
1356 5549 1435 5603 quem
1447 5543 1557 5604 patema
1565 5550 1622 5611 v*tor
1633 5536 1731 5592 Filium

113 5621 291 5694 eumdum
312 5631 365 5686 0⁸¹2
378 5619 512 5690 quomodo
526 5619 553 5674 in
566 5634 629 5674 eum
643 5626 788 5688 utrumque
801 5630 900 5676 conre-
947 5639 1026 5681 suum
1046 5624 1174 5681 dilectum
1200 5629 1297 5682 testata
1319 5633 1373 5692 est,
1399 5625 1470 5681 hunc
1496 5626 1618 5683 eumdem
1646 5625 1730 5680 David

153 5742 169 5772 ⁸
187 5729 254 5788 tide
271 5743 364 5809 supra,
374 5728 421 5786 bb.
432 5742 537 5798 naum.
554 5726 596 5781 li.
