3780 6120
563 276 758 335 ttrbnctcs.
777 307 812 318 ·-
831 277 964 334 obticis
983 278 1051 333 Preti
1072 278 1205 334 rumas.

423 511 476 584 ⁵²
513 534 938 728 opusculum
982 448 1326 652 suarium.

379 749 747 871 ormana
781 756 974 871 ean
1009 754 1348 870 renuas
1359 824 1386 906 ,

848 945 915 1003 SEU

60 1074 211 1139 rsntnss
233 1073 445 1138 SECUNDUM
472 1077 563 1138 DlES
583 1078 850 1141 HEBDOMADAE
872 1078 1065 1169 SlNGULOS
1086 1078 1228 1153 obruas
1249 1080 1289 1141 ΙΝ
1311 1079 1498 1143 ECCLESlrl
1523 1082 1701 1149 CANTAN-

105 1175 196 1251 TUR,
218 1175 425 1252 DlSPOSlTl,
448 1176 531 1240 CUM
552 1178 833 1253 ORATIONIBUS,
855 1178 1024 1252 HYMNlS,
1045 1177 1378 1244 CONFESSIONIBUS
1398 1182 1450 1242 ET
1472 1182 1658 1245 LleNllS.

276 1447 306 1490 m
328 1445 452 1492 „omn
474 1450 527 1492 but
549 1447 651 1493 sm„
870 1409 1040 1481 Asequitur.
1071 1409 1196 1464 Miserere
1221 1409 1295 1474 ttter',
1322 1408 1403 1462 Deras.
1433 1408 1559 1463 Deinde:
1592 1389 1716 1473 lenite,⁸

162 1526 281 1569 mmm
302 1525 458 1570 sempron
482 1527 587 1570 muri
610 1529 759 1572 mmmm
907 1500 1066 1557 exsultemus
1091 1500 1214 1556 Domino.
1243 1499 1344 1556 Deinde
1367 1499 1485 1570 psalmos
1511 1509 1628 1570 quantos
1654 1517 1700 1556 ro·

208 1607 248 1648 sn
268 1604 417 1650 canosum
435 1605 665 1651 rurensronunt
685 1610 709 1648 ι.
907 1591 998 1646 inerit.

100 1736 199 1793 Beatus
215 1736 299 1808 igitur
316 1736 402 1791 David
416 1752 463 1791 rex
479 1752 593 1808 magnus
606 1746 633 1793 ct
644 1753 741 1793 serrns
754 1739 800 1794 ltci
815 1740 854 1795 al·
1208 1702 1367 1781 ΤΕΒῙᾹ
1395 1702 1426 1778 l·

64 1829 164 1885 tissimi
183 1829 262 1885 nobis
283 1828 414 1901 psallendi
436 1828 556 1899 regulam
569 1829 657 1896 dedit,
671 1829 789 1900 qualiter
807 1846 852 1899 per
936 1822 940 1829 ⁴
1110 1857 1226 1932 (Dm
1242 1857 1347 1913 ,idem
1361 1855 1493 1929 flam)

63 1920 251 1976 dinumeratas
270 1920 352 1976 boras
371 1920 505 1991 quaslibet
516 1921 597 1975 bomo
611 1921 745 1986 adDeom
759 1938 855 1993 preces

63 2011 179 2067 lrrndere
202 2011 313 2076 debeat,
335 2011 370 2066 ita
395 2011 508 2066 dicens·
532 2009 630 2081 Septies
649 2013 678 2066 in
692 2013 736 2067 die
749 2011 855 2067 laudem
1215 1989 1387 2048 PSALMUS·

63 2105 151 2159 dicum
165 2104 213 2158 tibi
228 2102 320 2174 (Psoi.
334 2118 433 2169 oxvrrr,
449 2102 527 2175 llil).
543 2102 599 2158 lloc
613 2111 655 2158 est
668 2104 756 2174 prima
771 2104 853 2168 bora,
942 2103 1032 2176 (Pata.
1046 2103 1112 2178 err.)
1126 2116 1136 2143 ⁰
1153 2102 1326 2160 Conlitcmini
1336 2103 1462 2169 Domino,
1473 2110 1501 2158 et
1513 2102 1636 2158 invocate
1649 2119 1699 2159 no-

64 2193 202 2258 secunda,
224 2194 318 2258 tertia,
334 2201 427 2258 serta,
443 2208 513 2247 nona
524 2232 531 2258 ,
544 2193 701 2263 vespertina
714 2200 743 2248 et
755 2193 854 2248 doode
905 2208 968 2249 meu
981 2192 1058 2262 eins:
1074 2195 1233 2250 annuntiate
1252 2196 1325 2250 inter
1338 2203 1433 2266 gentes
1446 2209 1530 2267 opera
1544 2193 1612 2264 ejus.
1627 2194 1698 2251 Can-

64 2286 144 2340 cima.
153 2284 206 2339 Per
216 2284 266 2339 bas
276 2284 368 2356 itaque
382 2293 486 2355 septem
500 2271 583 2340 boras
593 2283 677 2340 David
688 2299 736 2340 rcx
749 2283 854 2340 lotidem
905 2292 961 2340 tate
976 2285 1016 2350 ei,
1031 2294 1059 2339 ct
1071 2285 1176 2355 psallite
1190 2290 1215 2341 ei
1230 2307 1236 2340 r
1251 2296 1361 2340 narrate
1374 2285 1465 2341 omnia
1479 2285 1613 2341 mirabilia
1628 2284 1697 2355 eius.

64 2375 171 2431 dicetur
188 2374 262 2440 Deo,
282 2376 329 2430 scd
345 2383 373 2430 et
391 2384 500 2430 sanctus
518 2374 612 2430 Daniel
629 2377 760 2446 propbeta
775 2376 854 2431 tertia
904 2373 1065 2432 laudamini
1080 2376 1107 2431 in
1123 2376 1232 2431 nomine
1245 2385 1339 2432 sancto
1352 2375 1411 2446 ejus
1423 2391 1431 2431 a
1445 2375 1551 2432 letetur
1563 2392 1610 2431 cor
1625 2392 1699 2446 quac-

63 2474 87 2520 et
105 2474 185 2520 serta
206 2471 234 2520 et
257 2480 328 2521 nona
343 2466 410 2520 bora
424 2465 476 2521 dici
493 2465 527 2520 od
546 2467 746 2536 deprecandum
760 2465 852 2522 Domi·
905 2469 1021 2523 rentium
1036 2468 1190 2525 Dominum.
1205 2468 1323 2537 Quarite
1337 2469 1481 2524 Dominum
1502 2478 1530 2525 ct
1551 2469 1697 2526 confirmo·

63 2573 127 2612 uom
141 2557 292 2613 ascendens
313 2557 340 2612 in
353 2557 481 2612 solarrmn
495 2573 573 2612 sunna
586 2559 715 2629 expansis
727 2558 853 2614 manitas
904 2560 969 2617 mini
982 2579 987 2613 :
1005 2562 1117 2630 qnaeritc
1129 2561 1227 2618 iaciem
1239 2561 1299 2630 ejus
1310 2577 1426 2633 semper.
1438 2561 1600 2618 Mementote
1616 2564 1699 2617 miru-

64 2650 95 2705 ad
108 2649 211 2706 mlum
225 2649 420 2720 deprecabatur
438 2649 523 2706 Deum
539 2665 589 2721 pro
604 2665 633 2705 sc
647 2660 675 2706 ct
687 2666 736 2721 pro
755 2650 853 2721 popolo
903 2651 996 2708 billum
1019 2653 1077 2724 ejus
1097 2669 1158 2723 qnae
1178 2652 1264 2709 lecit:
1290 2653 1411 2724 prodigia
1433 2654 1510 2724 eius,
1528 2653 1628 2722 judicia
1642 2655 1698 2709 oris

63 2743 154 2799 lsrael.
171 2742 226 2798 Sed
239 2753 265 2798 et
278 2743 348 2798 idem
366 2758 410 2798 rex
427 2742 511 2798 bario
523 2743 613 2798 adbuc
625 2742 694 2797 dixit
708 2761 714 2796 ι
734 2742 767 2797 Et
782 2742 852 2812 odii·
869 2773 889 2832 Β
903 2740 970 2811 ejus·
988 2741 1085 2798 Semen
1099 2743 1251 2808 Abrabam,
1267 2743 1336 2799 serri
1350 2742 1428 2812 ejus3
1442 2742 1490 2799 lilii
1504 2742 1604 2811 Jacob,
1618 2745 1697 2801 electi

63 2837 130 2890 cient
150 2851 230 2906 super
250 2850 350 2889 omnem
365 2833 469 2888 lotidem
482 2842 554 2888 tuum
570 2832 666 2906 (Prot.
693 2851 761 2900 arr,
785 2835 818 2889 ll
830 2834 850 2903 i.
904 2830 974 2901 ejus.
995 2831 1054 2902 lpse
1074 2833 1204 2888 Dominum
1225 2833 1297 2888 Deus
1317 2842 1421 2898 noster,
1437 2834 1464 2888 in
1483 2835 1608 2890 nuircrsa
1625 2844 1697 2890 terra

63 2927 179 2983 Proinde
194 2943 287 2982 rursus
300 2928 357 2982 ait:
373 2924 461 2980 lledio
477 2935 551 2990 nocte
572 2927 709 2997 tarpeium
724 2927 759 2981 orl
771 2928 854 2998 confi·
900 2922 1003 2993 judicia
1018 2924 1086 2995 cius·
1102 2924 1204 2981 llemor
1216 2923 1267 2980 init
1281 2925 1307 2979 in
1321 2925 1448 2980 saeculnm
1464 2926 1617 2981 testamenti
1632 2927 1673 2982 soi
1689 2943 1696 2980 :

13 3050 22 3073 .
61 3021 168 3077 undum
183 3020 230 3074 tibi
246 3017 529 3091 (Punicarumbii.
544 3017 644 3085 idest,
659 3019 854 3074 nocnrrmho-
903 3014 978 3072 rerbi
1000 3017 1073 3086 qnod
1093 3017 1231 3071 mandarit
1252 3018 1279 3072 iu
1300 3017 1374 3071 mille
1396 3018 1595 3088 generationes.
1616 3018 1695 3087 Quod

63 3130 102 3169 ra,
122 3113 160 3169 Et
181 3113 280 3168 itemrm
295 3112 355 3166 ait:
373 3110 527 3181 Mentor-fni
541 3112 567 3165 in
583 3121 655 3165 noete
670 3111 782 3166 nominis
797 3111 852 3176 tui,
903 3107 1036 3178 disposuit
1054 3108 1088 3163 ad
1106 3108 1242 3162 Abraham
1257 3127 1264 3161 ι
1279 3117 1308 3162 et
1323 3107 1472 3177 juramenti
1493 3109 1535 3164 sni
1555 3110 1590 3164 ad
1608 3109 1695 3166 isaac.

61 3205 173 3262 mnam
196 3203 297 3276 (itit,
312 3218 338 3259 r.
351 3201 417 3272 55),
440 3203 511 3272 qnod
530 3209 572 3256 cst
591 3201 721 3271 gallorum
746 3208 851 3256 cantus.
904 3198 938 3253 Et
952 3199 1047 3254 statuit
1061 3198 1123 3253 illud
1137 3197 1221 3254 Jacob
1235 3200 1261 3253 in
1276 3209 1441 3269 pracceptum
1456 3220 1462 3254 :
1478 3210 1505 3255 et
1518 3200 1601 3256 lsrael
1615 3203 1641 3256 in
1658 3213 1700 3257 tc·

62 3295 108 3352 Sic
127 3311 230 3350 memor
242 3293 282 3365 [ui
295 3295 334 3347 tui
348 3289 548 3364 superstratum
562 3308 663 3357 ereum,
676 3292 703 3345 iu
718 3291 853 3346 matutinis
903 3299 1066 3347 stamcntum
1080 3299 1221 3346 aeternnm.
1238 3290 1352 3346 Dicent:
1365 3288 1426 3346 'libi
1441 3291 1511 3347 dabo
1527 3302 1628 3347 terram
1644 3292 1701 3362 53

62 3386 292 3442 meditatorium
309 3383 403 3456 (Prot.
418 3400 488 3446 narr,
504 3382 548 3455 i).
563 3382 596 3438 lli
612 3390 675 3437 sunt
694 3396 743 3452 per
762 3390 854 3437 noctes
903 3381 1033 3438 Charraan
1047 3401 1053 3436 ε
1067 3381 1214 3437 ianiculum
1227 3383 1393 3438 haercditatis
1404 3391 1512 3439 uestrae.
1527 3382 1593 3438 Cum
1606 3394 1698 3439 essent

62 3486 120 3534 tres
133 3477 213 3541 oilleii
227 3491 336 3541 cursus,
351 3484 379 3529 et
391 3491 438 3545 per
449 3474 522 3531 diem
536 3482 640 3545 septena
653 3492 659 3527 :
674 3474 771 3544 quibus
784 3474 853 3543 aptis
903 3488 1015 3529 numero
1036 3473 1113 3529 brevi
1129 3491 1135 3527 :
1151 3473 1306 3544 pancissimi
1328 3482 1356 3529 et
1378 3473 1473 3531 incolae
1495 3473 1563 3543 cius.
1581 3473 1614 3529 Et
1635 3489 1697 3545 pcr-

62 3565 265 3642 {F.,1'nnctis]
281 3566 360 3622 simul
373 3565 525 3621 efficiuntur
538 3567 647 3629 decem,
663 3579 731 3633 qnos
745 3579 795 3621 nus
807 3578 851 3620 se·
903 3565 1069 3621 transierunt
1080 3564 1114 3620 de
1127 3573 1207 3636 gente
1221 3565 1248 3620 in
1262 3572 1369 3636 gentem
1383 3584 1389 3619 :
1406 3574 1432 3621 et
1446 3566 1479 3621 de
1493 3582 1575 3638 regno
1594 3565 1627 3622 ad
1648 3582 1699 3638 po-

59 3662 184 3717 cundnm
201 3661 296 3716 decern
314 3664 396 3717 rerba
415 3660 482 3731 legis
501 3659 586 3730 lloysi
605 3667 742 3714 scctantcs
758 3669 853 3715 muta-
901 3659 996 3730 pulum
1016 3658 1141 3715 alterum.
1162 3658 1221 3715 lion
1243 3660 1352 3731 reliquit
1371 3661 1506 3717 bominem
1526 3678 1624 3718 rancore
1637 3664 1693 3728 eis,

60 3768 128 3809 runs
140 3753 165 3807 b.
182 3752 236 3809 Sed
249 3753 313 3824 qnia
327 3769 375 3809 ros
391 3751 524 3824 rogastis,
541 3759 570 3804 ut
583 3751 765 3806 scriberemus
777 3750 854 3806 robis
902 3759 931 3805 ct
951 3751 1081 3820 corripuit
1101 3765 1151 3821 pro
1170 3751 1210 3806 eis
1232 3767 1319 3823 reges.
1340 3751 1427 3808 Nolite
1447 3762 1559 3825 tangere
1577 3755 1696 3809 christos

59 3845 231 3902 breviarium
245 3843 408 3900 commatico
421 3856 563 3907 sermone,
578 3840 695 3911 qualiter
707 3840 789 3896 borno
802 3839 853 3894 lai·
902 3855 997 3897 meos:
1015 3848 1042 3894 et
1061 3840 1088 3895 in
1102 3842 1241 3911 prophetis
1255 3842 1323 3897 meis
1337 3843 1418 3898 nolite
1433 3843 1584 3915 uraliqnnri.
1600 3845 1635 3899 Et
1647 3859 1699 3900 ro·

60 3951 113 3992 cus
129 3935 174 4005 qui
189 3934 318 3990 adhucin
332 3935 421 3989 activa
434 3933 490 3987 rita
506 3932 647 3997 consistit,
662 3946 711 4001 per
725 3930 853 3986 dinume·
903 3932 974 3987 cavit
994 3929 1092 3986 samem
1112 3945 1193 4001 super
1211 3937 1312 3985 terram
1329 3948 1336 3985 :
1352 3939 1380 3986 et
1399 3947 1479 3987 omne
1493 3932 1696 3989 irritamentum

60 4036 143 4083 ratas
157 4028 237 4082 boras
252 4027 302 4082 has
314 4026 369 4080 Deo
384 4024 536 4096 supplicare
548 4023 664 4079 debeat:
681 4021 782 4076 etlicet
793 4036 852 4087 ros,
902 4023 980 4093 panis
1000 4021 1135 4078 contrivit.
1160 4020 1231 4077 llisit
1251 4031 1312 4077 ante
1333 4038 1380 4079 cos
1398 4024 1508 4079 ritum:
1535 4025 1561 4078 in
1586 4040 1699 4080 serrum

58 4119 112 4190 qut
135 4117 287 4174 Christiano
306 4116 402 4171 ordine
416 4113 521 4177 vivitis.
537 4112 690 4168 Chtt'stiana
714 4125 796 4179 opera
811 4108 851 4163 la·
864 4133 888 4194 c
902 4114 1073 4169 renundatus
1084 4120 1126 4167 cst
1136 4110 1246 4183 loseph.
1259 4112 1473 4169 ilumiliarerunt
1485 4115 1512 4168 in
1522 4116 1702 4186 compedibus

57 4222 132 4267 oere
142 4208 313 4270 desideratis,
329 4221 382 4260 non
395 4204 526 4276 ignoratis
539 4202 654 4274 qualiter
666 4201 779 4257 Domino
791 4217 854 4273 sup·
904 4204 986 4277 pedes
998 4205 1065 4274 ejus,
1081 4202 1183 4258 ierrnm
1195 4204 1370 4274 pertransivit
1383 4205 1503 4261 animam
1515 4204 1575 4274 rjus
1588 4223 1594 4260 :
1609 4207 1698 4264 donec

53 4299 202 4373 plicetur:
223 4299 269 4354 scd
291 4297 353 4368 qnia
370 4297 501 4368 rogastis,
516 4294 636 4348 dicemus
650 4293 768 4347 breuiter
782 4292 853 4362 quud
903 4297 1008 4352 reniret
1021 4296 1133 4351 verbnm
1148 4297 1216 4367 eius.
1234 4297 1377 4368 Eloquium
1391 4298 1498 4356 Domini
1518 4299 1699 4356 inflammavit

54 4392 207 4451 sentimus.
222 4390 288 4447 Cum
303 4392 376 4446 enim
398 4391 430 4444 dc
445 4387 543 4443 lectulo
563 4394 664 4443 stratus
685 4385 768 4439 nestri
792 4400 853 4438 snr-
890 4404 980 4452 enm,
996 4389 1069 4444 misit
1084 4404 1131 4443 rcx
1145 4397 1172 4444 et
1185 4389 1265 4444 solvit
1279 4405 1339 4445 euru
1354 4404 1360 4442 :
1376 4391 1501 4463 princeps
1515 4392 1674 4463 populorum
1684 4431 1699 4460 ,

54 4485 193 4547 rexistis,
208 4485 349 4541 dicendum
364 4484 441 4539 robis
454 4491 496 4537 cst
510 4500 515 4535 :
531 4482 574 4537 dio
586 4480 703 4551 primum
720 4499 726 4533 :
743 4479 855 4533 Domine
904 4489 931 4536 et
954 4481 1057 4536 dimisit
1078 4496 1151 4537 cnm.
1174 4480 1320 4538 Constituit
1342 4497 1404 4538 enm
1429 4482 1573 4540 Dominum
1597 4482 1700 4542 domm

51 4578 132 4637 Iesu
144 4575 258 4642 chriae,
276 4576 330 4631 fili
344 4576 393 4630 Dei
407 4576 455 4632 uiri
464 4616 471 4638 ,
485 4575 512 4629 in
528 4573 631 4628 rronrine
642 4582 687 4626 tuo
700 4571 787 4626 leculo
799 4587 855 4624 suu·
904 4589 977 4640 sum,
993 4583 1020 4629 et
1033 4572 1183 4644 principem
1197 4574 1286 4628 omnis
1302 4573 1481 4644 possessionis
1496 4590 1562 4630 snae.
1579 4574 1613 4631 ttr
1632 4590 1698 4631 eru·

52 4686 117 4729 mus
131 4686 212 4724 areas.
228 4669 332 4724 Dicitur
346 4666 412 4740 [F.,
429 4664 517 4737 lieris}
528 4666 555 4719 in
569 4664 853 4734 odirrtoriuurpneum,
904 4663 975 4719 diret
987 4664 1123 4735 principes
1136 4660 1195 4731 ejus
1210 4663 1282 4717 sicut
1294 4662 1489 4732 semetipsum,
1502 4672 1530 4720 ct
1544 4680 1624 4721 senes
1637 4665 1698 4736 ejus

54 4771 124 4817 tres
146 4758 287 4831 [iterra]
308 4759 411 4812 uicibus
438 4772 498 4811 curn
525 4754 647 4824 psalmo:
670 4752 753 4808 l'erln
776 4770 854 4818 trien,
903 4751 1697 4828 prudentiamdoceretlltintraritlsrneliuAEgypturo:

52 4868 153 4923 restrae
167 4869 173 4905 :
195 4851 273 4906 llum
289 4851 379 4904 astabo
399 4850 456 4903 tibi.
477 4846 597 4908 Deinde,
617 4844 699 4898 Pater
716 4853 812 4906 noster,
828 4851 855 4896 ct
903 4851 931 4897 et
940 4841 1023 4898 Jacob
1034 4839 1123 4896 accola
1136 4838 1187 4896 init
1200 4839 1227 4894 in
1241 4849 1312 4895 terra
1326 4839 1422 4896 Cinam.
1435 4842 1469 4898 Et
1481 4845 1556 4900 anxit
1567 4847 1695 4917 populum

51 4960 159 5020 preces
173 4958 180 4997 :
196 4944 324 5015 Diquare,
339 4942 469 5005 Domine,
485 4939 527 4993 die
541 4940 612 4992 isto:
636 4935 731 5006 perfice
752 4950 854 5004 pressus
904 4948 983 4989 snum
1000 4933 1197 4988 vehementer:
1218 4939 1247 4987 et
1266 4927 1383 4987 irrmavit
1397 4949 1459 4989 eum
1475 4950 1558 5006 snper
1571 4937 1695 4993 inimicos

52 5036 330 5096 „centimetrum
351 5034 478 5088 Dominus
497 5032 539 5084 die
557 5028 690 5100 quotidie:
705 5024 817 5094 diripere
830 5033 854 5076 et
904 5021 972 5093 ejtrs.
1001 5021 1139 5078 Convertit
1167 5037 1214 5078 cor
1238 5038 1351 5091 eorum,
1377 5033 1407 5081 ul
1433 5027 1542 5084 odirent
1565 5023 1693 5099 populatio

53 5128 231 5199 sanctificare
242 5126 376 5198 liqueris:
390 5122 414 5176 F
415 5125 453 5177 int
467 5119 646 5177 urirericordin
659 5126 720 5179 tuo,
735 5114 853 5177 Dornim,
903 5116 981 5188 ejus:
998 5123 1026 5170 et
1037 5115 1127 5172 dolum
1140 5113 1261 5171 lacerent
1275 5118 1301 5173 in
1314 5134 1407 5174 serras
1418 5119 1486 5188 ejus
1501 5120 1573 5176 itisir
1585 5120 1696 5192 lloysen

54 5236 145 5293 super
158 5235 216 5276 not.
231 5219 266 5274 Et
279 5232 392 5287 surgens
405 5214 516 5286 incipiat
530 5226 637 5268 tersum
652 5227 658 5262 :
673 5208 798 5269 Domine,
816 5205 855 5259 ln·
905 5222 1014 5265 murum
1028 5222 1106 5262 snum
1122 5224 1130 5260 ε
1144 5205 1236 5263 Aaron
1251 5222 1333 5278 quem
1347 5208 1428 5280 elegit
1442 5210 1540 5280 ipsum.
1560 5209 1654 5267 Posuit
1668 5211 1696 5266 in

56 5311 109 5366 tiu
129 5326 188 5365 meu
209 5310 319 5380 operies.
344 5308 404 5378 ipso
426 5305 532 5375 cxplctn
553 5316 615 5357 cnm
637 5298 721 5370 ploriu
744 5296 855 5367 incipiat
904 5299 944 5379 eis
962 5299 1043 5354 verba
1058 5298 1195 5369 signorum
1208 5312 1318 5354 suorum
1341 5306 1369 5354 et
1385 5299 1569 5370 prodigiorum
1582 5301 1610 5357 iu
1623 5313 1697 5359 terra

58 5399 222 5458 emturum:
244 5398 372 5461 Dareine,
392 5395 455 5467 qnid
475 5391 641 5462 multiplicati
661 5398 731 5443 aunt.
754 5386 855 5441 Dcinde
905 5388 1001 5447 (iham.
1017 5389 1090 5447 ilisit
1103 5388 1227 5444 tenebras
1239 5396 1266 5444 et
1278 5388 1452 5446 obscuravit:
1469 5399 1497 5446 et
1511 5408 1565 5448 uon
1579 5407 1697 5450 exacer-

103 5543 115 5570 ⁸
134 5531 172 5585 Ex
185 5531 277 5586 codice
290 5529 363 5599 regio
375 5524 520 5583 l’arisicnsi
532 5532 560 5579 ct
572 5520 659 5577 libello
672 5520 854 5590 precationum
871 5499 895 5561 ⁰
946 5533 956 5561 e
976 5521 1015 5579 Dc
1037 5522 1091 5580 Usu
1114 5520 1289 5594 psalmorum.
1310 5521 1363 5578 Pro
1384 5537 1432 5578 usu
1455 5521 1535 5579 tertio
1547 5538 1628 5594 snpra
1643 5523 1697 5580 col.

59 5602 155 5658 tamti
168 5601 253 5656 Calvi.
909 5592 970 5648 itti.

103 5677 117 5716 Ι·
138 5672 281 5740 llncnsquc
296 5672 321 5726 in
338 5670 406 5726 libro
421 5666 572 5738 precatorio
586 5662 674 5720 Caroli
691 5661 774 5718 Calui.
