<?xml version="1.0" encoding="UTF-8"?>
<!DOCTYPE html PUBLIC "-//W3C//DTD XHTML 1.0 Transitional//EN"
    "http://www.w3.org/TR/xhtml1/DTD/xhtml1-transitional.dtd">
<html xmlns="http://www.w3.org/1999/xhtml" xml:lang="en" lang="en">
 <head>
  <title>
</title>
<meta http-equiv="Content-Type" content="text/html;charset=utf-8" />
  <meta name='ocr-system' content='tesseract 3.04.00' />
  <meta name='ocr-capabilities' content='ocr_page ocr_carea ocr_par ocr_line ocrx_word'/>
</head>
<body>
  <div class='ocr_page' id='page_1' title='image "./patrologiaecurs25goog/patrologiaecurs25goog_0183.png"; bbox 0 0 3780 6120; ppageno 0'>
   <div class='ocr_carea' id='block_1_1' title="bbox 176 239 1805 313">
    <p class='ocr_par' dir='ltr' id='par_1_1' title="bbox 176 239 1805 313">
     <span class='ocr_line' id='line_1_1' title="bbox 176 239 1805 313; baseline -0.011 -1"><span class='ocrx_word' id='word_1_1' title='bbox 176 254 228 313; x_wconf 69' lang='lat'>555</span> <span class='ocrx_word' id='word_1_2' title='bbox 573 250 602 304; x_wconf 82' lang='lat' dir='ltr'>lt.</span> <span class='ocrx_word' id='word_1_3' title='bbox 624 248 654 303; x_wconf 86' lang='lat' dir='ltr'>F.</span> <span class='ocrx_word' id='word_1_4' title='bbox 675 249 787 304; x_wconf 55' lang='lat' dir='ltr'>almiri</span> <span class='ocrx_word' id='word_1_5' title='bbox 807 247 872 303; x_wconf 80' lang='lat' dir='ltr'>stu</span> <span class='ocrx_word' id='word_1_6' title='bbox 892 246 1029 303; x_wconf 48' lang='lat' dir='ltr'>atrcvlhl</span> <span class='ocrx_word' id='word_1_7' title='bbox 1051 244 1194 302; x_wconf 78' lang='lat' dir='ltr'>ul‘uttt&#39;tl</span> <span class='ocrx_word' id='word_1_8' title='bbox 1212 243 1301 298; x_wconf 72' lang='lat' dir='ltr'>PARS</span> <span class='ocrx_word' id='word_1_9' title='bbox 1321 243 1363 298; x_wconf 86' lang='lat' dir='ltr'>lll·</span> <span class='ocrx_word' id='word_1_10' title='bbox 1750 239 1805 296; x_wconf 72' lang='lat' dir='ltr'>35ss</span> 
     </span>
    </p>
   </div>
   <div class='ocr_carea' id='block_1_2' title="bbox 175 351 1810 4498">
    <p class='ocr_par' dir='ltr' id='par_1_2' title="bbox 175 351 1810 4498">
     <span class='ocr_line' id='line_1_2' title="bbox 175 351 1806 424; baseline -0.009 -4"><span class='ocrx_word' id='word_1_11' title='bbox 175 367 294 420; x_wconf 80' lang='lat' dir='ltr'>tlemate</span> <span class='ocrx_word' id='word_1_12' title='bbox 319 356 493 424; x_wconf 86' lang='lat' dir='ltr'>damnatum,</span> <span class='ocrx_word' id='word_1_13' title='bbox 517 358 618 414; x_wconf 88' lang='lat' dir='ltr'>ideirco</span> <span class='ocrx_word' id='word_1_14' title='bbox 648 358 774 413; x_wconf 86' lang='lat' dir='ltr'>iraudarc</span> <span class='ocrx_word' id='word_1_15' title='bbox 806 357 965 413; x_wconf 78' lang='lat' dir='ltr'><strong>catholicam</strong></span> <span class='ocrx_word' id='word_1_16' title='bbox 978 359 1003 415; x_wconf 81' lang='grc' dir='ltr'><strong>Α</strong></span> <span class='ocrx_word' id='word_1_17' title='bbox 1017 364 1060 409; x_wconf 90' lang='lat' dir='ltr'>tus</span> <span class='ocrx_word' id='word_1_18' title='bbox 1073 364 1100 410; x_wconf 88' lang='lat' dir='ltr'>et</span> <span class='ocrx_word' id='word_1_19' title='bbox 1120 354 1246 409; x_wconf 83' lang='lat' dir='ltr'>Etlierius</span> <span class='ocrx_word' id='word_1_20' title='bbox 1260 355 1286 409; x_wconf 92' lang='lat' dir='ltr'>in</span> <span class='ocrx_word' id='word_1_21' title='bbox 1307 369 1388 423; x_wconf 86' lang='lat' dir='ltr'>opere</span> <span class='ocrx_word' id='word_1_22' title='bbox 1403 352 1530 409; x_wconf 84' lang='lat' dir='ltr'>adversus</span> <span class='ocrx_word' id='word_1_23' title='bbox 1544 365 1664 407; x_wconf 86' lang='lat' dir='ltr'>errorem</span> <span class='ocrx_word' id='word_1_24' title='bbox 1676 351 1806 420; x_wconf 77' lang='lat' dir='ltr'>humus-</span> 
     </span>
     <span class='ocr_line' id='line_1_3' title="bbox 175 423 1793 505; baseline -0.007 -16"><span class='ocrx_word' id='word_1_25' title='bbox 175 435 256 489; x_wconf 87' lang='lat' dir='ltr'>lidem</span> <span class='ocrx_word' id='word_1_26' title='bbox 272 431 374 487; x_wconf 80' lang='lat' dir='ltr'>lucubri</span> <span class='ocrx_word' id='word_1_27' title='bbox 389 438 496 500; x_wconf 78' lang='lat' dir='ltr'>satages</span> <span class='ocrx_word' id='word_1_28' title='bbox 508 428 672 497; x_wconf 76' lang='lat' dir='ltr'>obiectioue;</span> <span class='ocrx_word' id='word_1_29' title='bbox 687 438 712 482; x_wconf 85' lang='lat' dir='ltr'>es</span> <span class='ocrx_word' id='word_1_30' title='bbox 727 428 789 480; x_wconf 73' lang='lat' dir='ltr'>detra</span> <span class='ocrx_word' id='word_1_31' title='bbox 804 429 917 497; x_wconf 82' lang='lat' dir='ltr'>vipereos</span> <span class='ocrx_word' id='word_1_32' title='bbox 930 427 964 480; x_wconf 88' lang='lat' dir='ltr'>si·</span> <span class='ocrx_word' id='word_1_33' title='bbox 1016 440 1111 480; x_wconf 91' lang='lat' dir='ltr'>norum</span> <span class='ocrx_word' id='word_1_34' title='bbox 1126 425 1238 494; x_wconf 90' lang='lat' dir='ltr'>scripto,</span> <span class='ocrx_word' id='word_1_35' title='bbox 1249 426 1347 492; x_wconf 78' lang='lat' dir='ltr'>saepius</span> <span class='ocrx_word' id='word_1_36' title='bbox 1359 423 1524 491; x_wconf 81' lang='lat' dir='ltr'>jactabundo</span> <span class='ocrx_word' id='word_1_37' title='bbox 1538 423 1669 505; x_wconf 69' lang='lat' dir='ltr'>gloriatur</span> <span class='ocrx_word' id='word_1_38' title='bbox 1682 423 1716 476; x_wconf 83' lang='lat' dir='ltr'>tle</span> <span class='ocrx_word' id='word_1_39' title='bbox 1740 437 1793 504; x_wconf 90' lang='lat' dir='ltr'>sup</span> 
     </span>
     <span class='ocr_line' id='line_1_4' title="bbox 176 492 1806 618; baseline -0.007 -60"><span class='ocrx_word' id='word_1_40' title='bbox 176 503 241 558; x_wconf 81' lang='lat' dir='ltr'>iilos</span> <span class='ocrx_word' id='word_1_41' title='bbox 254 501 425 575; x_wconf 71' lang='lat' dir='ltr'>(Arianorum</span> <span class='ocrx_word' id='word_1_42' title='bbox 440 502 489 554; x_wconf 88' lang='lat' dir='ltr'>abs</span> <span class='ocrx_word' id='word_1_43' title='bbox 502 500 593 569; x_wconf 75' lang='lat' dir='ltr'>liuttici</span> <span class='ocrx_word' id='word_1_44' title='bbox 609 499 736 566; x_wconf 78' lang='lat' dir='ltr'>prurienti</span> <span class='ocrx_word' id='word_1_45' title='bbox 755 497 832 566; x_wconf 78' lang='lat' dir='ltr'>finpis</span> <span class='ocrx_word' id='word_1_46' title='bbox 845 495 967 549; x_wconf 80' lang='lat' dir='ltr'>curicula</span> <span class='ocrx_word' id='word_1_47' title='bbox 1016 510 1109 566; x_wconf 87' lang='lat' dir='ltr'>pressa</span> <span class='ocrx_word' id='word_1_48' title='bbox 1117 510 1171 618; x_wconf 52' lang='lat' dir='ltr'>ff</span> <span class='ocrx_word' id='word_1_49' title='bbox 1184 495 1344 548; x_wconf 87' lang='lat' dir='ltr'>industriam</span> <span class='ocrx_word' id='word_1_50' title='bbox 1367 509 1443 548; x_wconf 90' lang='lat' dir='ltr'>suam</span> <span class='ocrx_word' id='word_1_51' title='bbox 1457 493 1599 563; x_wconf 82' lang='lat' dir='ltr'>lligetrana</span> <span class='ocrx_word' id='word_1_52' title='bbox 1614 492 1721 556; x_wconf 81' lang='lat' dir='ltr'>lraeresi,</span> <span class='ocrx_word' id='word_1_53' title='bbox 1738 507 1806 566; x_wconf 76' lang='lat' dir='ltr'>quur</span> 
     </span>
     <span class='ocr_line' id='line_1_5' title="bbox 175 561 1806 641; baseline -0.007 -14"><span class='ocrx_word' id='word_1_54' title='bbox 175 574 301 641; x_wconf 69' lang='lat' dir='ltr'>refutare,</span> <span class='ocrx_word' id='word_1_55' title='bbox 314 568 443 641; x_wconf 81' lang='lat' dir='ltr'>pestifero</span> <span class='ocrx_word' id='word_1_56' title='bbox 459 569 560 639; x_wconf 79' lang='lat' dir='ltr'>aspidis</span> <span class='ocrx_word' id='word_1_57' title='bbox 584 583 687 623; x_wconf 81' lang='lat' dir='ltr'>vesteno</span> <span class='ocrx_word' id='word_1_58' title='bbox 707 568 846 637; x_wconf 80' lang='lat' dir='ltr'>regulique</span> <span class='ocrx_word' id='word_1_59' title='bbox 859 566 892 621; x_wconf 90' lang='lat' dir='ltr'>ad</span> <span class='ocrx_word' id='word_1_60' title='bbox 909 580 967 620; x_wconf 90' lang='lat' dir='ltr'>mo·</span> <span class='ocrx_word' id='word_1_61' title='bbox 1015 566 1057 620; x_wconf 80' lang='lat' dir='ltr'>rel</span> <span class='ocrx_word' id='word_1_62' title='bbox 1069 579 1117 618; x_wconf 83' lang='lat' dir='ltr'>ver</span> <span class='ocrx_word' id='word_1_63' title='bbox 1165 563 1238 618; x_wconf 90' lang='lat' dir='ltr'>illius</span> <span class='ocrx_word' id='word_1_64' title='bbox 1260 564 1385 633; x_wconf 78' lang='lat' dir='ltr'>dogmata</span> <span class='ocrx_word' id='word_1_65' title='bbox 1407 572 1534 632; x_wconf 84' lang='lat' dir='ltr'>exponat.</span> <span class='ocrx_word' id='word_1_66' title='bbox 1557 562 1667 618; x_wconf 88' lang='lat' dir='ltr'>iuterim</span> <span class='ocrx_word' id='word_1_67' title='bbox 1683 561 1806 617; x_wconf 78' lang='lat' dir='ltr'>nonnihu</span> 
     </span>
     <span class='ocr_line' id='line_1_6' title="bbox 175 633 1806 706; baseline -0.006 -9"><span class='ocrx_word' id='word_1_68' title='bbox 175 640 395 697; x_wconf 86' lang='lat' dir='ltr'>duminlamaris</span> <span class='ocrx_word' id='word_1_69' title='bbox 415 637 625 693; x_wconf 73' lang='lat' dir='ltr'>batanaeae.»</span> <span class='ocrx_word' id='word_1_70' title='bbox 649 636 967 706; x_wconf 80' lang='lat' dir='ltr'>lpscetiamh&#39;lipaudns</span> <span class='ocrx_word' id='word_1_71' title='bbox 1016 650 1031 688; x_wconf 92' lang='lat' dir='ltr'>a</span> <span class='ocrx_word' id='word_1_72' title='bbox 1068 634 1261 691; x_wconf 89' lang='lat' dir='ltr'>rtiuseadere</span> <span class='ocrx_word' id='word_1_73' title='bbox 1275 633 1392 704; x_wconf 90' lang='lat' dir='ltr'>loquitur</span> <span class='ocrx_word' id='word_1_74' title='bbox 1407 634 1434 686; x_wconf 91' lang='lat' dir='ltr'>in</span> <span class='ocrx_word' id='word_1_75' title='bbox 1448 633 1561 703; x_wconf 89' lang='lat' dir='ltr'>epistola</span> <span class='ocrx_word' id='word_1_76' title='bbox 1577 633 1713 702; x_wconf 88' lang='lat' dir='ltr'>adipsum</span> <span class='ocrx_word' id='word_1_77' title='bbox 1731 633 1806 688; x_wconf 89' lang='lat' dir='ltr'>buue</span> 
     </span>
     <span class='ocr_line' id='line_1_7' title="bbox 175 701 1807 782; baseline -0.006 -15"><span class='ocrx_word' id='word_1_78' title='bbox 175 712 294 782; x_wconf 92' lang='lat' dir='ltr'>opinioni</span> <span class='ocrx_word' id='word_1_79' title='bbox 308 718 408 765; x_wconf 73' lang='lat' dir='ltr'>nostre</span> <span class='ocrx_word' id='word_1_80' title='bbox 420 709 526 780; x_wconf 91' lang='lat' dir='ltr'>plenum</span> <span class='ocrx_word' id='word_1_81' title='bbox 541 710 623 762; x_wconf 79' lang='lat' dir='ltr'>ribur</span> <span class='ocrx_word' id='word_1_82' title='bbox 643 707 727 770; x_wconf 88' lang='lat' dir='ltr'>addit,</span> <span class='ocrx_word' id='word_1_83' title='bbox 742 706 807 761; x_wconf 89' lang='lat' dir='ltr'>dum</span> <span class='ocrx_word' id='word_1_84' title='bbox 820 707 847 760; x_wconf 94' lang='lat' dir='ltr'>in</span> <span class='ocrx_word' id='word_1_85' title='bbox 858 705 967 776; x_wconf 76' lang='lat' dir='ltr'>serip&#39;is</span> <span class='ocrx_word' id='word_1_86' title='bbox 1044 704 1152 776; x_wconf 76' lang='lat' dir='ltr'>igetium</span> <span class='ocrx_word' id='word_1_87' title='bbox 1165 704 1237 764; x_wconf 91' lang='lat' dir='ltr'>data,</span> <span class='ocrx_word' id='word_1_88' title='bbox 1250 718 1330 771; x_wconf 92' lang='lat' dir='ltr'>quam</span> <span class='ocrx_word' id='word_1_89' title='bbox 1343 719 1397 758; x_wconf 92' lang='lat' dir='ltr'>non</span> <span class='ocrx_word' id='word_1_90' title='bbox 1418 704 1453 757; x_wconf 92' lang='lat' dir='ltr'>ita</span> <span class='ocrx_word' id='word_1_91' title='bbox 1467 704 1571 774; x_wconf 81' lang='lat' dir='ltr'>pridem</span> <span class='ocrx_word' id='word_1_92' title='bbox 1591 702 1696 759; x_wconf 86' lang='lat' dir='ltr'>clariss.</span> <span class='ocrx_word' id='word_1_93' title='bbox 1712 701 1807 758; x_wconf 84' lang='lat' dir='ltr'>Flore-</span> 
     </span>
     <span class='ocr_line' id='line_1_8' title="bbox 176 772 1806 855; baseline -0.006 -18"><span class='ocrx_word' id='word_1_94' title='bbox 176 784 233 837; x_wconf 87' lang='lat' dir='ltr'>suis</span> <span class='ocrx_word' id='word_1_95' title='bbox 255 781 396 836; x_wconf 89' lang='lat' dir='ltr'>lllcuinum</span> <span class='ocrx_word' id='word_1_96' title='bbox 419 795 489 850; x_wconf 83' lang='lat' dir='ltr'>saepe</span> <span class='ocrx_word' id='word_1_97' title='bbox 508 793 605 833; x_wconf 85' lang='lat' dir='ltr'>norum</span> <span class='ocrx_word' id='word_1_98' title='bbox 629 786 707 831; x_wconf 86' lang='lat' dir='ltr'>vocat</span> <span class='ocrx_word' id='word_1_99' title='bbox 721 777 830 842; x_wconf 83' lang='lat' dir='ltr'>hrium;</span> <span class='ocrx_word' id='word_1_100' title='bbox 847 777 967 846; x_wconf 89' lang='lat' dir='ltr'>adoptio-</span> <span class='ocrx_word' id='word_1_101' title='bbox 1016 775 1073 830; x_wconf 89' lang='lat' dir='ltr'>sius</span> <span class='ocrx_word' id='word_1_102' title='bbox 1084 775 1110 827; x_wconf 91' lang='lat' dir='ltr'>in</span> <span class='ocrx_word' id='word_1_103' title='bbox 1125 773 1261 842; x_wconf 81' lang='lat' dir='ltr'>llispaniae</span> <span class='ocrx_word' id='word_1_104' title='bbox 1273 774 1364 828; x_wconf 79' lang='lat' dir='ltr'>Sacrae</span> <span class='ocrx_word' id='word_1_105' title='bbox 1376 782 1442 828; x_wconf 86' lang='lat' dir='ltr'>tem.</span> <span class='ocrx_word' id='word_1_106' title='bbox 1465 774 1497 838; x_wconf 80' lang='lat' dir='ltr'>l,</span> <span class='ocrx_word' id='word_1_107' title='bbox 1514 787 1576 842; x_wconf 78' lang='lat' dir='ltr'>pag.</span> <span class='ocrx_word' id='word_1_108' title='bbox 1589 772 1653 836; x_wconf 67' lang='lat'>543,</span> <span class='ocrx_word' id='word_1_109' title='bbox 1673 772 1806 855; x_wconf 67' lang='lat' dir='ltr'>vulgavit.</span> 
     </span>
     <span class='ocr_line' id='line_1_9' title="bbox 176 843 1809 920; baseline -0.006 -13"><span class='ocrx_word' id='word_1_110' title='bbox 176 868 237 907; x_wconf 91' lang='lat' dir='ltr'>nem</span> <span class='ocrx_word' id='word_1_111' title='bbox 259 850 352 920; x_wconf 87' lang='lat' dir='ltr'>negari</span> <span class='ocrx_word' id='word_1_112' title='bbox 374 849 444 904; x_wconf 92' lang='lat' dir='ltr'>baud</span> <span class='ocrx_word' id='word_1_113' title='bbox 465 864 543 919; x_wconf 90' lang='lat' dir='ltr'>posse</span> <span class='ocrx_word' id='word_1_114' title='bbox 566 849 733 911; x_wconf 84' lang='lat' dir='ltr'>existimans,</span> <span class='ocrx_word' id='word_1_115' title='bbox 755 848 819 916; x_wconf 93' lang='lat' dir='ltr'>quin</span> <span class='ocrx_word' id='word_1_116' title='bbox 842 847 966 901; x_wconf 76' lang='lat' dir='ltr'>divinitas</span> <span class='ocrx_word' id='word_1_117' title='bbox 1016 844 1115 899; x_wconf 84' lang='lat' dir='ltr'>Exilia</span> <span class='ocrx_word' id='word_1_118' title='bbox 1138 844 1267 898; x_wconf 84' lang='lat' dir='ltr'>discimus</span> <span class='ocrx_word' id='word_1_119' title='bbox 1290 844 1430 912; x_wconf 72' lang='lat' dir='ltr'>capitalem</span> <span class='ocrx_word' id='word_1_120' title='bbox 1456 843 1557 912; x_wconf 76' lang='lat' dir='ltr'>lligetii</span> <span class='ocrx_word' id='word_1_121' title='bbox 1573 857 1696 899; x_wconf 85' lang='lat' dir='ltr'>errorem</span> <span class='ocrx_word' id='word_1_122' title='bbox 1723 859 1750 897; x_wconf 88' lang='lat' dir='ltr'>tu</span> <span class='ocrx_word' id='word_1_123' title='bbox 1775 858 1809 898; x_wconf 88' lang='lat' dir='ltr'>eo</span> 
     </span>
     <span class='ocr_line' id='line_1_10' title="bbox 177 913 1809 991; baseline -0.005 -14"><span class='ocrx_word' id='word_1_124' title='bbox 177 921 258 977; x_wconf 79' lang='lat' dir='ltr'>l&#39;erbi</span> <span class='ocrx_word' id='word_1_125' title='bbox 274 929 401 991; x_wconf 67' lang='lat' dir='ltr'>uegetum</span> <span class='ocrx_word' id='word_1_126' title='bbox 417 919 480 972; x_wconf 83' lang='lat' dir='ltr'>datm</span> <span class='ocrx_word' id='word_1_127' title='bbox 501 919 610 986; x_wconf 77' lang='lat' dir='ltr'>insuper</span> <span class='ocrx_word' id='word_1_128' title='bbox 625 918 651 972; x_wconf 91' lang='lat' dir='ltr'>iu</span> <span class='ocrx_word' id='word_1_129' title='bbox 673 917 786 986; x_wconf 89' lang='lat' dir='ltr'>epistola</span> <span class='ocrx_word' id='word_1_130' title='bbox 799 917 832 971; x_wconf 92' lang='lat' dir='ltr'>ad</span> <span class='ocrx_word' id='word_1_131' title='bbox 847 916 966 971; x_wconf 75' lang='lat' dir='ltr'>Fidelem</span> <span class='ocrx_word' id='word_1_132' title='bbox 1016 913 1110 979; x_wconf 85' lang='lat' dir='ltr'>luisse,</span> <span class='ocrx_word' id='word_1_133' title='bbox 1124 914 1196 983; x_wconf 91' lang='lat' dir='ltr'>quod</span> <span class='ocrx_word' id='word_1_134' title='bbox 1212 922 1266 968; x_wconf 89' lang='lat' dir='ltr'>tres</span> <span class='ocrx_word' id='word_1_135' title='bbox 1290 928 1421 982; x_wconf 87' lang='lat' dir='ltr'>personas</span> <span class='ocrx_word' id='word_1_136' title='bbox 1441 914 1468 967; x_wconf 95' lang='lat' dir='ltr'>in</span> <span class='ocrx_word' id='word_1_137' title='bbox 1498 913 1641 967; x_wconf 90' lang='lat' dir='ltr'>divinitate</span> <span class='ocrx_word' id='word_1_138' title='bbox 1658 928 1809 983; x_wconf 82' lang='lat' dir='ltr'>corporeas</span> 
     </span>
     <span class='ocr_line' id='line_1_11' title="bbox 176 982 1809 1057; baseline -0.004 -11"><span class='ocrx_word' id='word_1_139' title='bbox 176 992 300 1046; x_wconf 76' lang='lat' dir='ltr'>abbatem</span> <span class='ocrx_word' id='word_1_140' title='bbox 319 991 357 1043; x_wconf 91' lang='lat' dir='ltr'>ait</span> <span class='ocrx_word' id='word_1_141' title='bbox 373 1006 379 1041; x_wconf 93' lang='lat'>:</span> <span class='ocrx_word' id='word_1_142' title='bbox 398 1006 407 1039; x_wconf 90' lang='grc' dir='ltr'>ι</span> <span class='ocrx_word' id='word_1_143' title='bbox 430 986 552 1041; x_wconf 83' lang='lat' dir='ltr'>Bonosus</span> <span class='ocrx_word' id='word_1_144' title='bbox 565 997 594 1042; x_wconf 91' lang='lat' dir='ltr'>et</span> <span class='ocrx_word' id='word_1_145' title='bbox 607 988 705 1042; x_wconf 81' lang='lat' dir='ltr'>Beatus</span> <span class='ocrx_word' id='word_1_146' title='bbox 723 988 780 1057; x_wconf 89' lang='lat' dir='ltr'>pari</span> <span class='ocrx_word' id='word_1_147' title='bbox 795 1002 888 1042; x_wconf 89' lang='lat' dir='ltr'>errore</span> <span class='ocrx_word' id='word_1_148' title='bbox 903 1001 966 1041; x_wconf 91' lang='lat' dir='ltr'>cou—</span> <span class='ocrx_word' id='word_1_149' title='bbox 1016 983 1150 1049; x_wconf 90' lang='lat' dir='ltr'>statuerit,</span> <span class='ocrx_word' id='word_1_150' title='bbox 1167 983 1259 1038; x_wconf 89' lang='lat' dir='ltr'>dicens</span> <span class='ocrx_word' id='word_1_151' title='bbox 1277 982 1365 1038; x_wconf 88' lang='lat' dir='ltr'>Patris</span> <span class='ocrx_word' id='word_1_152' title='bbox 1376 998 1517 1052; x_wconf 87' lang='lat' dir='ltr'>personam</span> <span class='ocrx_word' id='word_1_153' title='bbox 1530 997 1590 1038; x_wconf 90' lang='lat' dir='ltr'>esse</span> <span class='ocrx_word' id='word_1_154' title='bbox 1601 982 1743 1048; x_wconf 83' lang='lat' dir='ltr'>Davidem,</span> <span class='ocrx_word' id='word_1_155' title='bbox 1759 984 1809 1039; x_wconf 88' lang='lat' dir='ltr'>Fi·</span> 
     </span>
     <span class='ocr_line' id='line_1_12' title="bbox 176 1052 1810 1126; baseline -0.004 -10"><span class='ocrx_word' id='word_1_156' title='bbox 176 1061 294 1116; x_wconf 88' lang='lat' dir='ltr'>demnati</span> <span class='ocrx_word' id='word_1_157' title='bbox 308 1065 381 1115; x_wconf 80' lang='lat' dir='ltr'>scrut.</span> <span class='ocrx_word' id='word_1_158' title='bbox 404 1057 449 1113; x_wconf 90' lang='lat' dir='ltr'>lile</span> <span class='ocrx_word' id='word_1_159' title='bbox 464 1057 578 1112; x_wconf 88' lang='lat' dir='ltr'>credidit</span> <span class='ocrx_word' id='word_1_160' title='bbox 600 1057 633 1112; x_wconf 90' lang='lat' dir='ltr'>de</span> <span class='ocrx_word' id='word_1_161' title='bbox 652 1066 738 1112; x_wconf 91' lang='lat' dir='ltr'>matre</span> <span class='ocrx_word' id='word_1_162' title='bbox 759 1057 924 1126; x_wconf 84' lang='lat' dir='ltr'>adoptiuum,</span> <span class='ocrx_word' id='word_1_163' title='bbox 939 1064 967 1109; x_wconf 91' lang='lat' dir='ltr'>ct</span> <span class='ocrx_word' id='word_1_164' title='bbox 1016 1053 1046 1109; x_wconf 94' lang='lat' dir='ltr'>lii</span> <span class='ocrx_word' id='word_1_165' title='bbox 1072 1054 1164 1109; x_wconf 81' lang='lat' dir='ltr'>Jcsirm</span> <span class='ocrx_word' id='word_1_166' title='bbox 1181 1068 1196 1107; x_wconf 92' lang='lat' dir='ltr'>a</span> <span class='ocrx_word' id='word_1_167' title='bbox 1217 1052 1362 1118; x_wconf 81' lang='lat' dir='ltr'>Nazareth,</span> <span class='ocrx_word' id='word_1_168' title='bbox 1379 1052 1498 1122; x_wconf 87' lang='lat' dir='ltr'>Spiritus</span> <span class='ocrx_word' id='word_1_169' title='bbox 1513 1054 1600 1109; x_wconf 89' lang='lat' dir='ltr'>sancti</span> <span class='ocrx_word' id='word_1_170' title='bbox 1613 1068 1678 1108; x_wconf 82' lang='lat' dir='ltr'>vero</span> <span class='ocrx_word' id='word_1_171' title='bbox 1692 1052 1810 1110; x_wconf 84' lang='lat' dir='ltr'>Paulum</span> 
     </span>
     <span class='ocr_line' id='line_1_13' title="bbox 177 1122 1808 1197; baseline -0.004 -12"><span class='ocrx_word' id='word_1_172' title='bbox 177 1147 230 1185; x_wconf 92' lang='lat' dir='ltr'>non</span> <span class='ocrx_word' id='word_1_173' title='bbox 246 1132 280 1185; x_wconf 91' lang='lat' dir='ltr'>dc</span> <span class='ocrx_word' id='word_1_174' title='bbox 292 1129 371 1183; x_wconf 85' lang='lat' dir='ltr'>Patre</span> <span class='ocrx_word' id='word_1_175' title='bbox 390 1133 452 1181; x_wconf 90' lang='lat' dir='ltr'>ante</span> <span class='ocrx_word' id='word_1_176' title='bbox 466 1128 563 1181; x_wconf 74' lang='lat' dir='ltr'>saecula</span> <span class='ocrx_word' id='word_1_177' title='bbox 577 1128 714 1197; x_wconf 75' lang='lat' dir='ltr'>genitum3</span> <span class='ocrx_word' id='word_1_178' title='bbox 731 1136 821 1181; x_wconf 89' lang='lat' dir='ltr'>etnou</span> <span class='ocrx_word' id='word_1_179' title='bbox 834 1127 866 1180; x_wconf 92' lang='lat' dir='ltr'>de</span> <span class='ocrx_word' id='word_1_180' title='bbox 880 1134 966 1180; x_wconf 89' lang='lat' dir='ltr'>matre</span> <span class='ocrx_word' id='word_1_181' title='bbox 1016 1125 1178 1193; x_wconf 88' lang='lat' dir='ltr'>apostolum.</span> <span class='ocrx_word' id='word_1_182' title='bbox 1205 1123 1329 1178; x_wconf 87' lang='lat' dir='ltr'>Crassior</span> <span class='ocrx_word' id='word_1_183' title='bbox 1358 1122 1478 1193; x_wconf 88' lang='lat' dir='ltr'>prolecto</span> <span class='ocrx_word' id='word_1_184' title='bbox 1501 1139 1580 1178; x_wconf 90' lang='lat' dir='ltr'>error</span> <span class='ocrx_word' id='word_1_185' title='bbox 1604 1123 1657 1178; x_wconf 89' lang='lat' dir='ltr'>iste</span> <span class='ocrx_word' id='word_1_186' title='bbox 1685 1124 1808 1188; x_wconf 63' lang='lat' dir='ltr'>sirletus,</span> 
     </span>
     <span class='ocr_line' id='line_1_14' title="bbox 178 1193 1810 1270; baseline -0.002 -17"><span class='ocrx_word' id='word_1_187' title='bbox 178 1199 361 1270; x_wconf 86' lang='lat' dir='ltr'>temporaliter</span> <span class='ocrx_word' id='word_1_188' title='bbox 383 1196 548 1267; x_wconf 80' lang='lat' dir='ltr'>adoptivum.</span> <span class='ocrx_word' id='word_1_189' title='bbox 568 1216 578 1249; x_wconf 86' lang='grc' dir='ltr'>ι</span> <span class='ocrx_word' id='word_1_190' title='bbox 605 1198 643 1251; x_wconf 81' lang='lat' dir='ltr'>Fr</span> <span class='ocrx_word' id='word_1_191' title='bbox 660 1197 758 1265; x_wconf 92' lang='lat' dir='ltr'>quibus</span> <span class='ocrx_word' id='word_1_192' title='bbox 779 1196 903 1251; x_wconf 89' lang='lat' dir='ltr'>omnibus</span> <span class='ocrx_word' id='word_1_193' title='bbox 926 1197 966 1249; x_wconf 91' lang='lat' dir='ltr'>in-</span> <span class='ocrx_word' id='word_1_194' title='bbox 1016 1207 1098 1262; x_wconf 83' lang='lat' dir='ltr'>quam</span> <span class='ocrx_word' id='word_1_195' title='bbox 1116 1194 1283 1248; x_wconf 87' lang='lat' dir='ltr'>utcrcdatur</span> <span class='ocrx_word' id='word_1_196' title='bbox 1295 1193 1458 1249; x_wconf 86' lang='lat' dir='ltr'>assertiones</span> <span class='ocrx_word' id='word_1_197' title='bbox 1473 1193 1545 1248; x_wconf 92' lang='lat' dir='ltr'>illius</span> <span class='ocrx_word' id='word_1_198' title='bbox 1562 1194 1595 1248; x_wconf 87' lang='lat' dir='ltr'>ad</span> <span class='ocrx_word' id='word_1_199' title='bbox 1611 1193 1731 1250; x_wconf 89' lang='lat' dir='ltr'>litteram</span> <span class='ocrx_word' id='word_1_200' title='bbox 1746 1208 1810 1249; x_wconf 85' lang='lat' dir='ltr'>csse</span> 
     </span>
     <span class='ocr_line' id='line_1_15' title="bbox 176 1262 1810 1349; baseline -0.002 -25"><span class='ocrx_word' id='word_1_201' title='bbox 176 1266 443 1349; x_wconf 83' lang='lat' dir='ltr'>lertrrr,Elipandu1u</span> <span class='ocrx_word' id='word_1_202' title='bbox 457 1267 575 1321; x_wconf 81' lang='lat' dir='ltr'>maxime</span> <span class='ocrx_word' id='word_1_203' title='bbox 597 1275 652 1320; x_wconf 90' lang='lat' dir='ltr'>tum</span> <span class='ocrx_word' id='word_1_204' title='bbox 666 1267 809 1322; x_wconf 87' lang='lat' dir='ltr'>sollicitum</span> <span class='ocrx_word' id='word_1_205' title='bbox 828 1265 922 1328; x_wconf 80' lang='lat' dir='ltr'>irrisae,</span> <span class='ocrx_word' id='word_1_206' title='bbox 937 1274 966 1320; x_wconf 94' lang='lat' dir='ltr'>ut</span> <span class='ocrx_word' id='word_1_207' title='bbox 1017 1263 1200 1333; x_wconf 89' lang='lat' dir='ltr'>accipiendas,</span> <span class='ocrx_word' id='word_1_208' title='bbox 1211 1262 1278 1317; x_wconf 90' lang='lat' dir='ltr'>adeo</span> <span class='ocrx_word' id='word_1_209' title='bbox 1293 1270 1323 1316; x_wconf 93' lang='lat' dir='ltr'>ut</span> <span class='ocrx_word' id='word_1_210' title='bbox 1335 1277 1368 1316; x_wconf 88' lang='lat' dir='ltr'>ex</span> <span class='ocrx_word' id='word_1_211' title='bbox 1382 1273 1473 1317; x_wconf 90' lang='lat' dir='ltr'>mente</span> <span class='ocrx_word' id='word_1_212' title='bbox 1488 1263 1522 1317; x_wconf 84' lang='lat' dir='ltr'>lli</span> <span class='ocrx_word' id='word_1_213' title='bbox 1541 1264 1588 1318; x_wconf 90' lang='lat' dir='ltr'>etii</span> <span class='ocrx_word' id='word_1_214' title='bbox 1610 1279 1735 1334; x_wconf 72' lang='lat' dir='ltr'>personae</span> <span class='ocrx_word' id='word_1_215' title='bbox 1755 1264 1810 1321; x_wconf 77' lang='lat' dir='ltr'>illas</span> 
     </span>
     <span class='ocr_line' id='line_1_16' title="bbox 176 1279 1808 1408; baseline -0.002 -15"><span class='ocrx_word' id='word_1_216' title='bbox 176 1339 244 1401; x_wconf 84' lang='grc' dir='ltr'>Αιιι,</span> <span class='ocrx_word' id='word_1_217' title='bbox 256 1348 284 1394; x_wconf 84' lang='grc' dir='ltr'>ιι</span> <span class='ocrx_word' id='word_1_218' title='bbox 294 1354 340 1407; x_wconf 89' lang='lat' dir='ltr'>qur</span> <span class='ocrx_word' id='word_1_219' title='bbox 352 1337 427 1408; x_wconf 86' lang='lat' dir='ltr'>paria</span> <span class='ocrx_word' id='word_1_220' title='bbox 440 1351 501 1390; x_wconf 92' lang='lat' dir='ltr'>cum</span> <span class='ocrx_word' id='word_1_221' title='bbox 512 1337 564 1392; x_wconf 89' lang='lat' dir='ltr'>isto</span> <span class='ocrx_word' id='word_1_222' title='bbox 576 1337 719 1401; x_wconf 88' lang='lat' dir='ltr'>sentiebat,</span> <span class='ocrx_word' id='word_1_223' title='bbox 733 1337 828 1391; x_wconf 77' lang='lat' dir='ltr'>lienosi</span> <span class='ocrx_word' id='word_1_224' title='bbox 840 1336 964 1400; x_wconf 73' lang='lat' dir='ltr'>haeresin,</span> <span class='ocrx_word' id='word_1_225' title='bbox 1017 1347 1154 1402; x_wconf 75' lang='lat' dir='ltr'>corporee</span> <span class='ocrx_word' id='word_1_226' title='bbox 1169 1333 1219 1401; x_wconf 90' lang='lat' dir='ltr'>ipsi</span> <span class='ocrx_word' id='word_1_227' title='bbox 1236 1332 1370 1386; x_wconf 83' lang='lat' dir='ltr'>divinitati</span> <span class='ocrx_word' id='word_1_228' title='bbox 1389 1279 1556 1388; x_wconf 52' lang='lat' dir='ltr'>ascribenrfua</span> <span class='ocrx_word' id='word_1_229' title='bbox 1579 1334 1701 1388; x_wconf 82' lang='lat' dir='ltr'>veniant.</span> <span class='ocrx_word' id='word_1_230' title='bbox 1727 1333 1808 1390; x_wconf 87' lang='lat' dir='ltr'>Unde</span> 
     </span>
     <span class='ocr_line' id='line_1_17' title="bbox 176 1402 1809 1478; baseline -0.004 -14"><span class='ocrx_word' id='word_1_231' title='bbox 176 1408 347 1478; x_wconf 85' lang='lat' dir='ltr'>adoptionem</span> <span class='ocrx_word' id='word_1_232' title='bbox 359 1406 410 1474; x_wconf 91' lang='lat' dir='ltr'>ipsi</span> <span class='ocrx_word' id='word_1_233' title='bbox 421 1406 607 1461; x_wconf 86' lang='lat' dir='ltr'>Verbodivino</span> <span class='ocrx_word' id='word_1_234' title='bbox 616 1406 677 1460; x_wconf 87' lang='lat' dir='ltr'>allio</span> <span class='ocrx_word' id='word_1_235' title='bbox 697 1416 796 1468; x_wconf 88' lang='lat' dir='ltr'>entem,</span> <span class='ocrx_word' id='word_1_236' title='bbox 808 1405 965 1470; x_wconf 85' lang='lat' dir='ltr'>declinaret,</span> <span class='ocrx_word' id='word_1_237' title='bbox 1017 1417 1071 1456; x_wconf 91' lang='lat' dir='ltr'>uon</span> <span class='ocrx_word' id='word_1_238' title='bbox 1085 1402 1133 1457; x_wconf 90' lang='lat' dir='ltr'>abs</span> <span class='ocrx_word' id='word_1_239' title='bbox 1146 1417 1176 1456; x_wconf 92' lang='lat' dir='ltr'>rc</span> <span class='ocrx_word' id='word_1_240' title='bbox 1190 1402 1368 1472; x_wconf 90' lang='lat' dir='ltr'>suspicamur,</span> <span class='ocrx_word' id='word_1_241' title='bbox 1390 1418 1499 1458; x_wconf 88' lang='lat' dir='ltr'>sensum</span> <span class='ocrx_word' id='word_1_242' title='bbox 1519 1403 1600 1456; x_wconf 91' lang='lat' dir='ltr'>alium</span> <span class='ocrx_word' id='word_1_243' title='bbox 1627 1402 1724 1467; x_wconf 85' lang='lat' dir='ltr'>latere,</span> <span class='ocrx_word' id='word_1_244' title='bbox 1738 1419 1809 1474; x_wconf 80' lang='lat' dir='ltr'>prae-</span> 
     </span>
     <span class='ocr_line' id='line_1_18' title="bbox 176 1422 1807 1598; baseline -0.002 -65"><span class='ocrx_word' id='word_1_245' title='bbox 176 1478 425 1598; x_wconf 71' lang='lat' dir='ltr'>supprimeretspe,</span> <span class='ocrx_word' id='word_1_246' title='bbox 448 1484 529 1556; x_wconf 85' lang='lat' dir='ltr'>atque</span> <span class='ocrx_word' id='word_1_247' title='bbox 546 1476 647 1531; x_wconf 88' lang='lat' dir='ltr'>ideirco</span> <span class='ocrx_word' id='word_1_248' title='bbox 670 1422 871 1531; x_wconf 55' lang='lat' dir='ltr'>distinctionem</span> <span class='ocrx_word' id='word_1_249' title='bbox 893 1475 966 1530; x_wconf 89' lang='lat' dir='ltr'>illam</span> <span class='ocrx_word' id='word_1_250' title='bbox 1016 1472 1111 1528; x_wconf 84' lang='lat' dir='ltr'>sertim</span> <span class='ocrx_word' id='word_1_251' title='bbox 1125 1472 1148 1527; x_wconf 91' lang='lat' dir='ltr'>si</span> <span class='ocrx_word' id='word_1_252' title='bbox 1163 1472 1366 1527; x_wconf 88' lang='lat' dir='ltr'>consideremus</span> <span class='ocrx_word' id='word_1_253' title='bbox 1377 1472 1514 1542; x_wconf 81' lang='lat' dir='ltr'>lligetium</span> <span class='ocrx_word' id='word_1_254' title='bbox 1526 1473 1591 1527; x_wconf 86' lang='lat' dir='ltr'>alias</span> <span class='ocrx_word' id='word_1_255' title='bbox 1604 1473 1676 1543; x_wconf 90' lang='lat' dir='ltr'>apud</span> <span class='ocrx_word' id='word_1_256' title='bbox 1687 1472 1807 1542; x_wconf 64' lang='lat' dir='ltr'>plebem,</span> 
     </span>
     <span class='ocr_line' id='line_1_19' title="bbox 177 1541 1806 1614; baseline -0.002 -10"><span class='ocrx_word' id='word_1_257' title='bbox 177 1549 249 1604; x_wconf 90' lang='lat' dir='ltr'>inter</span> <span class='ocrx_word' id='word_1_258' title='bbox 272 1555 367 1601; x_wconf 91' lang='lat' dir='ltr'>natura</span> <span class='ocrx_word' id='word_1_259' title='bbox 378 1559 421 1598; x_wconf 89' lang='lat' dir='ltr'>em</span> <span class='ocrx_word' id='word_1_260' title='bbox 437 1544 544 1600; x_wconf 84' lang='lat' dir='ltr'>¹Fibum</span> <span class='ocrx_word' id='word_1_261' title='bbox 565 1546 653 1614; x_wconf 87' lang='lat' dir='ltr'>quoad</span> <span class='ocrx_word' id='word_1_262' title='bbox 675 1545 853 1606; x_wconf 84' lang='lat' dir='ltr'>divinitatem,</span> <span class='ocrx_word' id='word_1_263' title='bbox 870 1556 898 1599; x_wconf 93' lang='lat' dir='ltr'>et</span> <span class='ocrx_word' id='word_1_264' title='bbox 920 1544 966 1599; x_wconf 87' lang='lat' dir='ltr'>ad-</span> <span class='ocrx_word' id='word_1_265' title='bbox 1018 1542 1159 1610; x_wconf 89' lang='lat' dir='ltr'>ipsumque</span> <span class='ocrx_word' id='word_1_266' title='bbox 1181 1542 1263 1597; x_wconf 88' lang='lat' dir='ltr'>etiarn</span> <span class='ocrx_word' id='word_1_267' title='bbox 1280 1541 1438 1610; x_wconf 81' lang='lat' dir='ltr'>Elipandum</span> <span class='ocrx_word' id='word_1_268' title='bbox 1467 1544 1646 1599; x_wconf 86' lang='lat' dir='ltr'>orthodoxum</span> <span class='ocrx_word' id='word_1_269' title='bbox 1675 1543 1806 1608; x_wconf 83' lang='lat' dir='ltr'>audiisse,</span> 
     </span>
     <span class='ocr_line' id='line_1_20' title="bbox 176 1611 1806 1688; baseline -0.002 -16"><span class='ocrx_word' id='word_1_270' title='bbox 176 1619 296 1688; x_wconf 87' lang='lat' dir='ltr'>optivum</span> <span class='ocrx_word' id='word_1_271' title='bbox 309 1617 397 1684; x_wconf 90' lang='lat' dir='ltr'>quoad</span> <span class='ocrx_word' id='word_1_272' title='bbox 411 1614 606 1669; x_wconf 89' lang='lat' dir='ltr'>humanitatom</span> <span class='ocrx_word' id='word_1_273' title='bbox 623 1615 687 1669; x_wconf 92' lang='lat' dir='ltr'>olim</span> <span class='ocrx_word' id='word_1_274' title='bbox 697 1616 754 1686; x_wconf 74' lang='lat' dir='ltr'>lam</span> <span class='ocrx_word' id='word_1_275' title='bbox 767 1631 782 1669; x_wconf 94' lang='lat' dir='ltr'>a</span> <span class='ocrx_word' id='word_1_276' title='bbox 794 1614 965 1685; x_wconf 84' lang='lat' dir='ltr'>quibusdam,</span> <span class='ocrx_word' id='word_1_277' title='bbox 1017 1618 1099 1681; x_wconf 90' lang='lat' dir='ltr'>prout</span> <span class='ocrx_word' id='word_1_278' title='bbox 1111 1627 1145 1666; x_wconf 89' lang='lat' dir='ltr'>ex</span> <span class='ocrx_word' id='word_1_279' title='bbox 1157 1627 1232 1665; x_wconf 91' lang='lat' dir='ltr'>num.</span> <span class='ocrx_word' id='word_1_280' title='bbox 1248 1611 1265 1666; x_wconf 77' lang='lat' dir='ltr'>S</span> <span class='ocrx_word' id='word_1_281' title='bbox 1283 1612 1373 1667; x_wconf 71' lang='lat' dir='ltr'>citatae</span> <span class='ocrx_word' id='word_1_282' title='bbox 1387 1613 1507 1681; x_wconf 80' lang='lat' dir='ltr'>epistolae</span> <span class='ocrx_word' id='word_1_283' title='bbox 1523 1612 1652 1678; x_wconf 88' lang='lat' dir='ltr'>babetur;</span> <span class='ocrx_word' id='word_1_284' title='bbox 1676 1627 1709 1668; x_wconf 89' lang='lat' dir='ltr'>ac</span> <span class='ocrx_word' id='word_1_285' title='bbox 1729 1613 1806 1669; x_wconf 86' lang='lat' dir='ltr'>iusu-</span> 
     </span>
     <span class='ocr_line' id='line_1_21' title="bbox 176 1682 1807 1774; baseline -0.002 -32"><span class='ocrx_word' id='word_1_286' title='bbox 176 1697 208 1742; x_wconf 91' lang='lat' dir='ltr'>ut</span> <span class='ocrx_word' id='word_1_287' title='bbox 217 1688 332 1742; x_wconf 86' lang='lat' dir='ltr'>vidimus</span> <span class='ocrx_word' id='word_1_288' title='bbox 354 1693 521 1752; x_wconf 85' lang='lat' dir='ltr'>usurpatam,</span> <span class='ocrx_word' id='word_1_289' title='bbox 536 1687 623 1739; x_wconf 85' lang='lat' dir='ltr'>derruo</span> <span class='ocrx_word' id='word_1_290' title='bbox 638 1685 665 1738; x_wconf 95' lang='lat' dir='ltr'>in</span> <span class='ocrx_word' id='word_1_291' title='bbox 681 1684 829 1739; x_wconf 80' lang='lat' dir='ltr'>subsidium</span> <span class='ocrx_word' id='word_1_292' title='bbox 842 1699 964 1739; x_wconf 86' lang='lat' dir='ltr'>vocasse.</span> <span class='ocrx_word' id='word_1_293' title='bbox 981 1715 1005 1774; x_wconf 73' lang='lat' dir='ltr'>B</span> <span class='ocrx_word' id='word_1_294' title='bbox 1053 1697 1067 1736; x_wconf 93' lang='lat' dir='ltr'>r</span> <span class='ocrx_word' id='word_1_295' title='bbox 1086 1682 1224 1736; x_wconf 90' lang='lat' dir='ltr'>erroribus</span> <span class='ocrx_word' id='word_1_296' title='bbox 1242 1682 1403 1751; x_wconf 88' lang='lat' dir='ltr'>quibusdam</span> <span class='ocrx_word' id='word_1_297' title='bbox 1419 1682 1499 1750; x_wconf 77' lang='lat' dir='ltr'>liuius</span> <span class='ocrx_word' id='word_1_298' title='bbox 1522 1682 1638 1738; x_wconf 90' lang='lat' dir='ltr'>bominis</span> <span class='ocrx_word' id='word_1_299' title='bbox 1652 1683 1737 1739; x_wconf 91' lang='lat' dir='ltr'>etiam</span> <span class='ocrx_word' id='word_1_300' title='bbox 1758 1683 1807 1739; x_wconf 88' lang='lat' dir='ltr'>ad·</span> 
     </span>
     <span class='ocr_line' id='line_1_22' title="bbox 177 1750 1808 1831; baseline -0.002 -19"><span class='ocrx_word' id='word_1_301' title='bbox 177 1759 286 1812; x_wconf 86' lang='lat' dir='ltr'>Etvero</span> <span class='ocrx_word' id='word_1_302' title='bbox 297 1756 322 1809; x_wconf 92' lang='lat' dir='ltr'>in</span> <span class='ocrx_word' id='word_1_303' title='bbox 336 1754 502 1824; x_wconf 81' lang='lat' dir='ltr'>expositione</span> <span class='ocrx_word' id='word_1_304' title='bbox 516 1755 671 1809; x_wconf 85' lang='lat' dir='ltr'>corumdem</span> <span class='ocrx_word' id='word_1_305' title='bbox 686 1754 831 1825; x_wconf 83' lang='lat' dir='ltr'>Scripturas</span> <span class='ocrx_word' id='word_1_306' title='bbox 844 1762 965 1809; x_wconf 87' lang='lat' dir='ltr'>textuum</span> <span class='ocrx_word' id='word_1_307' title='bbox 1037 1752 1127 1806; x_wconf 78' lang='lat' dir='ltr'>ausisse</span> <span class='ocrx_word' id='word_1_308' title='bbox 1138 1750 1253 1831; x_wconf 75' lang='lat' dir='ltr'>Epilam,</span> <span class='ocrx_word' id='word_1_309' title='bbox 1264 1766 1344 1820; x_wconf 91' lang='lat' dir='ltr'>quem</span> <span class='ocrx_word' id='word_1_310' title='bbox 1362 1760 1451 1807; x_wconf 87' lang='grc' dir='ltr'>ιιιιιιιι</span> <span class='ocrx_word' id='word_1_311' title='bbox 1466 1760 1544 1807; x_wconf 89' lang='grc' dir='ltr'>ιιιιιι</span> <span class='ocrx_word' id='word_1_312' title='bbox 1560 1751 1808 1811; x_wconf 83' lang='lat' dir='ltr'>WulcbariusGal·</span> 
     </span>
     <span class='ocr_line' id='line_1_23' title="bbox 177 1821 1805 1894; baseline -0.001 -12"><span class='ocrx_word' id='word_1_313' title='bbox 177 1827 337 1882; x_wconf 87' lang='lat' dir='ltr'>laborabant</span> <span class='ocrx_word' id='word_1_314' title='bbox 354 1825 471 1894; x_wconf 89' lang='lat' dir='ltr'>episcopi</span> <span class='ocrx_word' id='word_1_315' title='bbox 495 1824 604 1892; x_wconf 87' lang='lat' dir='ltr'>Hispani</span> <span class='ocrx_word' id='word_1_316' title='bbox 627 1825 725 1879; x_wconf 72' lang='lat' dir='ltr'>saeculo</span> <span class='ocrx_word' id='word_1_317' title='bbox 747 1833 854 1887; x_wconf 82' lang='lat' dir='ltr'>octavo,</span> <span class='ocrx_word' id='word_1_318' title='bbox 868 1824 966 1894; x_wconf 89' lang='lat' dir='ltr'>quibus</span> <span class='ocrx_word' id='word_1_319' title='bbox 1016 1821 1112 1877; x_wconf 89' lang='lat' dir='ltr'>liaruru</span> <span class='ocrx_word' id='word_1_320' title='bbox 1131 1836 1272 1891; x_wconf 83' lang='lat' dir='ltr'>episeopus</span> <span class='ocrx_word' id='word_1_321' title='bbox 1284 1822 1354 1891; x_wconf 90' lang='lat' dir='ltr'>apud</span> <span class='ocrx_word' id='word_1_322' title='bbox 1375 1822 1523 1877; x_wconf 79' lang='lat' dir='ltr'>Adrianum</span> <span class='ocrx_word' id='word_1_323' title='bbox 1538 1823 1571 1878; x_wconf 87' lang='lat' dir='ltr'>de</span> <span class='ocrx_word' id='word_1_324' title='bbox 1594 1822 1647 1881; x_wconf 82' lang='lat' dir='ltr'>uua</span> <span class='ocrx_word' id='word_1_325' title='bbox 1660 1823 1805 1889; x_wconf 84' lang='lat' dir='ltr'>catholiea,</span> 
     </span>
     <span class='ocr_line' id='line_1_24' title="bbox 176 1891 1808 1963; baseline -0.001 -12"><span class='ocrx_word' id='word_1_326' title='bbox 176 1898 302 1959; x_wconf 78' lang='lat' dir='ltr'>Arianos,</span> <span class='ocrx_word' id='word_1_327' title='bbox 327 1903 357 1948; x_wconf 93' lang='lat' dir='ltr'>ut</span> <span class='ocrx_word' id='word_1_328' title='bbox 380 1893 560 1962; x_wconf 87' lang='lat' dir='ltr'>adoptionem,</span> <span class='ocrx_word' id='word_1_329' title='bbox 581 1894 825 1950; x_wconf 87' lang='lat' dir='ltr'>denominationem</span> <span class='ocrx_word' id='word_1_330' title='bbox 848 1893 896 1948; x_wconf 85' lang='lat' dir='ltr'>Dei</span> <span class='ocrx_word' id='word_1_331' title='bbox 919 1909 966 1949; x_wconf 86' lang='lat' dir='ltr'>ex·</span> <span class='ocrx_word' id='word_1_332' title='bbox 1016 1891 1163 1946; x_wconf 90' lang='lat' dir='ltr'>moribusa</span> <span class='ocrx_word' id='word_1_333' title='bbox 1196 1906 1228 1945; x_wconf 91' lang='lat' dir='ltr'>ue</span> <span class='ocrx_word' id='word_1_334' title='bbox 1248 1891 1352 1947; x_wconf 88' lang='lat' dir='ltr'>actibus</span> <span class='ocrx_word' id='word_1_335' title='bbox 1365 1907 1534 1963; x_wconf 89' lang='lat' dir='ltr'>summopere</span> <span class='ocrx_word' id='word_1_336' title='bbox 1545 1891 1677 1958; x_wconf 84' lang='lat' dir='ltr'>laudaret,</span> <span class='ocrx_word' id='word_1_337' title='bbox 1689 1902 1717 1951; x_wconf 92' lang='lat' dir='ltr'>et</span> <span class='ocrx_word' id='word_1_338' title='bbox 1728 1893 1808 1963; x_wconf 82' lang='lat' dir='ltr'>cujus</span> 
     </span>
     <span class='ocr_line' id='line_1_25' title="bbox 177 1960 1807 2043; baseline 0.001 -24"><span class='ocrx_word' id='word_1_339' title='bbox 177 1967 322 2020; x_wconf 86' lang='lat' dir='ltr'>trinsecam</span> <span class='ocrx_word' id='word_1_340' title='bbox 335 1978 367 2018; x_wconf 90' lang='lat' dir='ltr'>ac</span> <span class='ocrx_word' id='word_1_341' title='bbox 387 1963 543 2018; x_wconf 78' lang='lat' dir='ltr'>servitutem</span> <span class='ocrx_word' id='word_1_342' title='bbox 559 1964 584 2018; x_wconf 92' lang='lat' dir='ltr'>in</span> <span class='ocrx_word' id='word_1_343' title='bbox 606 1965 665 2033; x_wconf 88' lang='lat' dir='ltr'>ipso</span> <span class='ocrx_word' id='word_1_344' title='bbox 678 1964 768 2019; x_wconf 83' lang='lat' dir='ltr'>Verbo</span> <span class='ocrx_word' id='word_1_345' title='bbox 780 1962 963 2027; x_wconf 78' lang='lat' dir='ltr'>defenderent,</span> <span class='ocrx_word' id='word_1_346' title='bbox 1016 1960 1168 2030; x_wconf 82' lang='lat' dir='ltr'>ildemipse</span> <span class='ocrx_word' id='word_1_347' title='bbox 1207 1961 1765 2043; x_wconf 77' lang='lat' dir='ltr'>drianusmultisdepraedleaserat,prout</span> <span class='ocrx_word' id='word_1_348' title='bbox 1779 1965 1807 2020; x_wconf 90' lang='lat' dir='ltr'>iu</span> 
     </span>
     <span class='ocr_line' id='line_1_26' title="bbox 177 2030 1805 2116; baseline 0 -26"><span class='ocrx_word' id='word_1_349' title='bbox 177 2037 267 2090; x_wconf 88' lang='lat' dir='ltr'>statim</span> <span class='ocrx_word' id='word_1_350' title='bbox 291 2035 326 2087; x_wconf 91' lang='lat' dir='ltr'>ab</span> <span class='ocrx_word' id='word_1_351' title='bbox 351 2033 427 2087; x_wconf 91' lang='lat' dir='ltr'>initio</span> <span class='ocrx_word' id='word_1_352' title='bbox 452 2033 559 2097; x_wconf 90' lang='lat' dir='ltr'>abusos,</span> <span class='ocrx_word' id='word_1_353' title='bbox 574 2047 695 2103; x_wconf 88' lang='lat' dir='ltr'>quosque</span> <span class='ocrx_word' id='word_1_354' title='bbox 719 2048 735 2087; x_wconf 94' lang='lat' dir='ltr'>a</span> <span class='ocrx_word' id='word_1_355' title='bbox 756 2033 902 2098; x_wconf 90' lang='lat' dir='ltr'>nonnullis,</span> <span class='ocrx_word' id='word_1_356' title='bbox 920 2034 966 2102; x_wconf 93' lang='lat' dir='ltr'>qui</span> <span class='ocrx_word' id='word_1_357' title='bbox 1017 2032 1104 2086; x_wconf 91' lang='lat' dir='ltr'>tribus</span> <span class='ocrx_word' id='word_1_358' title='bbox 1126 2030 1246 2100; x_wconf 87' lang='lat' dir='ltr'>epistolis</span> <span class='ocrx_word' id='word_1_359' title='bbox 1261 2032 1341 2102; x_wconf 84' lang='lat' dir='ltr'>hiijus</span> <span class='ocrx_word' id='word_1_360' title='bbox 1354 2031 1491 2100; x_wconf 83' lang='lat' dir='ltr'>pontilicis</span> <span class='ocrx_word' id='word_1_361' title='bbox 1505 2033 1532 2087; x_wconf 90' lang='lat' dir='ltr'>in</span> <span class='ocrx_word' id='word_1_362' title='bbox 1551 2034 1679 2102; x_wconf 75' lang='lat' dir='ltr'>prasenti</span> <span class='ocrx_word' id='word_1_363' title='bbox 1694 2035 1805 2116; x_wconf 67' lang='lat' dir='ltr'>negotio</span> 
     </span>
     <span class='ocr_line' id='line_1_27' title="bbox 176 2101 1804 2172; baseline 0.002 -12"><span class='ocrx_word' id='word_1_364' title='bbox 176 2120 271 2160; x_wconf 93' lang='lat' dir='ltr'>eorum</span> <span class='ocrx_word' id='word_1_365' title='bbox 288 2104 404 2170; x_wconf 89' lang='lat' dir='ltr'>impetus</span> <span class='ocrx_word' id='word_1_366' title='bbox 427 2104 571 2158; x_wconf 91' lang='lat' dir='ltr'>retundere</span> <span class='ocrx_word' id='word_1_367' title='bbox 593 2105 769 2167; x_wconf 89' lang='lat' dir='ltr'>conabantur,</span> <span class='ocrx_word' id='word_1_368' title='bbox 792 2102 861 2157; x_wconf 84' lang='lat' dir='ltr'>nialc</span> <span class='ocrx_word' id='word_1_369' title='bbox 884 2102 967 2159; x_wconf 86' lang='lat' dir='ltr'>luisse</span> <span class='ocrx_word' id='word_1_370' title='bbox 1016 2101 1087 2156; x_wconf 90' lang='lat' dir='ltr'>datis</span> <span class='ocrx_word' id='word_1_371' title='bbox 1101 2101 1316 2170; x_wconf 78' lang='lat' dir='ltr'>disertelegitur.</span> <span class='ocrx_word' id='word_1_372' title='bbox 1332 2103 1367 2156; x_wconf 81' lang='lat' dir='ltr'>ht</span> <span class='ocrx_word' id='word_1_373' title='bbox 1379 2117 1443 2156; x_wconf 84' lang='lat' dir='ltr'>uero</span> <span class='ocrx_word' id='word_1_374' title='bbox 1456 2103 1618 2172; x_wconf 87' lang='lat' dir='ltr'>quisuanriu</span> <span class='ocrx_word' id='word_1_375' title='bbox 1643 2105 1804 2163; x_wconf 80' lang='lat' dir='ltr'>assertioni·</span> 
     </span>
     <span class='ocr_line' id='line_1_28' title="bbox 176 2168 1807 2244; baseline 0 -14"><span class='ocrx_word' id='word_1_376' title='bbox 176 2175 324 2244; x_wconf 81' lang='lat' dir='ltr'>cspositos,</span> <span class='ocrx_word' id='word_1_377' title='bbox 337 2171 393 2239; x_wconf 85' lang='lat' dir='ltr'>jam</span> <span class='ocrx_word' id='word_1_378' title='bbox 406 2188 486 2241; x_wconf 90' lang='lat' dir='ltr'>supra</span> <span class='ocrx_word' id='word_1_379' title='bbox 499 2173 624 2226; x_wconf 83' lang='lat' dir='ltr'>diximus.</span> <span class='ocrx_word' id='word_1_380' title='bbox 640 2172 695 2237; x_wconf 91' lang='lat' dir='ltr'>Sic,</span> <span class='ocrx_word' id='word_1_381' title='bbox 709 2172 780 2242; x_wconf 93' lang='lat' dir='ltr'>quod</span> <span class='ocrx_word' id='word_1_382' title='bbox 796 2172 967 2242; x_wconf 90' lang='lat' dir='ltr'>adoptionem</span> <span class='ocrx_word' id='word_1_383' title='bbox 1016 2168 1133 2226; x_wconf 85' lang='lat' dir='ltr'>basillis</span> <span class='ocrx_word' id='word_1_384' title='bbox 1148 2187 1233 2234; x_wconf 85' lang='lat' dir='ltr'>error,</span> <span class='ocrx_word' id='word_1_385' title='bbox 1246 2186 1369 2240; x_wconf 77' lang='lat' dir='ltr'>quaenam</span> <span class='ocrx_word' id='word_1_386' title='bbox 1391 2173 1501 2228; x_wconf 84' lang='lat' dir='ltr'>haeresis</span> <span class='ocrx_word' id='word_1_387' title='bbox 1520 2173 1669 2239; x_wconf 85' lang='lat' dir='ltr'>delitescat,</span> <span class='ocrx_word' id='word_1_388' title='bbox 1680 2174 1807 2243; x_wconf 71' lang='lat' dir='ltr'>detegere</span> 
     </span>
     <span class='ocr_line' id='line_1_29' title="bbox 177 2240 1805 2314; baseline 0.001 -15"><span class='ocrx_word' id='word_1_389' title='bbox 177 2251 291 2314; x_wconf 87' lang='lat' dir='ltr'>spectat,</span> <span class='ocrx_word' id='word_1_390' title='bbox 315 2242 342 2295; x_wconf 92' lang='lat' dir='ltr'>in</span> <span class='ocrx_word' id='word_1_391' title='bbox 365 2242 476 2310; x_wconf 89' lang='lat' dir='ltr'>epistola</span> <span class='ocrx_word' id='word_1_392' title='bbox 491 2243 676 2312; x_wconf 88' lang='lat' dir='ltr'>cpiscoporum</span> <span class='ocrx_word' id='word_1_393' title='bbox 699 2242 834 2311; x_wconf 70' lang='lat' dir='ltr'>Hispanias</span> <span class='ocrx_word' id='word_1_394' title='bbox 855 2243 889 2297; x_wconf 91' lang='lat' dir='ltr'>ad</span> <span class='ocrx_word' id='word_1_395' title='bbox 911 2243 967 2313; x_wconf 85' lang='lat' dir='ltr'>cpi·</span> <span class='ocrx_word' id='word_1_396' title='bbox 1017 2240 1158 2309; x_wconf 87' lang='lat' dir='ltr'>hocopus,</span> <span class='ocrx_word' id='word_1_397' title='bbox 1171 2242 1215 2297; x_wconf 91' lang='lat' dir='ltr'>hic</span> <span class='ocrx_word' id='word_1_398' title='bbox 1236 2241 1313 2296; x_wconf 90' lang='lat' dir='ltr'>labor</span> <span class='ocrx_word' id='word_1_399' title='bbox 1326 2249 1378 2296; x_wconf 90' lang='lat' dir='ltr'>est.</span> <span class='ocrx_word' id='word_1_400' title='bbox 1394 2242 1540 2298; x_wconf 84' lang='lat' dir='ltr'>bolendum</span> <span class='ocrx_word' id='word_1_401' title='bbox 1564 2258 1639 2309; x_wconf 91' lang='lat' dir='ltr'>sane,</span> <span class='ocrx_word' id='word_1_402' title='bbox 1672 2244 1725 2300; x_wconf 84' lang='lat' dir='ltr'>trod</span> <span class='ocrx_word' id='word_1_403' title='bbox 1747 2261 1763 2300; x_wconf 90' lang='lat' dir='ltr'>e</span> <span class='ocrx_word' id='word_1_404' title='bbox 1782 2245 1805 2300; x_wconf 90' lang='lat' dir='ltr'>i·</span> 
     </span>
     <span class='ocr_line' id='line_1_30' title="bbox 177 2258 1805 2391; baseline 0.002 -22"><span class='ocrx_word' id='word_1_405' title='bbox 177 2329 274 2384; x_wconf 90' lang='lat' dir='ltr'>scopos</span> <span class='ocrx_word' id='word_1_406' title='bbox 284 2311 563 2391; x_wconf 66' lang='lat' dir='ltr'>Gallimhquitaniaa,</span> <span class='ocrx_word' id='word_1_407' title='bbox 576 2321 641 2377; x_wconf 81' lang='lat' dir='ltr'>etc,</span> <span class='ocrx_word' id='word_1_408' title='bbox 654 2313 744 2367; x_wconf 86' lang='lat' dir='ltr'>outnia</span> <span class='ocrx_word' id='word_1_409' title='bbox 757 2313 814 2368; x_wconf 82' lang='lat' dir='ltr'>lere</span> <span class='ocrx_word' id='word_1_410' title='bbox 828 2327 967 2367; x_wconf 90' lang='lat' dir='ltr'>sacrarum</span> <span class='ocrx_word' id='word_1_411' title='bbox 1016 2312 1085 2366; x_wconf 86' lang='lat' dir='ltr'>stela</span> <span class='ocrx_word' id='word_1_412' title='bbox 1105 2310 1205 2381; x_wconf 81' lang='lat' dir='ltr'>hligctii</span> <span class='ocrx_word' id='word_1_413' title='bbox 1221 2310 1298 2365; x_wconf 82' lang='lat' dir='ltr'>oredo</span> <span class='ocrx_word' id='word_1_414' title='bbox 1311 2311 1423 2365; x_wconf 83' lang='lat' dir='ltr'>libellari</span> <span class='ocrx_word' id='word_1_415' title='bbox 1438 2320 1539 2381; x_wconf 80' lang='lat' dir='ltr'>aptata,</span> <span class='ocrx_word' id='word_1_416' title='bbox 1554 2323 1583 2367; x_wconf 91' lang='lat' dir='ltr'>ut</span> <span class='ocrx_word' id='word_1_417' title='bbox 1598 2313 1636 2368; x_wconf 92' lang='grc' dir='ltr'>ιιι</span> <span class='ocrx_word' id='word_1_418' title='bbox 1651 2258 1805 2384; x_wconf 63' lang='grc' dir='ltr'>ίιὶιιριιιιιιιι</span> 
     </span>
     <span class='ocr_line' id='line_1_31' title="bbox 176 2380 1804 2453; baseline 0 -14"><span class='ocrx_word' id='word_1_419' title='bbox 176 2385 326 2439; x_wconf 88' lang='lat' dir='ltr'>litterarum</span> <span class='ocrx_word' id='word_1_420' title='bbox 339 2382 501 2445; x_wconf 79' lang='lat' dir='ltr'>testiinonia,</span> <span class='ocrx_word' id='word_1_421' title='bbox 513 2381 668 2444; x_wconf 77' lang='lat' dir='ltr'>afferuntur,</span> <span class='ocrx_word' id='word_1_422' title='bbox 683 2384 780 2451; x_wconf 90' lang='lat' dir='ltr'>quibus</span> <span class='ocrx_word' id='word_1_423' title='bbox 793 2397 890 2437; x_wconf 90' lang='lat' dir='ltr'>nemen</span> <span class='ocrx_word' id='word_1_424' title='bbox 903 2382 966 2436; x_wconf 84' lang='lat' dir='ltr'>Pri·</span> <span class='ocrx_word' id='word_1_425' title='bbox 1017 2396 1091 2435; x_wconf 89' lang='lat' dir='ltr'>uum.</span> <span class='ocrx_word' id='word_1_426' title='bbox 1107 2380 1132 2442; x_wconf 88' lang='lat' dir='ltr'>l,</span> <span class='ocrx_word' id='word_1_427' title='bbox 1148 2396 1283 2451; x_wconf 89' lang='lat' dir='ltr'>quamque</span> <span class='ocrx_word' id='word_1_428' title='bbox 1301 2382 1363 2436; x_wconf 89' lang='lat' dir='ltr'>dein</span> <span class='ocrx_word' id='word_1_429' title='bbox 1384 2398 1457 2437; x_wconf 82' lang='lat' dir='ltr'>nunt.</span> <span class='ocrx_word' id='word_1_430' title='bbox 1474 2384 1490 2436; x_wconf 78' lang='grc'><strong>5</strong></span> <span class='ocrx_word' id='word_1_431' title='bbox 1505 2382 1654 2439; x_wconf 77' lang='lat' dir='ltr'>schedulam</span> <span class='ocrx_word' id='word_1_432' title='bbox 1676 2384 1804 2453; x_wconf 74' lang='grc' dir='ltr'>[ιιιιιιιιι-</span> 
     </span>
     <span class='ocr_line' id='line_1_32' title="bbox 176 2450 1806 2525; baseline 0 -17"><span class='ocrx_word' id='word_1_433' title='bbox 176 2453 299 2525; x_wconf 81' lang='lat' dir='ltr'>mopcniti</span> <span class='ocrx_word' id='word_1_434' title='bbox 312 2450 381 2505; x_wconf 90' lang='lat' dir='ltr'>Filio</span> <span class='ocrx_word' id='word_1_435' title='bbox 400 2450 491 2506; x_wconf 84' lang='lat' dir='ltr'>divino</span> <span class='ocrx_word' id='word_1_436' title='bbox 504 2452 641 2516; x_wconf 84' lang='lat' dir='ltr'>tribuitur,</span> <span class='ocrx_word' id='word_1_437' title='bbox 662 2452 779 2521; x_wconf 89' lang='lat' dir='ltr'>illudque</span> <span class='ocrx_word' id='word_1_438' title='bbox 801 2452 835 2506; x_wconf 90' lang='lat' dir='ltr'>de</span> <span class='ocrx_word' id='word_1_439' title='bbox 848 2452 964 2513; x_wconf 86' lang='lat' dir='ltr'>Christo,</span> <span class='ocrx_word' id='word_1_440' title='bbox 1015 2465 1087 2503; x_wconf 81' lang='lat' dir='ltr'>mnas</span> <span class='ocrx_word' id='word_1_441' title='bbox 1114 2459 1202 2514; x_wconf 86' lang='lat' dir='ltr'>vocat,</span> <span class='ocrx_word' id='word_1_442' title='bbox 1224 2460 1270 2504; x_wconf 91' lang='lat' dir='ltr'>aut</span> <span class='ocrx_word' id='word_1_443' title='bbox 1290 2459 1440 2520; x_wconf 87' lang='lat' dir='ltr'>tenrporum</span> <span class='ocrx_word' id='word_1_444' title='bbox 1465 2450 1563 2520; x_wconf 89' lang='lat' dir='ltr'>injuria</span> <span class='ocrx_word' id='word_1_445' title='bbox 1589 2452 1734 2518; x_wconf 81' lang='lat' dir='ltr'>intericn‘t,</span> <span class='ocrx_word' id='word_1_446' title='bbox 1757 2463 1806 2511; x_wconf 88' lang='lat' dir='ltr'>aut</span> 
     </span>
     <span class='ocr_line' id='line_1_33' title="bbox 177 2518 1805 2596; baseline 0.001 -18"><span class='ocrx_word' id='word_1_447' title='bbox 177 2539 230 2578; x_wconf 94' lang='lat' dir='ltr'>non</span> <span class='ocrx_word' id='word_1_448' title='bbox 244 2528 376 2593; x_wconf 86' lang='lat' dir='ltr'>quatenus</span> <span class='ocrx_word' id='word_1_449' title='bbox 391 2519 470 2586; x_wconf 84' lang='lat' dir='ltr'>Deus,</span> <span class='ocrx_word' id='word_1_450' title='bbox 486 2522 532 2576; x_wconf 90' lang='lat' dir='ltr'>sed</span> <span class='ocrx_word' id='word_1_451' title='bbox 553 2530 685 2590; x_wconf 88' lang='lat' dir='ltr'>qnatenus</span> <span class='ocrx_word' id='word_1_452' title='bbox 702 2522 782 2576; x_wconf 90' lang='lat' dir='ltr'>homo</span> <span class='ocrx_word' id='word_1_453' title='bbox 796 2530 849 2585; x_wconf 90' lang='lat' dir='ltr'>est,</span> <span class='ocrx_word' id='word_1_454' title='bbox 868 2522 967 2577; x_wconf 85' lang='lat' dir='ltr'>intelli·</span> <span class='ocrx_word' id='word_1_455' title='bbox 1017 2518 1089 2573; x_wconf 81' lang='lat' dir='ltr'>forte</span> <span class='ocrx_word' id='word_1_456' title='bbox 1110 2519 1198 2576; x_wconf 87' lang='lat' dir='ltr'>adhuc</span> <span class='ocrx_word' id='word_1_457' title='bbox 1212 2519 1309 2574; x_wconf 91' lang='lat' dir='ltr'>alicubi</span> <span class='ocrx_word' id='word_1_458' title='bbox 1325 2521 1352 2574; x_wconf 94' lang='lat' dir='ltr'>in</span> <span class='ocrx_word' id='word_1_459' title='bbox 1367 2521 1487 2576; x_wconf 88' lang='lat' dir='ltr'>tenebris</span> <span class='ocrx_word' id='word_1_460' title='bbox 1508 2522 1602 2587; x_wconf 68' lang='lat' dir='ltr'>&#39;accat</span> <span class='ocrx_word' id='word_1_461' title='bbox 1616 2539 1648 2580; x_wconf 84' lang='lat' dir='ltr'>cx</span> <span class='ocrx_word' id='word_1_462' title='bbox 1662 2537 1716 2592; x_wconf 88' lang='lat' dir='ltr'>qna</span> <span class='ocrx_word' id='word_1_463' title='bbox 1740 2540 1805 2596; x_wconf 91' lang='lat' dir='ltr'>pro-</span> 
     </span>
     <span class='ocr_line' id='line_1_34' title="bbox 177 2587 1805 2666; baseline 0.002 -19"><span class='ocrx_word' id='word_1_464' title='bbox 177 2593 294 2663; x_wconf 80' lang='lat' dir='ltr'>gendum</span> <span class='ocrx_word' id='word_1_465' title='bbox 309 2590 417 2644; x_wconf 87' lang='lat' dir='ltr'>dicitur.</span> <span class='ocrx_word' id='word_1_466' title='bbox 433 2589 509 2656; x_wconf 84' lang='lat' dir='ltr'>Quod</span> <span class='ocrx_word' id='word_1_467' title='bbox 527 2592 709 2646; x_wconf 86' lang='lat' dir='ltr'>extrinsecum</span> <span class='ocrx_word' id='word_1_468' title='bbox 729 2591 776 2645; x_wconf 80' lang='lat' dir='ltr'>liei</span> <span class='ocrx_word' id='word_1_469' title='bbox 791 2606 888 2646; x_wconf 85' lang='lat' dir='ltr'>nomeu</span> <span class='ocrx_word' id='word_1_470' title='bbox 901 2606 968 2646; x_wconf 90' lang='lat' dir='ltr'>con·</span> <span class='ocrx_word' id='word_1_471' title='bbox 1016 2587 1088 2643; x_wconf 88' lang='lat' dir='ltr'>lecte</span> <span class='ocrx_word' id='word_1_472' title='bbox 1101 2589 1189 2645; x_wconf 93' lang='lat' dir='ltr'>omnis</span> <span class='ocrx_word' id='word_1_473' title='bbox 1196 2590 1348 2645; x_wconf 89' lang='lat' dir='ltr'>obscuritas</span> <span class='ocrx_word' id='word_1_474' title='bbox 1359 2592 1407 2645; x_wconf 90' lang='lat' dir='ltr'>abs</span> <span class='ocrx_word' id='word_1_475' title='bbox 1417 2589 1504 2646; x_wconf 82' lang='lat' dir='ltr'>dildsu</span> <span class='ocrx_word' id='word_1_476' title='bbox 1518 2600 1573 2648; x_wconf 88' lang='lat' dir='ltr'>tate</span> <span class='ocrx_word' id='word_1_477' title='bbox 1583 2594 1651 2658; x_wconf 91' lang='lat' dir='ltr'>tolli,</span> <span class='ocrx_word' id='word_1_478' title='bbox 1661 2595 1805 2666; x_wconf 88' lang='lat' dir='ltr'>omnisque</span> 
     </span>
     <span class='ocr_line' id='line_1_35' title="bbox 177 2658 1806 2730; baseline 0.002 -13"><span class='ocrx_word' id='word_1_479' title='bbox 177 2662 264 2718; x_wconf 91' lang='lat' dir='ltr'>cernit</span> <span class='ocrx_word' id='word_1_480' title='bbox 274 2658 404 2714; x_wconf 71' lang='lat' dir='ltr'>alcuinus</span> <span class='ocrx_word' id='word_1_481' title='bbox 415 2659 461 2713; x_wconf 90' lang='lat' dir='ltr'>lib.</span> <span class='ocrx_word' id='word_1_482' title='bbox 476 2675 502 2713; x_wconf 81' lang='grc' dir='ltr'>ιν</span> <span class='ocrx_word' id='word_1_483' title='bbox 514 2667 608 2715; x_wconf 89' lang='lat' dir='ltr'>contra</span> <span class='ocrx_word' id='word_1_484' title='bbox 621 2660 787 2723; x_wconf 77' lang='lat' dir='ltr'>Felicemu.</span> <span class='ocrx_word' id='word_1_485' title='bbox 800 2660 826 2725; x_wconf 72' lang='grc' dir='ltr'>ι,</span> <span class='ocrx_word' id='word_1_486' title='bbox 841 2661 898 2716; x_wconf 76' lang='grc' dir='ltr'>ιιι</span> <span class='ocrx_word' id='word_1_487' title='bbox 908 2661 967 2730; x_wconf 79' lang='lat' dir='ltr'>ejus</span> <span class='ocrx_word' id='word_1_488' title='bbox 1016 2661 1200 2716; x_wconf 84' lang='lat' dir='ltr'>controuersia</span> <span class='ocrx_word' id='word_1_489' title='bbox 1222 2658 1312 2714; x_wconf 90' lang='lat' dir='ltr'>dirimi</span> <span class='ocrx_word' id='word_1_490' title='bbox 1334 2670 1434 2729; x_wconf 88' lang='lat' dir='ltr'>posset.</span> <span class='ocrx_word' id='word_1_491' title='bbox 1461 2661 1569 2717; x_wconf 84' lang='lat' dir='ltr'>iuterim</span> <span class='ocrx_word' id='word_1_492' title='bbox 1592 2663 1736 2720; x_wconf 76' lang='lat' dir='ltr'>deliciante</span> <span class='ocrx_word' id='word_1_493' title='bbox 1754 2665 1806 2720; x_wconf 80' lang='lat' dir='ltr'>lace</span> 
     </span>
     <span class='ocr_line' id='line_1_36' title="bbox 176 2726 1804 2803; baseline 0.004 -19"><span class='ocrx_word' id='word_1_494' title='bbox 176 2731 260 2787; x_wconf 85' lang='lat' dir='ltr'>verba</span> <span class='ocrx_word' id='word_1_495' title='bbox 273 2728 377 2784; x_wconf 81' lang='lat' dir='ltr'>refert:</span> <span class='ocrx_word' id='word_1_496' title='bbox 397 2748 406 2779; x_wconf 81' lang='grc' dir='ltr'>ι</span> <span class='ocrx_word' id='word_1_497' title='bbox 432 2726 556 2785; x_wconf 89' lang='lat' dir='ltr'>Secundo</span> <span class='ocrx_word' id='word_1_498' title='bbox 574 2738 664 2785; x_wconf 85' lang='lat' dir='ltr'>autem</span> <span class='ocrx_word' id='word_1_499' title='bbox 686 2730 765 2784; x_wconf 90' lang='lat' dir='ltr'>modo</span> <span class='ocrx_word' id='word_1_500' title='bbox 787 2732 967 2799; x_wconf 87' lang='lat' dir='ltr'>nuncupative</span> <span class='ocrx_word' id='word_1_501' title='bbox 1016 2741 1191 2785; x_wconf 88' lang='lat' dir='ltr'>monumento</span> <span class='ocrx_word' id='word_1_502' title='bbox 1202 2727 1476 2797; x_wconf 84' lang='lat' dir='ltr'>conjecturassaltem</span> <span class='ocrx_word' id='word_1_503' title='bbox 1491 2731 1587 2789; x_wconf 85' lang='lat' dir='ltr'>allerre</span> <span class='ocrx_word' id='word_1_504' title='bbox 1601 2733 1673 2797; x_wconf 82' lang='lat' dir='ltr'>licet,</span> <span class='ocrx_word' id='word_1_505' title='bbox 1687 2749 1804 2803; x_wconf 86' lang='lat' dir='ltr'>quarum</span> 
     </span>
     <span class='ocr_line' id='line_1_37' title="bbox 177 2797 1805 2876; baseline 0.004 -21"><span class='ocrx_word' id='word_1_506' title='bbox 177 2799 375 2860; x_wconf 75' lang='lat' dir='ltr'>benedicitur,</span> <span class='ocrx_word' id='word_1_507' title='bbox 399 2799 470 2854; x_wconf 89' lang='lat' dir='ltr'>sicut</span> <span class='ocrx_word' id='word_1_508' title='bbox 490 2801 613 2870; x_wconf 90' lang='lat' dir='ltr'>superius</span> <span class='ocrx_word' id='word_1_509' title='bbox 632 2801 732 2856; x_wconf 91' lang='lat' dir='ltr'>dictum</span> <span class='ocrx_word' id='word_1_510' title='bbox 755 2808 798 2855; x_wconf 91' lang='lat' dir='ltr'>est</span> <span class='ocrx_word' id='word_1_511' title='bbox 814 2801 847 2855; x_wconf 89' lang='lat' dir='ltr'>dc</span> <span class='ocrx_word' id='word_1_512' title='bbox 866 2803 968 2857; x_wconf 78' lang='lat' dir='ltr'>sumtis</span> <span class='ocrx_word' id='word_1_513' title='bbox 1017 2797 1220 2855; x_wconf 77' lang='lat' dir='ltr'>tundamentum</span> <span class='ocrx_word' id='word_1_514' title='bbox 1233 2815 1285 2854; x_wconf 90' lang='lat' dir='ltr'>uon</span> <span class='ocrx_word' id='word_1_515' title='bbox 1306 2801 1364 2856; x_wconf 78' lang='lat' dir='ltr'>leuc</span> <span class='ocrx_word' id='word_1_516' title='bbox 1379 2801 1406 2855; x_wconf 94' lang='lat' dir='ltr'>in</span> <span class='ocrx_word' id='word_1_517' title='bbox 1429 2799 1494 2870; x_wconf 91' lang='lat' dir='ltr'>ipsis</span> <span class='ocrx_word' id='word_1_518' title='bbox 1504 2803 1580 2860; x_wconf 88' lang='lat' dir='ltr'>bisce</span> <span class='ocrx_word' id='word_1_519' title='bbox 1603 2804 1723 2874; x_wconf 80' lang='lat' dir='ltr'>scriptis,</span> <span class='ocrx_word' id='word_1_520' title='bbox 1744 2820 1805 2876; x_wconf 69' lang='lat' dir='ltr'>qua</span> 
     </span>
     <span class='ocr_line' id='line_1_38' title="bbox 177 2867 1805 2944; baseline 0.004 -20"><span class='ocrx_word' id='word_1_521' title='bbox 177 2869 408 2942; x_wconf 74' lang='lat' dir='ltr'>predicatoribus,</span> <span class='ocrx_word' id='word_1_522' title='bbox 423 2870 456 2923; x_wconf 92' lang='lat' dir='ltr'>de</span> <span class='ocrx_word' id='word_1_523' title='bbox 478 2871 574 2938; x_wconf 89' lang='lat' dir='ltr'>quibus</span> <span class='ocrx_word' id='word_1_524' title='bbox 589 2869 712 2925; x_wconf 78' lang='lat' dir='ltr'>Salvator</span> <span class='ocrx_word' id='word_1_525' title='bbox 730 2868 830 2925; x_wconf 78' lang='lat' dir='ltr'>ludaeis</span> <span class='ocrx_word' id='word_1_526' title='bbox 848 2871 886 2926; x_wconf 90' lang='grc' dir='ltr'>ιιι</span> <span class='ocrx_word' id='word_1_527' title='bbox 907 2886 914 2925; x_wconf 91' lang='lat'><strong>:</strong></span> <span class='ocrx_word' id='word_1_528' title='bbox 935 2872 967 2928; x_wconf 82' lang='lat' dir='ltr'>Si</span> <span class='ocrx_word' id='word_1_529' title='bbox 1016 2867 1097 2924; x_wconf 90' lang='lat' dir='ltr'>modo</span> <span class='ocrx_word' id='word_1_530' title='bbox 1130 2870 1521 2938; x_wconf 82' lang='lat' dir='ltr'>rirnumcommcmorarimus,</span> <span class='ocrx_word' id='word_1_531' title='bbox 1536 2873 1741 2944; x_wconf 84' lang='lat' dir='ltr'>deprehendere</span> <span class='ocrx_word' id='word_1_532' title='bbox 1755 2891 1805 2931; x_wconf 89' lang='lat' dir='ltr'>uo·</span> 
     </span>
     <span class='ocr_line' id='line_1_39' title="bbox 175 2937 1805 3014; baseline 0.002 -19"><span class='ocrx_word' id='word_1_533' title='bbox 175 2942 247 2995; x_wconf 81' lang='lat' dir='ltr'>eninr</span> <span class='ocrx_word' id='word_1_534' title='bbox 257 2938 473 3002; x_wconf 66' lang='lat' dir='ltr'>mordicitdeos,</span> <span class='ocrx_word' id='word_1_535' title='bbox 488 2940 523 2993; x_wconf 84' lang='lat' dir='ltr'>cd</span> <span class='ocrx_word' id='word_1_536' title='bbox 536 2957 600 3010; x_wconf 79' lang='lat' dir='ltr'>quos</span> <span class='ocrx_word' id='word_1_537' title='bbox 613 2939 847 3011; x_wconf 76' lang='lat' dir='ltr'>Driserm0955</span> <span class='ocrx_word' id='word_1_538' title='bbox 863 2941 966 3010; x_wconf 70' lang='lat' dir='ltr'>[actusr</span> <span class='ocrx_word' id='word_1_539' title='bbox 1017 2937 1060 2995; x_wconf 92' lang='lat' dir='ltr'>bis</span> <span class='ocrx_word' id='word_1_540' title='bbox 1077 2939 1105 2993; x_wconf 86' lang='grc' dir='ltr'>ιιι</span> <span class='ocrx_word' id='word_1_541' title='bbox 1139 2955 1210 2995; x_wconf 85' lang='lat' dir='ltr'>ntur.</span> <span class='ocrx_word' id='word_1_542' title='bbox 1238 2941 1374 2995; x_wconf 75' lang='lat' dir='ltr'>Adrianus</span> <span class='ocrx_word' id='word_1_543' title='bbox 1392 2956 1460 3010; x_wconf 90' lang='lat' dir='ltr'>papa</span> <span class='ocrx_word' id='word_1_544' title='bbox 1483 2942 1510 2997; x_wconf 93' lang='lat' dir='ltr'>in</span> <span class='ocrx_word' id='word_1_545' title='bbox 1534 2945 1620 3012; x_wconf 92' lang='lat' dir='ltr'>prima</span> <span class='ocrx_word' id='word_1_546' title='bbox 1643 2943 1679 2998; x_wconf 90' lang='lat' dir='ltr'>ad</span> <span class='ocrx_word' id='word_1_547' title='bbox 1699 2944 1805 3014; x_wconf 73' lang='lat' dir='ltr'>Egilam</span> 
     </span>
     <span class='ocr_line' id='line_1_40' title="bbox 176 3009 1805 3092; baseline 0.004 -28"><span class='ocrx_word' id='word_1_548' title='bbox 176 3011 223 3080; x_wconf 91' lang='lat' dir='ltr'>qui</span> <span class='ocrx_word' id='word_1_549' title='bbox 238 3020 327 3065; x_wconf 89' lang='lat' dir='ltr'>tameo</span> <span class='ocrx_word' id='word_1_550' title='bbox 342 3023 395 3062; x_wconf 89' lang='lat' dir='ltr'>nou</span> <span class='ocrx_word' id='word_1_551' title='bbox 406 3017 501 3063; x_wconf 92' lang='lat' dir='ltr'>natura</span> <span class='ocrx_word' id='word_1_552' title='bbox 511 3018 542 3064; x_wconf 91' lang='lat' dir='ltr'>ut</span> <span class='ocrx_word' id='word_1_553' title='bbox 550 3010 627 3072; x_wconf 87' lang='lat' dir='ltr'>beas,</span> <span class='ocrx_word' id='word_1_554' title='bbox 640 3011 687 3066; x_wconf 89' lang='lat' dir='ltr'>sed</span> <span class='ocrx_word' id='word_1_555' title='bbox 697 3009 801 3092; x_wconf 83' lang='lat' dir='ltr'>perlici</span> <span class='ocrx_word' id='word_1_556' title='bbox 809 3011 923 3080; x_wconf 79' lang='lat' dir='ltr'>gratiam</span> <span class='ocrx_word' id='word_1_557' title='bbox 932 3015 966 3067; x_wconf 88' lang='lat' dir='ltr'>ab</span> <span class='ocrx_word' id='word_1_558' title='bbox 1016 3023 1032 3062; x_wconf 85' lang='lat' dir='ltr'>e</span> <span class='ocrx_word' id='word_1_559' title='bbox 1053 3010 1128 3063; x_wconf 90' lang='lat' dir='ltr'>istola</span> <span class='ocrx_word' id='word_1_560' title='bbox 1142 3017 1218 3065; x_wconf 90' lang='lat' dir='ltr'>notat</span> <span class='ocrx_word' id='word_1_561' title='bbox 1232 3011 1367 3090; x_wconf 77' lang='lat' dir='ltr'>equidem,</span> <span class='ocrx_word' id='word_1_562' title='bbox 1383 3012 1519 3068; x_wconf 79' lang='lat' dir='ltr'>exstitisse</span> <span class='ocrx_word' id='word_1_563' title='bbox 1535 3021 1600 3070; x_wconf 91' lang='lat' dir='ltr'>tunc</span> <span class='ocrx_word' id='word_1_564' title='bbox 1623 3015 1756 3084; x_wconf 87' lang='lat' dir='ltr'>temporis</span> <span class='ocrx_word' id='word_1_565' title='bbox 1776 3014 1805 3070; x_wconf 93' lang='lat' dir='ltr'>in</span> 
     </span>
     <span class='ocr_line' id='line_1_41' title="bbox 177 3023 1806 3149; baseline 0.002 -13"><span class='ocrx_word' id='word_1_566' title='bbox 177 3079 518 3149; x_wconf 83' lang='lat' dir='ltr'>e0,qnirerusestl)eus,</span> <span class='ocrx_word' id='word_1_567' title='bbox 535 3080 650 3135; x_wconf 84' lang='lat' dir='ltr'>deificati</span> <span class='ocrx_word' id='word_1_568' title='bbox 670 3081 706 3136; x_wconf 89' lang='lat' dir='ltr'>dit</span> <span class='ocrx_word' id='word_1_569' title='bbox 722 3023 1146 3148; x_wconf 58' lang='lat' dir='ltr'>suntsubilloveClepania</span> <span class='ocrx_word' id='word_1_570' title='bbox 1178 3081 1336 3146; x_wconf 78' lang='lat' dir='ltr'>lrarrcttcos3</span> <span class='ocrx_word' id='word_1_571' title='bbox 1363 3080 1429 3135; x_wconf 88' lang='lat' dir='ltr'>alios</span> <span class='ocrx_word' id='word_1_572' title='bbox 1456 3090 1545 3136; x_wconf 91' lang='lat' dir='ltr'>tamen</span> <span class='ocrx_word' id='word_1_573' title='bbox 1574 3099 1671 3140; x_wconf 89' lang='lat' dir='ltr'>eorum</span> <span class='ocrx_word' id='word_1_574' title='bbox 1696 3098 1806 3141; x_wconf 83' lang='lat' dir='ltr'>errores</span> 
     </span>
     <span class='ocr_line' id='line_1_42' title="bbox 175 3147 1805 3221; baseline 0.003 -16"><span class='ocrx_word' id='word_1_575' title='bbox 175 3151 230 3207; x_wconf 90' lang='lat' dir='ltr'>cati</span> <span class='ocrx_word' id='word_1_576' title='bbox 245 3168 251 3203; x_wconf 91' lang='lat'>:</span> <span class='ocrx_word' id='word_1_577' title='bbox 271 3150 298 3204; x_wconf 94' lang='lat' dir='ltr'>in</span> <span class='ocrx_word' id='word_1_578' title='bbox 318 3151 369 3206; x_wconf 93' lang='lat' dir='ltr'>hoc</span> <span class='ocrx_word' id='word_1_579' title='bbox 382 3151 481 3219; x_wconf 90' lang='lat' dir='ltr'>quippe</span> <span class='ocrx_word' id='word_1_580' title='bbox 494 3150 589 3204; x_wconf 90' lang='lat' dir='ltr'>ordine</span> <span class='ocrx_word' id='word_1_581' title='bbox 610 3151 656 3205; x_wconf 81' lang='lat' dir='ltr'>[ici</span> <span class='ocrx_word' id='word_1_582' title='bbox 670 3150 764 3216; x_wconf 88' lang='lat' dir='ltr'>Filius,</span> <span class='ocrx_word' id='word_1_583' title='bbox 781 3151 919 3218; x_wconf 84' lang='lat' dir='ltr'>Dominus,</span> <span class='ocrx_word' id='word_1_584' title='bbox 933 3167 966 3210; x_wconf 91' lang='lat' dir='ltr'>ac</span> <span class='ocrx_word' id='word_1_585' title='bbox 1018 3147 1090 3205; x_wconf 90' lang='lat' dir='ltr'>baud</span> <span class='ocrx_word' id='word_1_586' title='bbox 1103 3148 1196 3214; x_wconf 78' lang='lat' dir='ltr'>relect,</span> <span class='ocrx_word' id='word_1_587' title='bbox 1211 3150 1263 3203; x_wconf 94' lang='lat' dir='ltr'>nisi</span> <span class='ocrx_word' id='word_1_588' title='bbox 1276 3151 1347 3219; x_wconf 87' lang='lat' dir='ltr'>quod</span> <span class='ocrx_word' id='word_1_589' title='bbox 1361 3151 1431 3205; x_wconf 83' lang='lat' dir='ltr'>circa</span> <span class='ocrx_word' id='word_1_590' title='bbox 1442 3151 1574 3221; x_wconf 83' lang='lat' dir='ltr'>jejunium</span> <span class='ocrx_word' id='word_1_591' title='bbox 1588 3162 1672 3208; x_wconf 73' lang='lat' dir='ltr'>sexta</span> <span class='ocrx_word' id='word_1_592' title='bbox 1684 3152 1761 3210; x_wconf 76' lang='lat' dir='ltr'>ierim</span> <span class='ocrx_word' id='word_1_593' title='bbox 1773 3169 1805 3210; x_wconf 88' lang='lat' dir='ltr'>ac</span> 
     </span>
     <span class='ocr_line' id='line_1_43' title="bbox 177 3218 1807 3296; baseline 0.002 -21"><span class='ocrx_word' id='word_1_594' title='bbox 177 3220 342 3290; x_wconf 82' lang='lat' dir='ltr'>Redemptor</span> <span class='ocrx_word' id='word_1_595' title='bbox 352 3231 444 3275; x_wconf 89' lang='lat' dir='ltr'>noster</span> <span class='ocrx_word' id='word_1_596' title='bbox 459 3218 537 3287; x_wconf 81' lang='lat' dir='ltr'>juxta</span> <span class='ocrx_word' id='word_1_597' title='bbox 554 3219 758 3284; x_wconf 88' lang='lat' dir='ltr'>humanitatem,</span> <span class='ocrx_word' id='word_1_598' title='bbox 781 3221 850 3276; x_wconf 91' lang='lat' dir='ltr'>sicut</span> <span class='ocrx_word' id='word_1_599' title='bbox 869 3222 897 3276; x_wconf 92' lang='lat' dir='ltr'>iu</span> <span class='ocrx_word' id='word_1_600' title='bbox 919 3237 966 3275; x_wconf 88' lang='lat' dir='ltr'>na·</span> <span class='ocrx_word' id='word_1_601' title='bbox 1017 3219 1121 3273; x_wconf 84' lang='lat' dir='ltr'>sabbati</span> <span class='ocrx_word' id='word_1_602' title='bbox 1134 3219 1168 3272; x_wconf 92' lang='lat' dir='ltr'>ab</span> <span class='ocrx_word' id='word_1_603' title='bbox 1186 3218 1314 3274; x_wconf 73' lang='lat' dir='ltr'>Ecclesiae</span> <span class='ocrx_word' id='word_1_604' title='bbox 1332 3221 1459 3276; x_wconf 70' lang='lat' dir='ltr'>Romanas</span> <span class='ocrx_word' id='word_1_605' title='bbox 1476 3223 1647 3278; x_wconf 83' lang='lat' dir='ltr'>observantia</span> <span class='ocrx_word' id='word_1_606' title='bbox 1669 3224 1807 3296; x_wconf 76' lang='lat' dir='ltr'>discrepa-</span> 
     </span>
     <span class='ocr_line' id='line_1_44' title="bbox 177 3288 1808 3362; baseline 0.003 -16"><span class='ocrx_word' id='word_1_607' title='bbox 177 3299 247 3356; x_wconf 87' lang='lat' dir='ltr'>tura,</span> <span class='ocrx_word' id='word_1_608' title='bbox 264 3292 340 3345; x_wconf 90' lang='lat' dir='ltr'>itaet</span> <span class='ocrx_word' id='word_1_609' title='bbox 357 3291 384 3344; x_wconf 94' lang='lat' dir='ltr'>in</span> <span class='ocrx_word' id='word_1_610' title='bbox 403 3290 521 3354; x_wconf 90' lang='lat' dir='ltr'>nomine,</span> <span class='ocrx_word' id='word_1_611' title='bbox 537 3291 660 3360; x_wconf 88' lang='lat' dir='ltr'>quamvis</span> <span class='ocrx_word' id='word_1_612' title='bbox 674 3291 848 3346; x_wconf 81' lang='lat' dir='ltr'>excellentius</span> <span class='ocrx_word' id='word_1_613' title='bbox 861 3292 966 3347; x_wconf 86' lang='lat' dir='ltr'>cunctis</span> <span class='ocrx_word' id='word_1_614' title='bbox 1017 3289 1082 3343; x_wconf 91' lang='lat' dir='ltr'>rint.</span> <span class='ocrx_word' id='word_1_615' title='bbox 1096 3289 1124 3342; x_wconf 97' lang='lat' dir='ltr'>ln</span> <span class='ocrx_word' id='word_1_616' title='bbox 1142 3288 1226 3344; x_wconf 86' lang='lat' dir='ltr'>altera</span> <span class='ocrx_word' id='word_1_617' title='bbox 1246 3289 1280 3342; x_wconf 92' lang='lat' dir='ltr'>ad</span> <span class='ocrx_word' id='word_1_618' title='bbox 1305 3289 1410 3361; x_wconf 80' lang='lat' dir='ltr'>Egilam</span> <span class='ocrx_word' id='word_1_619' title='bbox 1434 3291 1594 3362; x_wconf 76' lang='lat' dir='ltr'>praedictum</span> <span class='ocrx_word' id='word_1_620' title='bbox 1618 3308 1652 3348; x_wconf 90' lang='lat' dir='ltr'>ac</span> <span class='ocrx_word' id='word_1_621' title='bbox 1672 3290 1808 3350; x_wconf 81' lang='lat' dir='ltr'>loannem</span> 
     </span>
     <span class='ocr_line' id='line_1_45' title="bbox 176 3359 1805 3431; baseline 0.004 -16"><span class='ocrx_word' id='word_1_622' title='bbox 176 3361 290 3424; x_wconf 87' lang='lat' dir='ltr'>eluctus,</span> <span class='ocrx_word' id='word_1_623' title='bbox 306 3360 446 3414; x_wconf 81' lang='lat' dir='ltr'>verissime</span> <span class='ocrx_word' id='word_1_624' title='bbox 458 3368 546 3414; x_wconf 91' lang='lat' dir='ltr'>tamen</span> <span class='ocrx_word' id='word_1_625' title='bbox 559 3374 620 3413; x_wconf 90' lang='lat' dir='ltr'>cum</span> <span class='ocrx_word' id='word_1_626' title='bbox 632 3360 684 3417; x_wconf 90' lang='lat' dir='ltr'>illis</span> <span class='ocrx_word' id='word_1_627' title='bbox 694 3361 882 3423; x_wconf 89' lang='lat' dir='ltr'>communicat,</span> <span class='ocrx_word' id='word_1_628' title='bbox 895 3362 966 3416; x_wconf 87' lang='lat' dir='ltr'>sicut</span> <span class='ocrx_word' id='word_1_629' title='bbox 1015 3359 1204 3430; x_wconf 84' lang='lat' dir='ltr'>presbyterum</span> <span class='ocrx_word' id='word_1_630' title='bbox 1225 3373 1240 3412; x_wconf 93' lang='grc' dir='ltr'>ι</span> <span class='ocrx_word' id='word_1_631' title='bbox 1259 3359 1337 3412; x_wconf 89' lang='lat' dir='ltr'>istola</span> <span class='ocrx_word' id='word_1_632' title='bbox 1362 3360 1481 3431; x_wconf 90' lang='lat' dir='ltr'>loquitur</span> <span class='ocrx_word' id='word_1_633' title='bbox 1503 3362 1537 3417; x_wconf 90' lang='lat' dir='ltr'>de</span> <span class='ocrx_word' id='word_1_634' title='bbox 1562 3363 1703 3418; x_wconf 87' lang='lat' dir='ltr'>erroribus</span> <span class='ocrx_word' id='word_1_635' title='bbox 1730 3365 1805 3421; x_wconf 75' lang='lat' dir='ltr'>circs</span> 
     </span>
     <span class='ocr_line' id='line_1_46' title="bbox 175 3375 1807 3504; baseline 0.006 -20"><span class='ocrx_word' id='word_1_636' title='bbox 175 3437 204 3485; x_wconf 92' lang='lat' dir='ltr'>et</span> <span class='ocrx_word' id='word_1_637' title='bbox 219 3430 245 3483; x_wconf 90' lang='lat' dir='ltr'>iu</span> <span class='ocrx_word' id='word_1_638' title='bbox 268 3438 363 3485; x_wconf 78' lang='lat' dir='ltr'>caetera</span> <span class='ocrx_word' id='word_1_639' title='bbox 378 3429 477 3490; x_wconf 90' lang='lat' dir='ltr'>omnia,</span> <span class='ocrx_word' id='word_1_640' title='bbox 499 3429 526 3481; x_wconf 88' lang='grc' dir='ltr'>ιιι</span> <span class='ocrx_word' id='word_1_641' title='bbox 548 3437 598 3488; x_wconf 76' lang='lat' dir='ltr'>cst,</span> <span class='ocrx_word' id='word_1_642' title='bbox 620 3429 647 3483; x_wconf 94' lang='lat' dir='ltr'>in</span> <span class='ocrx_word' id='word_1_643' title='bbox 667 3430 911 3499; x_wconf 76' lang='lat' dir='ltr'>predestinatione,</span> <span class='ocrx_word' id='word_1_644' title='bbox 937 3433 965 3488; x_wconf 93' lang='lat' dir='ltr'>in</span> <span class='ocrx_word' id='word_1_645' title='bbox 1017 3427 1223 3484; x_wconf 85' lang='lat' dir='ltr'>celebrationem</span> <span class='ocrx_word' id='word_1_646' title='bbox 1240 3375 1390 3493; x_wconf 51' lang='lat' dir='ltr'>gaschatis,</span> <span class='ocrx_word' id='word_1_647' title='bbox 1407 3446 1483 3485; x_wconf 82' lang='lat' dir='ltr'>esum</span> <span class='ocrx_word' id='word_1_648' title='bbox 1506 3433 1645 3504; x_wconf 70' lang='lat' dir='ltr'>sauguinis</span> <span class='ocrx_word' id='word_1_649' title='bbox 1668 3442 1695 3487; x_wconf 79' lang='lat' dir='ltr'>et</span> <span class='ocrx_word' id='word_1_650' title='bbox 1721 3434 1807 3490; x_wconf 72' lang='lat' dir='ltr'>suffo-</span> 
     </span>
     <span class='ocr_line' id='line_1_47' title="bbox 176 3494 1808 3571; baseline 0.005 -17"><span class='ocrx_word' id='word_1_651' title='bbox 176 3499 318 3561; x_wconf 82' lang='lat' dir='ltr'>erectione,</span> <span class='ocrx_word' id='word_1_652' title='bbox 340 3499 368 3552; x_wconf 94' lang='lat' dir='ltr'>in</span> <span class='ocrx_word' id='word_1_653' title='bbox 388 3499 485 3568; x_wconf 75' lang='lat' dir='ltr'>pratia.</span> <span class='ocrx_word' id='word_1_654' title='bbox 504 3499 529 3551; x_wconf 92' lang='lat' dir='ltr'>in</span> <span class='ocrx_word' id='word_1_655' title='bbox 543 3500 723 3568; x_wconf 86' lang='lat' dir='ltr'>susceptione,</span> <span class='ocrx_word' id='word_1_656' title='bbox 742 3499 769 3552; x_wconf 92' lang='lat' dir='ltr'>in</span> <span class='ocrx_word' id='word_1_657' title='bbox 781 3502 965 3570; x_wconf 86' lang='lat' dir='ltr'>assumptione</span> <span class='ocrx_word' id='word_1_658' title='bbox 1016 3494 1082 3562; x_wconf 76' lang='lat' dir='ltr'>cati,</span> <span class='ocrx_word' id='word_1_659' title='bbox 1097 3499 1370 3567; x_wconf 71' lang='lat' dir='ltr'>praedestinationem,</span> <span class='ocrx_word' id='word_1_660' title='bbox 1381 3504 1599 3557; x_wconf 91' lang='lat' dir='ltr'>communionem</span> <span class='ocrx_word' id='word_1_661' title='bbox 1616 3518 1678 3558; x_wconf 89' lang='lat' dir='ltr'>cum</span> <span class='ocrx_word' id='word_1_662' title='bbox 1693 3502 1808 3571; x_wconf 71' lang='lat' dir='ltr'>ludaris,</span> 
     </span>
     <span class='ocr_line' id='line_1_48' title="bbox 177 3567 1809 3645; baseline 0.005 -22"><span class='ocrx_word' id='word_1_663' title='bbox 177 3568 293 3624; x_wconf 87' lang='lat' dir='ltr'>nominis</span> <span class='ocrx_word' id='word_1_664' title='bbox 313 3568 394 3630; x_wconf 80' lang='lat' dir='ltr'>servi,</span> <span class='ocrx_word' id='word_1_665' title='bbox 418 3575 499 3637; x_wconf 89' lang='lat' dir='ltr'>atquc</span> <span class='ocrx_word' id='word_1_666' title='bbox 520 3567 713 3638; x_wconf 88' lang='lat' dir='ltr'>applicatione,</span> <span class='ocrx_word' id='word_1_667' title='bbox 737 3584 783 3624; x_wconf 89' lang='lat' dir='ltr'>seu</span> <span class='ocrx_word' id='word_1_668' title='bbox 805 3581 901 3625; x_wconf 81' lang='lat' dir='ltr'>caetera</span> <span class='ocrx_word' id='word_1_669' title='bbox 924 3573 966 3626; x_wconf 90' lang='lat' dir='ltr'>his</span> <span class='ocrx_word' id='word_1_670' title='bbox 1016 3569 1179 3623; x_wconf 89' lang='lat' dir='ltr'>connubium</span> <span class='ocrx_word' id='word_1_671' title='bbox 1194 3570 1375 3633; x_wconf 88' lang='lat' dir='ltr'>sacerdotum,</span> <span class='ocrx_word' id='word_1_672' title='bbox 1393 3586 1460 3640; x_wconf 90' lang='lat' dir='ltr'>quos</span> <span class='ocrx_word' id='word_1_673' title='bbox 1483 3586 1577 3628; x_wconf 90' lang='lat' dir='ltr'>omnes</span> <span class='ocrx_word' id='word_1_674' title='bbox 1592 3572 1669 3644; x_wconf 78' lang='lat' dir='ltr'>Egila</span> <span class='ocrx_word' id='word_1_675' title='bbox 1697 3574 1758 3645; x_wconf 84' lang='lat' dir='ltr'>ipse</span> <span class='ocrx_word' id='word_1_676' title='bbox 1780 3584 1809 3631; x_wconf 84' lang='lat' dir='ltr'>ct</span> 
     </span>
     <span class='ocr_line' id='line_1_49' title="bbox 176 3635 1808 3711; baseline 0.004 -18"><span class='ocrx_word' id='word_1_677' title='bbox 176 3639 286 3703; x_wconf 89' lang='lat' dir='ltr'>similia,</span> <span class='ocrx_word' id='word_1_678' title='bbox 302 3647 331 3692; x_wconf 92' lang='lat' dir='ltr'>ut</span> <span class='ocrx_word' id='word_1_679' title='bbox 345 3638 425 3699; x_wconf 85' lang='lat' dir='ltr'>idem,</span> <span class='ocrx_word' id='word_1_680' title='bbox 442 3637 487 3706; x_wconf 90' lang='lat' dir='ltr'>qui</span> <span class='ocrx_word' id='word_1_681' title='bbox 504 3637 683 3693; x_wconf 85' lang='lat' dir='ltr'>essentialiter</span> <span class='ocrx_word' id='word_1_682' title='bbox 695 3654 756 3693; x_wconf 81' lang='lat' dir='ltr'>carm</span> <span class='ocrx_word' id='word_1_683' title='bbox 771 3638 852 3694; x_wconf 89' lang='lat' dir='ltr'>Patre</span> <span class='ocrx_word' id='word_1_684' title='bbox 865 3650 892 3695; x_wconf 89' lang='lat' dir='ltr'>et</span> <span class='ocrx_word' id='word_1_685' title='bbox 905 3639 966 3711; x_wconf 92' lang='lat' dir='ltr'>Spi-</span> <span class='ocrx_word' id='word_1_686' title='bbox 1016 3635 1134 3693; x_wconf 76' lang='lat' dir='ltr'>loannes</span> <span class='ocrx_word' id='word_1_687' title='bbox 1147 3639 1181 3693; x_wconf 91' lang='lat' dir='ltr'>ad</span> <span class='ocrx_word' id='word_1_688' title='bbox 1199 3655 1331 3694; x_wconf 83' lang='lat' dir='ltr'>sirntmam</span> <span class='ocrx_word' id='word_1_689' title='bbox 1346 3640 1435 3694; x_wconf 87' lang='lat' dir='ltr'>sedem</span> <span class='ocrx_word' id='word_1_690' title='bbox 1450 3642 1611 3696; x_wconf 88' lang='lat' dir='ltr'>detulerant.</span> <span class='ocrx_word' id='word_1_691' title='bbox 1627 3643 1695 3697; x_wconf 84' lang='lat' dir='ltr'>Tum</span> <span class='ocrx_word' id='word_1_692' title='bbox 1708 3643 1808 3700; x_wconf 77' lang='lat' dir='ltr'>addit:</span> 
     </span>
     <span class='ocr_line' id='line_1_50' title="bbox 177 3707 1810 3784; baseline 0.004 -21"><span class='ocrx_word' id='word_1_693' title='bbox 177 3709 229 3763; x_wconf 88' lang='lat' dir='ltr'>ritu</span> <span class='ocrx_word' id='word_1_694' title='bbox 244 3719 337 3763; x_wconf 89' lang='lat' dir='ltr'>sancto</span> <span class='ocrx_word' id='word_1_695' title='bbox 352 3707 378 3761; x_wconf 92' lang='lat' dir='ltr'>in</span> <span class='ocrx_word' id='word_1_696' title='bbox 398 3707 500 3761; x_wconf 92' lang='lat' dir='ltr'>unitate</span> <span class='ocrx_word' id='word_1_697' title='bbox 518 3707 624 3762; x_wconf 84' lang='lat' dir='ltr'>deitatis</span> <span class='ocrx_word' id='word_1_698' title='bbox 646 3723 726 3763; x_wconf 86' lang='lat' dir='ltr'>verus</span> <span class='ocrx_word' id='word_1_699' title='bbox 743 3717 784 3763; x_wconf 90' lang='lat' dir='ltr'>est</span> <span class='ocrx_word' id='word_1_700' title='bbox 803 3710 884 3775; x_wconf 82' lang='lat' dir='ltr'>lieris,</span> <span class='ocrx_word' id='word_1_701' title='bbox 909 3712 966 3781; x_wconf 88' lang='lat' dir='ltr'>ipse</span> <span class='ocrx_word' id='word_1_702' title='bbox 1020 3724 1029 3757; x_wconf 90' lang='grc' dir='ltr'>ι</span> <span class='ocrx_word' id='word_1_703' title='bbox 1047 3707 1080 3761; x_wconf 84' lang='lat' dir='ltr'>Et</span> <span class='ocrx_word' id='word_1_704' title='bbox 1091 3708 1143 3762; x_wconf 90' lang='lat' dir='ltr'>alia</span> <span class='ocrx_word' id='word_1_705' title='bbox 1157 3710 1252 3772; x_wconf 81' lang='lat' dir='ltr'>marlia,</span> <span class='ocrx_word' id='word_1_706' title='bbox 1267 3710 1336 3763; x_wconf 91' lang='lat' dir='ltr'>sicut</span> <span class='ocrx_word' id='word_1_707' title='bbox 1356 3709 1405 3763; x_wconf 90' lang='lat' dir='ltr'>lati</span> <span class='ocrx_word' id='word_1_708' title='bbox 1419 3711 1495 3776; x_wconf 90' lang='lat' dir='ltr'>estis,</span> <span class='ocrx_word' id='word_1_709' title='bbox 1509 3728 1569 3782; x_wconf 76' lang='lat' dir='ltr'>quae</span> <span class='ocrx_word' id='word_1_710' title='bbox 1586 3712 1695 3784; x_wconf 76' lang='lat' dir='ltr'>longum</span> <span class='ocrx_word' id='word_1_711' title='bbox 1711 3723 1756 3769; x_wconf 89' lang='lat' dir='ltr'>est</span> <span class='ocrx_word' id='word_1_712' title='bbox 1768 3715 1810 3771; x_wconf 87' lang='lat' dir='ltr'>di·</span> 
     </span>
     <span class='ocr_line' id='line_1_51' title="bbox 177 3776 1807 3865; baseline 0.002 -31"><span class='ocrx_word' id='word_1_713' title='bbox 177 3779 205 3834; x_wconf 90' lang='lat' dir='ltr'>in</span> <span class='ocrx_word' id='word_1_714' title='bbox 218 3777 303 3832; x_wconf 88' lang='lat' dir='ltr'>lorma</span> <span class='ocrx_word' id='word_1_715' title='bbox 316 3777 491 3832; x_wconf 87' lang='lat' dir='ltr'>humanitatis</span> <span class='ocrx_word' id='word_1_716' title='bbox 505 3793 567 3833; x_wconf 92' lang='lat' dir='ltr'>cum</span> <span class='ocrx_word' id='word_1_717' title='bbox 578 3778 671 3833; x_wconf 84' lang='lat' dir='ltr'>clectis</span> <span class='ocrx_word' id='word_1_718' title='bbox 684 3778 739 3833; x_wconf 90' lang='lat' dir='ltr'>suis</span> <span class='ocrx_word' id='word_1_719' title='bbox 753 3794 802 3849; x_wconf 87' lang='lat' dir='ltr'>por</span> <span class='ocrx_word' id='word_1_720' title='bbox 815 3780 965 3851; x_wconf 88' lang='lat' dir='ltr'>adoptionis</span> <span class='ocrx_word' id='word_1_721' title='bbox 1016 3792 1088 3832; x_wconf 87' lang='lat' dir='ltr'>cere.</span> <span class='ocrx_word' id='word_1_722' title='bbox 1106 3776 1176 3845; x_wconf 84' lang='lat' dir='ltr'>Quid</span> <span class='ocrx_word' id='word_1_723' title='bbox 1200 3779 1291 3833; x_wconf 88' lang='lat' dir='ltr'>multis</span> <span class='ocrx_word' id='word_1_724' title='bbox 1302 3781 1379 3834; x_wconf 66' lang='lat' dir='ltr'>rolris</span> <span class='ocrx_word' id='word_1_725' title='bbox 1391 3781 1523 3836; x_wconf 73' lang='lat' dir='ltr'>haeresum</span> <span class='ocrx_word' id='word_1_726' title='bbox 1542 3782 1646 3865; x_wconf 76' lang='lat' dir='ltr'>sinpula</span> <span class='ocrx_word' id='word_1_727' title='bbox 1664 3777 1807 3839; x_wconf 74' lang='lat' dir='ltr'>scribam!</span> 
     </span>
     <span class='ocr_line' id='line_1_52' title="bbox 176 3846 1809 3923; baseline 0.004 -21"><span class='ocrx_word' id='word_1_728' title='bbox 176 3849 291 3920; x_wconf 74' lang='lat' dir='ltr'>gratiam</span> <span class='ocrx_word' id='word_1_729' title='bbox 306 3846 447 3902; x_wconf 84' lang='lat' dir='ltr'>deilicatus</span> <span class='ocrx_word' id='word_1_730' title='bbox 459 3847 546 3912; x_wconf 86' lang='lat' dir='ltr'>lieret,</span> <span class='ocrx_word' id='word_1_731' title='bbox 559 3856 586 3901; x_wconf 96' lang='grc' dir='ltr'>ιι</span> <span class='ocrx_word' id='word_1_732' title='bbox 599 3850 778 3919; x_wconf 86' lang='lat' dir='ltr'>nuncupative</span> <span class='ocrx_word' id='word_1_733' title='bbox 789 3849 869 3905; x_wconf 84' lang='lat' dir='ltr'>Deus.</span> <span class='ocrx_word' id='word_1_734' title='bbox 890 3871 898 3903; x_wconf 83' lang='grc' dir='ltr'>ι</span> <span class='ocrx_word' id='word_1_735' title='bbox 915 3851 966 3907; x_wconf 88' lang='lat' dir='ltr'>ue-</span> <span class='ocrx_word' id='word_1_736' title='bbox 1017 3851 1080 3918; x_wconf 84' lang='lat' dir='ltr'>quia</span> <span class='ocrx_word' id='word_1_737' title='bbox 1095 3847 1158 3902; x_wconf 93' lang='lat' dir='ltr'>olim</span> <span class='ocrx_word' id='word_1_738' title='bbox 1175 3859 1226 3902; x_wconf 91' lang='lat' dir='ltr'>tem</span> <span class='ocrx_word' id='word_1_739' title='bbox 1248 3865 1279 3903; x_wconf 91' lang='lat' dir='ltr'>us</span> <span class='ocrx_word' id='word_1_740' title='bbox 1290 3857 1341 3910; x_wconf 88' lang='lat' dir='ltr'>est,</span> <span class='ocrx_word' id='word_1_741' title='bbox 1352 3851 1423 3919; x_wconf 90' lang='lat' dir='ltr'>quod</span> <span class='ocrx_word' id='word_1_742' title='bbox 1437 3850 1597 3915; x_wconf 85' lang='lat' dir='ltr'>Priscilliam</span> <span class='ocrx_word' id='word_1_743' title='bbox 1611 3852 1748 3923; x_wconf 77' lang='lat' dir='ltr'>dogmatis</span> <span class='ocrx_word' id='word_1_744' title='bbox 1758 3854 1809 3909; x_wconf 85' lang='lat' dir='ltr'>im·</span> 
     </span>
     <span class='ocr_line' id='line_1_53' title="bbox 178 3864 1809 3988; baseline 0.004 -15"><span class='ocrx_word' id='word_1_745' title='bbox 178 3933 250 3973; x_wconf 91' lang='lat' dir='ltr'>mum</span> <span class='ocrx_word' id='word_1_746' title='bbox 265 3917 398 3988; x_wconf 91' lang='lat' dir='ltr'>loquendo</span> <span class='ocrx_word' id='word_1_747' title='bbox 412 3918 595 3982; x_wconf 78' lang='lat' dir='ltr'>deservitura,</span> <span class='ocrx_word' id='word_1_748' title='bbox 611 3933 691 3987; x_wconf 91' lang='lat' dir='ltr'>quam</span> <span class='ocrx_word' id='word_1_749' title='bbox 710 3917 857 3975; x_wconf 88' lang='lat' dir='ltr'>Salvatoris</span> <span class='ocrx_word' id='word_1_750' title='bbox 868 3921 964 3975; x_wconf 84' lang='lat' dir='ltr'>huma·</span> <span class='ocrx_word' id='word_1_751' title='bbox 1015 3917 1168 3986; x_wconf 86' lang='lat' dir='ltr'>plercrunt.</span> <span class='ocrx_word' id='word_1_752' title='bbox 1193 3938 1202 3970; x_wconf 82' lang='grc' dir='ltr'>ι</span> <span class='ocrx_word' id='word_1_753' title='bbox 1220 3864 1339 3974; x_wconf 60' lang='lat' dir='ltr'>lpaudcm</span> <span class='ocrx_word' id='word_1_754' title='bbox 1353 3934 1417 3974; x_wconf 80' lang='lat' dir='ltr'>acro</span> <span class='ocrx_word' id='word_1_755' title='bbox 1436 3922 1475 3975; x_wconf 90' lang='lat' dir='ltr'>sic</span> <span class='ocrx_word' id='word_1_756' title='bbox 1500 3921 1658 3977; x_wconf 89' lang='lat' dir='ltr'>concludit:</span> <span class='ocrx_word' id='word_1_757' title='bbox 1674 3940 1683 3973; x_wconf 90' lang='grc' dir='ltr'>ι</span> <span class='ocrx_word' id='word_1_758' title='bbox 1702 3922 1809 3980; x_wconf 77' lang='lat' dir='ltr'>Caren-</span> 
     </span>
     <span class='ocr_line' id='line_1_54' title="bbox 176 3987 1809 4065; baseline 0.003 -20"><span class='ocrx_word' id='word_1_759' title='bbox 176 3989 256 4045; x_wconf 90' lang='lat' dir='ltr'>nilati</span> <span class='ocrx_word' id='word_1_760' title='bbox 271 4003 351 4044; x_wconf 87' lang='lat' dir='ltr'>sensu</span> <span class='ocrx_word' id='word_1_761' title='bbox 366 4003 493 4058; x_wconf 77' lang='lat' dir='ltr'>perverso</span> <span class='ocrx_word' id='word_1_762' title='bbox 505 3989 661 4043; x_wconf 88' lang='lat' dir='ltr'>tribuebant</span> <span class='ocrx_word' id='word_1_763' title='bbox 677 3988 752 4043; x_wconf 87' lang='lat' dir='ltr'>Felix</span> <span class='ocrx_word' id='word_1_764' title='bbox 767 3998 794 4045; x_wconf 89' lang='lat' dir='ltr'>ct</span> <span class='ocrx_word' id='word_1_765' title='bbox 807 3990 963 4061; x_wconf 87' lang='lat' dir='ltr'>Elipandus,</span> <span class='ocrx_word' id='word_1_766' title='bbox 1017 3987 1080 4042; x_wconf 92' lang='lat' dir='ltr'>dum</span> <span class='ocrx_word' id='word_1_767' title='bbox 1095 4004 1158 4059; x_wconf 78' lang='lat' dir='ltr'>crgo</span> <span class='ocrx_word' id='word_1_768' title='bbox 1168 3988 1303 4043; x_wconf 88' lang='lat' dir='ltr'>dilectioni</span> <span class='ocrx_word' id='word_1_769' title='bbox 1320 3997 1416 4044; x_wconf 72' lang='lat' dir='ltr'>vestrae</span> <span class='ocrx_word' id='word_1_770' title='bbox 1428 3999 1480 4056; x_wconf 92' lang='lat' dir='ltr'>cst,</span> <span class='ocrx_word' id='word_1_771' title='bbox 1496 4006 1647 4062; x_wconf 72' lang='lat' dir='ltr'>magnaque</span> <span class='ocrx_word' id='word_1_772' title='bbox 1667 3993 1809 4065; x_wconf 79' lang='lat' dir='ltr'>diligentia</span> 
     </span>
     <span class='ocr_line' id='line_1_55' title="bbox 177 4059 1808 4129; baseline 0.006 -17"><span class='ocrx_word' id='word_1_773' title='bbox 177 4059 210 4112; x_wconf 87' lang='lat' dir='ltr'>ad</span> <span class='ocrx_word' id='word_1_774' title='bbox 222 4059 294 4112; x_wconf 83' lang='lat' dir='ltr'>illam</span> <span class='ocrx_word' id='word_1_775' title='bbox 306 4059 478 4113; x_wconf 84' lang='lat' dir='ltr'>asserendam</span> <span class='ocrx_word' id='word_1_776' title='bbox 491 4066 519 4112; x_wconf 88' lang='lat' dir='ltr'>et</span> <span class='ocrx_word' id='word_1_777' title='bbox 530 4059 581 4128; x_wconf 83' lang='lat' dir='ltr'>ipsi</span> <span class='ocrx_word' id='word_1_778' title='bbox 597 4059 685 4114; x_wconf 82' lang='lat' dir='ltr'>verbis</span> <span class='ocrx_word' id='word_1_779' title='bbox 698 4060 838 4129; x_wconf 79' lang='lat' dir='ltr'>Propheta</span> <span class='ocrx_word' id='word_1_780' title='bbox 850 4061 967 4115; x_wconf 80' lang='lat' dir='ltr'>abotrrn-</span> <span class='ocrx_word' id='word_1_781' title='bbox 1016 4059 1222 4126; x_wconf 81' lang='lat' dir='ltr'>prohibendum,</span> <span class='ocrx_word' id='word_1_782' title='bbox 1235 4074 1269 4114; x_wconf 90' lang='lat' dir='ltr'>ue</span> <span class='ocrx_word' id='word_1_783' title='bbox 1287 4073 1335 4127; x_wconf 82' lang='lat' dir='ltr'>por</span> <span class='ocrx_word' id='word_1_784' title='bbox 1360 4060 1511 4129; x_wconf 83' lang='lat' dir='ltr'>huiusmodi</span> <span class='ocrx_word' id='word_1_785' title='bbox 1527 4061 1650 4117; x_wconf 87' lang='lat' dir='ltr'>homines</span> <span class='ocrx_word' id='word_1_786' title='bbox 1672 4066 1808 4121; x_wconf 80' lang='lat' dir='ltr'>exstincta</span> 
     </span>
     <span class='ocr_line' id='line_1_56' title="bbox 177 4127 1809 4203; baseline 0.012 -32"><span class='ocrx_word' id='word_1_787' title='bbox 177 4136 223 4182; x_wconf 68' lang='lat' dir='ltr'>qur</span> <span class='ocrx_word' id='word_1_788' title='bbox 246 4146 252 4181; x_wconf 94' lang='lat'><strong>:</strong></span> <span class='ocrx_word' id='word_1_789' title='bbox 278 4127 346 4182; x_wconf 64' lang='lat' dir='ltr'>Ecce</span> <span class='ocrx_word' id='word_1_790' title='bbox 368 4127 491 4198; x_wconf 57' lang='lat' dir='ltr'>superlapsu</span> <span class='ocrx_word' id='word_1_791' title='bbox 514 4145 602 4182; x_wconf 56' lang='lat' dir='ltr'>certius</span> <span class='ocrx_word' id='word_1_792' title='bbox 626 4146 696 4183; x_wconf 72' lang='lat' dir='ltr'>meua</span> <span class='ocrx_word' id='word_1_793' title='bbox 719 4129 802 4200; x_wconf 85' lang='lat' dir='ltr'>(lsai.</span> <span class='ocrx_word' id='word_1_794' title='bbox 823 4146 871 4195; x_wconf 83' lang='grc' dir='ltr'>ιιι,</span> <span class='ocrx_word' id='word_1_795' title='bbox 904 4131 964 4203; x_wconf 70' lang='lat' dir='ltr'>is).</span> <span class='ocrx_word' id='word_1_796' title='bbox 1018 4128 1118 4181; x_wconf 89' lang='lat' dir='ltr'>dudum</span> <span class='ocrx_word' id='word_1_797' title='bbox 1134 4129 1260 4184; x_wconf 90' lang='lat' dir='ltr'>scandala</span> <span class='ocrx_word' id='word_1_798' title='bbox 1282 4129 1454 4195; x_wconf 88' lang='lat' dir='ltr'>suscitentur,</span> <span class='ocrx_word' id='word_1_799' title='bbox 1476 4142 1503 4186; x_wconf 89' lang='lat' dir='ltr'>et</span> <span class='ocrx_word' id='word_1_800' title='bbox 1517 4133 1550 4186; x_wconf 88' lang='lat' dir='ltr'>de</span> <span class='ocrx_word' id='word_1_801' title='bbox 1564 4132 1657 4188; x_wconf 90' lang='lat' dir='ltr'>exciso</span> <span class='ocrx_word' id='word_1_802' title='bbox 1670 4133 1737 4190; x_wconf 93' lang='lat' dir='ltr'>olim</span> <span class='ocrx_word' id='word_1_803' title='bbox 1761 4137 1809 4191; x_wconf 91' lang='lat' dir='ltr'>do-</span> 
     </span>
     <span class='ocr_line' id='line_1_57' title="bbox 176 4197 1808 4274; baseline 0.006 -22"><span class='ocrx_word' id='word_1_804' title='bbox 176 4197 230 4253; x_wconf 81' lang='lat' dir='ltr'>Et:</span> <span class='ocrx_word' id='word_1_805' title='bbox 246 4197 313 4251; x_wconf 84' lang='lat' dir='ltr'>Fece</span> <span class='ocrx_word' id='word_1_806' title='bbox 332 4213 420 4251; x_wconf 85' lang='lat' dir='ltr'>servus</span> <span class='ocrx_word' id='word_1_807' title='bbox 434 4213 505 4251; x_wconf 86' lang='lat' dir='ltr'>meus</span> <span class='ocrx_word' id='word_1_808' title='bbox 519 4199 661 4268; x_wconf 82' lang='lat' dir='ltr'>suscipiam</span> <span class='ocrx_word' id='word_1_809' title='bbox 674 4216 748 4263; x_wconf 84' lang='lat' dir='ltr'>esm,·</span> <span class='ocrx_word' id='word_1_810' title='bbox 767 4200 862 4255; x_wconf 79' lang='lat' dir='ltr'>clectus</span> <span class='ocrx_word' id='word_1_811' title='bbox 883 4217 964 4267; x_wconf 84' lang='lat' dir='ltr'>meas,</span> <span class='ocrx_word' id='word_1_812' title='bbox 1017 4208 1107 4265; x_wconf 79' lang='lat' dir='ltr'>gmatc</span> <span class='ocrx_word' id='word_1_813' title='bbox 1129 4199 1230 4268; x_wconf 89' lang='lat' dir='ltr'>aliquid</span> <span class='ocrx_word' id='word_1_814' title='bbox 1248 4198 1275 4251; x_wconf 90' lang='lat' dir='ltr'>in</span> <span class='ocrx_word' id='word_1_815' title='bbox 1301 4200 1439 4268; x_wconf 74' lang='lat' dir='ltr'>provincia</span> <span class='ocrx_word' id='word_1_816' title='bbox 1464 4202 1585 4272; x_wconf 83' lang='lat' dir='ltr'>ejrtsdcm</span> <span class='ocrx_word' id='word_1_817' title='bbox 1606 4203 1670 4256; x_wconf 89' lang='lat' dir='ltr'>mali</span> <span class='ocrx_word' id='word_1_818' title='bbox 1694 4219 1808 4274; x_wconf 76' lang='lat' dir='ltr'>germen</span> 
     </span>
     <span class='ocr_line' id='line_1_58' title="bbox 175 4266 1807 4341; baseline 0.007 -21"><span class='ocrx_word' id='word_1_819' title='bbox 175 4267 331 4339; x_wconf 82' lang='lat' dir='ltr'>complacuit</span> <span class='ocrx_word' id='word_1_820' title='bbox 349 4266 399 4321; x_wconf 83' lang='lat' dir='ltr'>sibi</span> <span class='ocrx_word' id='word_1_821' title='bbox 420 4267 447 4320; x_wconf 87' lang='lat' dir='ltr'>in</span> <span class='ocrx_word' id='word_1_822' title='bbox 465 4266 511 4320; x_wconf 87' lang='lat' dir='ltr'>illo</span> <span class='ocrx_word' id='word_1_823' title='bbox 529 4268 617 4321; x_wconf 80' lang='lat' dir='ltr'>citima</span> <span class='ocrx_word' id='word_1_824' title='bbox 639 4285 697 4322; x_wconf 83' lang='lat' dir='ltr'>mcc</span> <span class='ocrx_word' id='word_1_825' title='bbox 722 4267 805 4340; x_wconf 86' lang='lat' dir='ltr'>(lsai.</span> <span class='ocrx_word' id='word_1_826' title='bbox 832 4287 899 4334; x_wconf 82' lang='lat' dir='ltr'>xurr,</span> <span class='ocrx_word' id='word_1_827' title='bbox 922 4269 964 4341; x_wconf 81' lang='lat' dir='ltr'>l).</span> <span class='ocrx_word' id='word_1_828' title='bbox 1017 4268 1132 4334; x_wconf 90' lang='lat' dir='ltr'>oriatur,</span> <span class='ocrx_word' id='word_1_829' title='bbox 1151 4269 1223 4338; x_wconf 92' lang='lat' dir='ltr'>quod</span> <span class='ocrx_word' id='word_1_830' title='bbox 1240 4283 1293 4323; x_wconf 90' lang='lat' dir='ltr'>nou</span> <span class='ocrx_word' id='word_1_831' title='bbox 1317 4269 1403 4323; x_wconf 91' lang='lat' dir='ltr'>solum</span> <span class='ocrx_word' id='word_1_832' title='bbox 1417 4270 1444 4324; x_wconf 93' lang='lat' dir='ltr'>in</span> <span class='ocrx_word' id='word_1_833' title='bbox 1466 4271 1603 4327; x_wconf 88' lang='lat' dir='ltr'>radicibus</span> <span class='ocrx_word' id='word_1_834' title='bbox 1619 4272 1676 4327; x_wconf 91' lang='lat' dir='ltr'>suis</span> <span class='ocrx_word' id='word_1_835' title='bbox 1690 4286 1807 4341; x_wconf 84' lang='lat' dir='ltr'>creseat,</span> 
     </span>
     <span class='ocr_line' id='line_1_59' title="bbox 176 4336 1809 4410; baseline 0.006 -18"><span class='ocrx_word' id='word_1_836' title='bbox 176 4336 244 4393; x_wconf 77' lang='lat' dir='ltr'>Vide</span> <span class='ocrx_word' id='word_1_837' title='bbox 257 4352 361 4391; x_wconf 88' lang='lat' dir='ltr'>rursum</span> <span class='ocrx_word' id='word_1_838' title='bbox 380 4337 546 4405; x_wconf 86' lang='lat' dir='ltr'>praecitatarn</span> <span class='ocrx_word' id='word_1_839' title='bbox 566 4338 706 4409; x_wconf 87' lang='lat' dir='ltr'>epistolam</span> <span class='ocrx_word' id='word_1_840' title='bbox 720 4341 907 4410; x_wconf 84' lang='lat' dir='ltr'>episcoporum</span> <span class='ocrx_word' id='word_1_841' title='bbox 919 4339 965 4394; x_wconf 91' lang='lat' dir='ltr'>lli·</span> <span class='ocrx_word' id='word_1_842' title='bbox 1017 4338 1065 4392; x_wconf 88' lang='lat' dir='ltr'>scd</span> <span class='ocrx_word' id='word_1_843' title='bbox 1078 4338 1158 4391; x_wconf 88' lang='lat' dir='ltr'>ctiam</span> <span class='ocrx_word' id='word_1_844' title='bbox 1171 4347 1271 4392; x_wconf 78' lang='lat' dir='ltr'>sancta</span> <span class='ocrx_word' id='word_1_845' title='bbox 1284 4338 1411 4394; x_wconf 80' lang='lat' dir='ltr'>Ecclesiae</span> <span class='ocrx_word' id='word_1_846' title='bbox 1426 4341 1544 4396; x_wconf 86' lang='lat' dir='ltr'>sobolem</span> <span class='ocrx_word' id='word_1_847' title='bbox 1562 4356 1667 4398; x_wconf 81' lang='lat' dir='ltr'>veneno</span> <span class='ocrx_word' id='word_1_848' title='bbox 1685 4345 1729 4399; x_wconf 91' lang='lat' dir='ltr'>sui</span> <span class='ocrx_word' id='word_1_849' title='bbox 1743 4347 1809 4403; x_wconf 89' lang='lat' dir='ltr'>odo-</span> 
     </span>
     <span class='ocr_line' id='line_1_60' title="bbox 178 4406 1809 4498; baseline 0.009 -42"><span class='ocrx_word' id='word_1_850' title='bbox 178 4406 290 4478; x_wconf 77' lang='lat' dir='ltr'>s&#39;paniae.</span> <span class='ocrx_word' id='word_1_851' title='bbox 980 4409 1056 4498; x_wconf 75' lang='lat' dir='ltr'>Dris</span> <span class='ocrx_word' id='word_1_852' title='bbox 1071 4407 1183 4463; x_wconf 87' lang='lat' dir='ltr'>inliciat.</span> <span class='ocrx_word' id='word_1_853' title='bbox 1203 4428 1212 4460; x_wconf 83' lang='grc' dir='ltr'>ι</span> <span class='ocrx_word' id='word_1_854' title='bbox 1236 4409 1276 4463; x_wconf 82' lang='lat' dir='ltr'>Ex</span> <span class='ocrx_word' id='word_1_855' title='bbox 1303 4409 1449 4465; x_wconf 85' lang='lat' dir='ltr'>hisverbis</span> <span class='ocrx_word' id='word_1_856' title='bbox 1472 4411 1599 4482; x_wconf 81' lang='lat' dir='ltr'>colligere</span> <span class='ocrx_word' id='word_1_857' title='bbox 1623 4413 1713 4479; x_wconf 91' lang='lat' dir='ltr'>datur,</span> <span class='ocrx_word' id='word_1_858' title='bbox 1739 4415 1809 4471; x_wconf 88' lang='lat' dir='ltr'>alios</span> 
     </span>
    </p>
   </div>
   <div class='ocr_carea' id='block_1_3' title="bbox 175 4477 1809 4658">
    <p class='ocr_par' dir='ltr' id='par_1_3' title="bbox 175 4477 1809 4658">
     <span class='ocr_line' id='line_1_61' title="bbox 212 4477 1809 4600; baseline 0.004 -65"><span class='ocrx_word' id='word_1_859' title='bbox 212 4517 328 4575; x_wconf 60' lang='lat' dir='ltr'>xxm</span> <span class='ocrx_word' id='word_1_860' title='bbox 357 4515 451 4588; x_wconf 58' lang='lat' dir='ltr'>pum</span> <span class='ocrx_word' id='word_1_861' title='bbox 480 4527 572 4572; x_wconf 65' lang='lat' dir='ltr'>mmm</span> <span class='ocrx_word' id='word_1_862' title='bbox 600 4518 747 4588; x_wconf 36' lang='lat' dir='ltr'>maenum·</span> <span class='ocrx_word' id='word_1_863' title='bbox 767 4549 801 4559; x_wconf 63' lang='grc'>-</span> <span class='ocrx_word' id='word_1_864' title='bbox 820 4519 902 4575; x_wconf 53' lang='lat' dir='ltr'>Forte</span> <span class='ocrx_word' id='word_1_865' title='bbox 924 4528 963 4574; x_wconf 44' lang='lat' dir='ltr'>[a.</span> <span class='ocrx_word' id='word_1_866' title='bbox 1017 4477 1105 4532; x_wconf 89' lang='lat' dir='ltr'>adbuc</span> <span class='ocrx_word' id='word_1_867' title='bbox 1128 4486 1227 4600; x_wconf 55' lang='lat' dir='ltr'>praeter</span> <span class='ocrx_word' id='word_1_868' title='bbox 1253 4488 1420 4600; x_wconf 53' lang='grc' dir='ltr'>ιιιιιιιιιοιιιοεΙ</span> <span class='ocrx_word' id='word_1_869' title='bbox 1435 4494 1557 4564; x_wconf 32' lang='lat' dir='ltr'>‘errores&#39;</span> <span class='ocrx_word' id='word_1_870' title='bbox 1576 4481 1736 4565; x_wconf 77' lang='lat' dir='ltr'>llispanium</span> <span class='ocrx_word' id='word_1_871' title='bbox 1761 4486 1809 4542; x_wconf 83' lang='lat' dir='ltr'>alle</span> 
     </span>
     <span class='ocr_line' id='line_1_62' title="bbox 175 4550 1808 4658; baseline -0.004 -12"><span class='ocrx_word' id='word_1_872' title='bbox 175 4607 236 4646; x_wconf 69' lang='lat' dir='ltr'>men</span> <span class='ocrx_word' id='word_1_873' title='bbox 251 4590 372 4658; x_wconf 82' lang='lat' dir='ltr'>proxima</span> <span class='ocrx_word' id='word_1_874' title='bbox 388 4590 424 4643; x_wconf 90' lang='lat' dir='ltr'>ita</span> <span class='ocrx_word' id='word_1_875' title='bbox 448 4588 482 4643; x_wconf 89' lang='lat' dir='ltr'>de</span> <span class='ocrx_word' id='word_1_876' title='bbox 501 4588 607 4644; x_wconf 82' lang='lat' dir='ltr'>Christo</span> <span class='ocrx_word' id='word_1_877' title='bbox 627 4589 759 4644; x_wconf 87' lang='lat' dir='ltr'>sentiendi</span> <span class='ocrx_word' id='word_1_878' title='bbox 783 4590 891 4645; x_wconf 90' lang='lat' dir='ltr'>occasio</span> <span class='ocrx_word' id='word_1_879' title='bbox 914 4590 964 4644; x_wconf 86' lang='lat' dir='ltr'>luit</span> <span class='ocrx_word' id='word_1_880' title='bbox 1015 4562 1073 4601; x_wconf 58' lang='lat' dir='ltr'>mm</span> <span class='ocrx_word' id='word_1_881' title='bbox 1085 4556 1129 4601; x_wconf 55' lang='lat' dir='ltr'>mr</span> <span class='ocrx_word' id='word_1_882' title='bbox 1147 4563 1216 4612; x_wconf 56' lang='grc' dir='ltr'>Μ’</span> <span class='ocrx_word' id='word_1_883' title='bbox 1232 4557 1257 4601; x_wconf 68' lang='lat'>¹³</span> <span class='ocrx_word' id='word_1_884' title='bbox 1269 4562 1361 4617; x_wconf 38' lang='grc' dir='ltr'>θῆκ’</span> <span class='ocrx_word' id='word_1_885' title='bbox 1376 4565 1421 4618; x_wconf 64' lang='grc' dir='ltr'>ΨΗ</span> <span class='ocrx_word' id='word_1_886' title='bbox 1435 4565 1460 4604; x_wconf 80' lang='lat'>¹¹¹</span> <span class='ocrx_word' id='word_1_887' title='bbox 1474 4550 1718 4608; x_wconf 64' lang='lat' dir='ltr'>p¹¹⁵⁰¹n¹²¹¹⁰⁰¹¹¹¹¹</span> <span class='ocrx_word' id='word_1_888' title='bbox 1732 4555 1808 4611; x_wconf 72' lang='lat'>‘¹²⁰¹&#39;</span> 
     </span>
    </p>
   </div>
   <div class='ocr_carea' id='block_1_4' title="bbox 175 4616 1808 4781">
    <p class='ocr_par' dir='ltr' id='par_1_4' title="bbox 175 4616 1808 4781">
     <span class='ocr_line' id='line_1_63' title="bbox 175 4616 1808 4781; baseline 0.004 -107"><span class='ocrx_word' id='word_1_889' title='bbox 175 4675 262 4729; x_wconf 56' lang='lat' dir='ltr'>pugna</span> <span class='ocrx_word' id='word_1_890' title='bbox 291 4658 353 4723; x_wconf 48' lang='lat' dir='ltr'>ma,</span> <span class='ocrx_word' id='word_1_891' title='bbox 373 4673 454 4781; x_wconf 52' lang='lat' dir='ltr'>auam</span> <span class='ocrx_word' id='word_1_892' title='bbox 482 4659 642 4713; x_wconf 52' lang='lat' dir='ltr'>acerrimam</span> <span class='ocrx_word' id='word_1_893' title='bbox 673 4660 858 4714; x_wconf 45' lang='lat' dir='ltr'>decertaverat</span> <span class='ocrx_word' id='word_1_894' title='bbox 882 4660 963 4730; x_wconf 60' lang='lat' dir='ltr'>paulo</span> <span class='ocrx_word' id='word_1_895' title='bbox 1014 4617 1070 4670; x_wconf 90' lang='lat' dir='ltr'>nati</span> <span class='ocrx_word' id='word_1_896' title='bbox 1099 4616 1255 4682; x_wconf 70' lang='lat' dir='ltr'>lucrantes</span> <span class='ocrx_word' id='word_1_897' title='bbox 1274 4633 1389 4688; x_wconf 90' lang='lat' dir='ltr'>quorum</span> <span class='ocrx_word' id='word_1_898' title='bbox 1412 4621 1646 4677; x_wconf 88' lang='lat' dir='ltr'>resuscitationem</span> <span class='ocrx_word' id='word_1_899' title='bbox 1669 4622 1808 4683; x_wconf 75' lang='lat' dir='ltr'>Adrianus</span> 
     </span>
    </p>
   </div>
   <div class='ocr_carea' id='block_1_5' title="bbox 174 4685 1810 5713">
    <p class='ocr_par' dir='ltr' id='par_1_5' title="bbox 175 4685 1268 4809">
     <span class='ocr_line' id='line_1_64' title="bbox 175 4685 1268 4809; baseline 0.004 -25"><span class='ocrx_word' id='word_1_900' title='bbox 175 4740 255 4785; x_wconf 88' lang='lat' dir='ltr'>autea</span> <span class='ocrx_word' id='word_1_901' title='bbox 281 4728 371 4809; x_wconf 68' lang='lat' dir='ltr'>Elipau</span> <span class='ocrx_word' id='word_1_902' title='bbox 392 4744 423 4783; x_wconf 87' lang='lat' dir='ltr'>us</span> <span class='ocrx_word' id='word_1_903' title='bbox 451 4737 544 4809; x_wconf 78' lang='lat' dir='ltr'>scutra</span> <span class='ocrx_word' id='word_1_904' title='bbox 569 4729 725 4785; x_wconf 76' lang='lat' dir='ltr'>hereticum</span> <span class='ocrx_word' id='word_1_905' title='bbox 747 4731 891 4798; x_wconf 90' lang='lat' dir='ltr'>quemdam</span> <span class='ocrx_word' id='word_1_906' title='bbox 915 4746 962 4786; x_wconf 90' lang='lat' dir='ltr'>no·</span> <span class='ocrx_word' id='word_1_907' title='bbox 1013 4699 1082 4755; x_wconf 61' lang='lat'>⁹³9³</span> <span class='ocrx_word' id='word_1_908' title='bbox 1096 4685 1268 4742; x_wconf 54' lang='lat' dir='ltr'>mundam</span> 
     </span>
    </p>

    <p class='ocr_par' dir='ltr' id='par_1_6' title="bbox 174 4797 1810 5713">
     <span class='ocr_line' id='line_1_65' title="bbox 176 4797 1807 4876; baseline 0.004 -22"><span class='ocrx_word' id='word_1_909' title='bbox 176 4801 248 4854; x_wconf 89' lang='grc' dir='ltr'>ιιιιιιι</span> <span class='ocrx_word' id='word_1_910' title='bbox 267 4797 300 4852; x_wconf 83' lang='grc' dir='ltr'>ιιι</span> <span class='ocrx_word' id='word_1_911' title='bbox 321 4806 419 4862; x_wconf 79' lang='lat' dir='ltr'>cuuto,</span> <span class='ocrx_word' id='word_1_912' title='bbox 443 4813 520 4866; x_wconf 81' lang='lat' dir='ltr'>crpus</span> <span class='ocrx_word' id='word_1_913' title='bbox 543 4799 685 4854; x_wconf 92' lang='lat' dir='ltr'>historiam</span> <span class='ocrx_word' id='word_1_914' title='bbox 703 4800 794 4855; x_wconf 87' lang='lat' dir='ltr'>multis</span> <span class='ocrx_word' id='word_1_915' title='bbox 816 4800 904 4856; x_wconf 88' lang='lat' dir='ltr'>adhue</span> <span class='ocrx_word' id='word_1_916' title='bbox 924 4811 963 4856; x_wconf 88' lang='lat' dir='ltr'>te-</span> <span class='ocrx_word' id='word_1_917' title='bbox 1047 4797 1144 4854; x_wconf 68' lang='lat' dir='ltr'>xxia.</span> <span class='ocrx_word' id='word_1_918' title='bbox 1168 4797 1278 4852; x_wconf 83' lang='lat' dir='ltr'>Frrercs</span> <span class='ocrx_word' id='word_1_919' title='bbox 1305 4798 1567 4856; x_wconf 83' lang='lat' dir='ltr'>Priscillianistarem</span> <span class='ocrx_word' id='word_1_920' title='bbox 1592 4820 1608 4857; x_wconf 83' lang='lat' dir='ltr'>a</span> <span class='ocrx_word' id='word_1_921' title='bbox 1637 4802 1746 4876; x_wconf 75' lang='lat' dir='ltr'>llipetle</span> <span class='ocrx_word' id='word_1_922' title='bbox 1763 4822 1807 4861; x_wconf 75' lang='lat' dir='ltr'>rs·</span> 
     </span>
     <span class='ocr_line' id='line_1_66' title="bbox 174 4812 1808 4948; baseline 0.004 -22"><span class='ocrx_word' id='word_1_923' title='bbox 174 4869 266 4926; x_wconf 80' lang='lat' dir='ltr'>imbris</span> <span class='ocrx_word' id='word_1_924' title='bbox 289 4812 441 4948; x_wconf 54' lang='grc' dir='ltr'>οἱιιιιιιιιιι</span> <span class='ocrx_word' id='word_1_925' title='bbox 466 4870 559 4936; x_wconf 88' lang='lat' dir='ltr'>paucis</span> <span class='ocrx_word' id='word_1_926' title='bbox 580 4871 624 4924; x_wconf 85' lang='lat' dir='ltr'>liic</span> <span class='ocrx_word' id='word_1_927' title='bbox 645 4869 797 4934; x_wconf 85' lang='lat' dir='ltr'>discutere,</span> <span class='ocrx_word' id='word_1_928' title='bbox 824 4880 852 4925; x_wconf 90' lang='grc' dir='ltr'>ιι</span> <span class='ocrx_word' id='word_1_929' title='bbox 877 4886 962 4939; x_wconf 91' lang='lat' dir='ltr'>quan·</span> <span class='ocrx_word' id='word_1_930' title='bbox 1011 4869 1141 4924; x_wconf 80' lang='lat' dir='ltr'>suscitati.</span> <span class='ocrx_word' id='word_1_931' title='bbox 1164 4897 1200 4909; x_wconf 88' lang='lat'>-·</span> <span class='ocrx_word' id='word_1_932' title='bbox 1218 4867 1302 4924; x_wconf 90' lang='lat' dir='ltr'>Porro</span> <span class='ocrx_word' id='word_1_933' title='bbox 1321 4869 1441 4939; x_wconf 87' lang='lat' dir='ltr'>primarii</span> <span class='ocrx_word' id='word_1_934' title='bbox 1468 4870 1735 4930; x_wconf 84' lang='lat' dir='ltr'>Priscillianistarurn</span> <span class='ocrx_word' id='word_1_935' title='bbox 1760 4890 1808 4933; x_wconf 82' lang='lat' dir='ltr'>er-</span> 
     </span>
     <span class='ocr_line' id='line_1_67' title="bbox 174 4937 1808 5009; baseline 0.005 -14"><span class='ocrx_word' id='word_1_936' title='bbox 174 4950 233 4995; x_wconf 89' lang='lat' dir='ltr'>tum</span> <span class='ocrx_word' id='word_1_937' title='bbox 257 4937 384 5009; x_wconf 82' lang='lat' dir='ltr'>possibile</span> <span class='ocrx_word' id='word_1_938' title='bbox 409 4946 462 5000; x_wconf 87' lang='lat' dir='ltr'>est,</span> <span class='ocrx_word' id='word_1_939' title='bbox 486 4939 514 4991; x_wconf 94' lang='lat' dir='ltr'>in</span> <span class='ocrx_word' id='word_1_940' title='bbox 540 4940 632 5009; x_wconf 88' lang='lat' dir='ltr'>aprico</span> <span class='ocrx_word' id='word_1_941' title='bbox 666 4954 746 4994; x_wconf 88' lang='lat' dir='ltr'>onere</span> <span class='ocrx_word' id='word_1_942' title='bbox 772 4941 843 4995; x_wconf 92' lang='lat' dir='ltr'>haud</span> <span class='ocrx_word' id='word_1_943' title='bbox 867 4941 962 4997; x_wconf 89' lang='lat' dir='ltr'>inutile</span> <span class='ocrx_word' id='word_1_944' title='bbox 1011 4954 1108 5003; x_wconf 91' lang='lat' dir='ltr'>rores,</span> <span class='ocrx_word' id='word_1_945' title='bbox 1133 4945 1214 5009; x_wconf 90' lang='lat' dir='ltr'>prout</span> <span class='ocrx_word' id='word_1_946' title='bbox 1238 4937 1341 4997; x_wconf 88' lang='lat' dir='ltr'>illoscx</span> <span class='ocrx_word' id='word_1_947' title='bbox 1360 4940 1447 4995; x_wconf 89' lang='lat' dir='ltr'>sancti</span> <span class='ocrx_word' id='word_1_948' title='bbox 1471 4941 1570 4999; x_wconf 86' lang='lat' dir='ltr'>Leonis</span> <span class='ocrx_word' id='word_1_949' title='bbox 1593 4943 1627 4998; x_wconf 91' lang='lat' dir='ltr'>ad</span> <span class='ocrx_word' id='word_1_950' title='bbox 1649 4943 1808 5003; x_wconf 83' lang='lat' dir='ltr'>&#39;Furribium</span> 
     </span>
     <span class='ocr_line' id='line_1_68' title="bbox 174 4954 1809 5093; baseline 0.005 -28"><span class='ocrx_word' id='word_1_951' title='bbox 174 5011 236 5066; x_wconf 86' lang='lat' dir='ltr'>erit.</span> <span class='ocrx_word' id='word_1_952' title='bbox 265 5007 426 5088; x_wconf 81' lang='lat' dir='ltr'>Mentioncm</span> <span class='ocrx_word' id='word_1_953' title='bbox 449 5006 521 5061; x_wconf 90' lang='lat' dir='ltr'>illius</span> <span class='ocrx_word' id='word_1_954' title='bbox 559 5009 629 5088; x_wconf 81' lang='lat' dir='ltr'>rimo</span> <span class='ocrx_word' id='word_1_955' title='bbox 646 4954 715 5064; x_wconf 50' lang='lat' dir='ltr'>facit</span> <span class='ocrx_word' id='word_1_956' title='bbox 738 5010 874 5066; x_wconf 75' lang='lat' dir='ltr'>Adrianus</span> <span class='ocrx_word' id='word_1_957' title='bbox 892 5028 960 5093; x_wconf 90' lang='lat' dir='ltr'>papa</span> <span class='ocrx_word' id='word_1_958' title='bbox 1010 5010 1212 5064; x_wconf 69' lang='lat' dir='ltr'>asturicensem</span> <span class='ocrx_word' id='word_1_959' title='bbox 1223 5008 1335 5079; x_wconf 88' lang='lat' dir='ltr'>epistola</span> <span class='ocrx_word' id='word_1_960' title='bbox 1348 5010 1487 5075; x_wconf 90' lang='lat' dir='ltr'>discimus,</span> <span class='ocrx_word' id='word_1_961' title='bbox 1504 5012 1529 5066; x_wconf 93' lang='lat' dir='ltr'>iu</span> <span class='ocrx_word' id='word_1_962' title='bbox 1542 5028 1576 5068; x_wconf 94' lang='lat' dir='ltr'>eo</span> <span class='ocrx_word' id='word_1_963' title='bbox 1587 5017 1725 5079; x_wconf 81' lang='lat' dir='ltr'>erant,l·</span> <span class='ocrx_word' id='word_1_964' title='bbox 1734 5019 1809 5090; x_wconf 83' lang='lat' dir='ltr'>qued</span> 
     </span>
     <span class='ocr_line' id='line_1_69' title="bbox 175 5076 1808 5160; baseline 0.004 -24"><span class='ocrx_word' id='word_1_965' title='bbox 175 5081 202 5135; x_wconf 94' lang='lat' dir='ltr'>in</span> <span class='ocrx_word' id='word_1_966' title='bbox 213 5079 324 5150; x_wconf 85' lang='lat' dir='ltr'>epistola</span> <span class='ocrx_word' id='word_1_967' title='bbox 338 5076 372 5132; x_wconf 91' lang='lat' dir='ltr'>ad</span> <span class='ocrx_word' id='word_1_968' title='bbox 384 5091 523 5146; x_wconf 89' lang='lat' dir='ltr'>eptscopos</span> <span class='ocrx_word' id='word_1_969' title='bbox 568 5079 667 5160; x_wconf 80' lang='lat' dir='ltr'>spaniae</span> <span class='ocrx_word' id='word_1_970' title='bbox 678 5080 789 5145; x_wconf 88' lang='lat' dir='ltr'>directa,</span> <span class='ocrx_word' id='word_1_971' title='bbox 802 5081 847 5135; x_wconf 93' lang='lat' dir='ltr'>ubi</span> <span class='ocrx_word' id='word_1_972' title='bbox 858 5082 960 5151; x_wconf 82' lang='lat' dir='ltr'>Egdam</span> <span class='ocrx_word' id='word_1_973' title='bbox 1011 5079 1101 5134; x_wconf 87' lang='lat' dir='ltr'>Patris</span> <span class='ocrx_word' id='word_1_974' title='bbox 1129 5088 1157 5133; x_wconf 92' lang='lat' dir='ltr'>et</span> <span class='ocrx_word' id='word_1_975' title='bbox 1175 5078 1236 5133; x_wconf 91' lang='lat' dir='ltr'>Filii</span> <span class='ocrx_word' id='word_1_976' title='bbox 1252 5087 1279 5134; x_wconf 91' lang='lat' dir='ltr'>et</span> <span class='ocrx_word' id='word_1_977' title='bbox 1299 5078 1417 5149; x_wconf 88' lang='lat' dir='ltr'>Spiritus</span> <span class='ocrx_word' id='word_1_978' title='bbox 1441 5083 1619 5138; x_wconf 87' lang='lat' dir='ltr'>sanctionum</span> <span class='ocrx_word' id='word_1_979' title='bbox 1640 5093 1723 5154; x_wconf 89' lang='lat' dir='ltr'>atque</span> <span class='ocrx_word' id='word_1_980' title='bbox 1734 5103 1808 5145; x_wconf 84' lang='lat' dir='ltr'>eam·</span> 
     </span>
     <span class='ocr_line' id='line_1_70' title="bbox 175 5147 1809 5223; baseline 0.006 -18"><span class='ocrx_word' id='word_1_981' title='bbox 175 5150 250 5221; x_wconf 78' lang='lat' dir='ltr'>regni</span> <span class='ocrx_word' id='word_1_982' title='bbox 262 5148 335 5204; x_wconf 90' lang='lat' dir='ltr'>illius</span> <span class='ocrx_word' id='word_1_983' title='bbox 346 5147 500 5217; x_wconf 87' lang='lat' dir='ltr'>episcopum</span> <span class='ocrx_word' id='word_1_984' title='bbox 514 5157 611 5218; x_wconf 73' lang='lat' dir='ltr'>arguat,</span> <span class='ocrx_word' id='word_1_985' title='bbox 625 5151 694 5217; x_wconf 85' lang='lat' dir='ltr'>quud</span> <span class='ocrx_word' id='word_1_986' title='bbox 708 5165 815 5206; x_wconf 86' lang='lat' dir='ltr'>errores</span> <span class='ocrx_word' id='word_1_987' title='bbox 828 5152 960 5219; x_wconf 90' lang='lat' dir='ltr'>quosdam</span> <span class='ocrx_word' id='word_1_988' title='bbox 1011 5150 1072 5205; x_wconf 87' lang='lat' dir='ltr'>deru</span> <span class='ocrx_word' id='word_1_989' title='bbox 1096 5164 1239 5217; x_wconf 86' lang='lat' dir='ltr'>personam</span> <span class='ocrx_word' id='word_1_990' title='bbox 1262 5164 1322 5204; x_wconf 89' lang='lat' dir='ltr'>esse</span> <span class='ocrx_word' id='word_1_991' title='bbox 1344 5165 1406 5204; x_wconf 92' lang='lat' dir='ltr'>cum</span> <span class='ocrx_word' id='word_1_992' title='bbox 1425 5149 1542 5207; x_wconf 87' lang='lat' dir='ltr'>Sabellio</span> <span class='ocrx_word' id='word_1_993' title='bbox 1565 5157 1743 5223; x_wconf 83' lang='lat' dir='ltr'>asseruerint,</span> <span class='ocrx_word' id='word_1_994' title='bbox 1759 5174 1809 5215; x_wconf 86' lang='lat' dir='ltr'>eu-</span> 
     </span>
     <span class='ocr_line' id='line_1_71' title="bbox 175 5218 1808 5299; baseline 0.003 -26"><span class='ocrx_word' id='word_1_995' title='bbox 175 5219 274 5290; x_wconf 74' lang='lat' dir='ltr'>lligctii</span> <span class='ocrx_word' id='word_1_996' title='bbox 291 5219 412 5289; x_wconf 77' lang='lat' dir='ltr'>magistri</span> <span class='ocrx_word' id='word_1_997' title='bbox 427 5218 469 5274; x_wconf 90' lang='lat' dir='ltr'>sui</span> <span class='ocrx_word' id='word_1_998' title='bbox 485 5227 592 5279; x_wconf 86' lang='lat' dir='ltr'>secutus</span> <span class='ocrx_word' id='word_1_999' title='bbox 607 5220 657 5284; x_wconf 90' lang='lat' dir='ltr'>sit;</span> <span class='ocrx_word' id='word_1_1000' title='bbox 679 5221 789 5290; x_wconf 83' lang='lat' dir='ltr'>quinam</span> <span class='ocrx_word' id='word_1_1001' title='bbox 807 5229 898 5276; x_wconf 89' lang='lat' dir='ltr'>lamen</span> <span class='ocrx_word' id='word_1_1002' title='bbox 921 5238 961 5276; x_wconf 91' lang='lat' dir='ltr'>er·</span> <span class='ocrx_word' id='word_1_1003' title='bbox 1010 5221 1054 5290; x_wconf 78' lang='lat' dir='ltr'>ius</span> <span class='ocrx_word' id='word_1_1004' title='bbox 1072 5219 1207 5288; x_wconf 90' lang='lat' dir='ltr'>discipuli,</span> <span class='ocrx_word' id='word_1_1005' title='bbox 1237 5219 1276 5273; x_wconf 91' lang='grc' dir='ltr'>ιιι</span> <span class='ocrx_word' id='word_1_1006' title='bbox 1306 5228 1416 5274; x_wconf 91' lang='lat' dir='ltr'>sanctus</span> <span class='ocrx_word' id='word_1_1007' title='bbox 1445 5219 1500 5276; x_wconf 84' lang='lat' dir='ltr'>Leo</span> <span class='ocrx_word' id='word_1_1008' title='bbox 1526 5223 1574 5278; x_wconf 86' lang='lat' dir='ltr'>cit.</span> <span class='ocrx_word' id='word_1_1009' title='bbox 1605 5225 1658 5280; x_wconf 88' lang='lat' dir='ltr'>loc.</span> <span class='ocrx_word' id='word_1_1010' title='bbox 1687 5241 1751 5299; x_wconf 80' lang='lat' dir='ltr'>cap.</span> <span class='ocrx_word' id='word_1_1011' title='bbox 1780 5229 1808 5291; x_wconf 83' lang='lat' dir='ltr'>l,</span> 
     </span>
     <span class='ocr_line' id='line_1_72' title="bbox 175 5287 1810 5369; baseline 0.006 -25"><span class='ocrx_word' id='word_1_1012' title='bbox 175 5304 252 5344; x_wconf 85' lang='lat' dir='ltr'>rores</span> <span class='ocrx_word' id='word_1_1013' title='bbox 264 5287 302 5342; x_wconf 96' lang='lat' dir='ltr'>illi</span> <span class='ocrx_word' id='word_1_1014' title='bbox 315 5287 427 5354; x_wconf 85' lang='lat' dir='ltr'>luerint,</span> <span class='ocrx_word' id='word_1_1015' title='bbox 446 5288 517 5344; x_wconf 87' lang='lat' dir='ltr'>baud</span> <span class='ocrx_word' id='word_1_1016' title='bbox 535 5287 704 5343; x_wconf 85' lang='lat' dir='ltr'>determinat</span> <span class='ocrx_word' id='word_1_1017' title='bbox 716 5289 840 5359; x_wconf 81' lang='lat' dir='ltr'>Episcopi</span> <span class='ocrx_word' id='word_1_1018' title='bbox 862 5291 960 5360; x_wconf 88' lang='lat' dir='ltr'>llispa-</span> <span class='ocrx_word' id='word_1_1019' title='bbox 1015 5309 1024 5340; x_wconf 81' lang='grc' dir='ltr'>ι</span> <span class='ocrx_word' id='word_1_1020' title='bbox 1052 5289 1133 5343; x_wconf 86' lang='lat' dir='ltr'>etiam</span> <span class='ocrx_word' id='word_1_1021' title='bbox 1157 5289 1350 5357; x_wconf 73' lang='lat' dir='ltr'>patripassiani</span> <span class='ocrx_word' id='word_1_1022' title='bbox 1379 5291 1476 5344; x_wconf 90' lang='lat' dir='ltr'>merito</span> <span class='ocrx_word' id='word_1_1023' title='bbox 1506 5303 1715 5364; x_wconf 78' lang='lat' dir='ltr'>nuncupantur3</span> <span class='ocrx_word' id='word_1_1024' title='bbox 1744 5300 1810 5369; x_wconf 86' lang='lat' dir='ltr'>quia</span> 
     </span>
     <span class='ocr_line' id='line_1_73' title="bbox 175 5356 1810 5430; baseline 0.007 -19"><span class='ocrx_word' id='word_1_1025' title='bbox 175 5357 227 5412; x_wconf 75' lang='lat' dir='ltr'>nias</span> <span class='ocrx_word' id='word_1_1026' title='bbox 254 5358 280 5412; x_wconf 93' lang='lat' dir='ltr'>in</span> <span class='ocrx_word' id='word_1_1027' title='bbox 296 5368 445 5414; x_wconf 87' lang='lat' dir='ltr'>memorata</span> <span class='ocrx_word' id='word_1_1028' title='bbox 466 5356 521 5428; x_wconf 85' lang='lat' dir='ltr'>jam</span> <span class='ocrx_word' id='word_1_1029' title='bbox 548 5359 659 5429; x_wconf 88' lang='lat' dir='ltr'>epistola</span> <span class='ocrx_word' id='word_1_1030' title='bbox 681 5359 715 5414; x_wconf 93' lang='lat' dir='ltr'>ad</span> <span class='ocrx_word' id='word_1_1031' title='bbox 740 5362 880 5430; x_wconf 88' lang='lat' dir='ltr'>episcopos</span> <span class='ocrx_word' id='word_1_1032' title='bbox 899 5361 961 5416; x_wconf 87' lang='lat' dir='ltr'>Gal·</span> <span class='ocrx_word' id='word_1_1033' title='bbox 1012 5360 1035 5415; x_wconf 91' lang='lat' dir='ltr'>si</span> <span class='ocrx_word' id='word_1_1034' title='bbox 1050 5359 1107 5427; x_wconf 90' lang='lat' dir='ltr'>ipse</span> <span class='ocrx_word' id='word_1_1035' title='bbox 1127 5365 1169 5412; x_wconf 91' lang='lat' dir='ltr'>est</span> <span class='ocrx_word' id='word_1_1036' title='bbox 1194 5357 1287 5424; x_wconf 88' lang='lat' dir='ltr'>Filius,</span> <span class='ocrx_word' id='word_1_1037' title='bbox 1310 5358 1356 5429; x_wconf 90' lang='lat' dir='ltr'>qui</span> <span class='ocrx_word' id='word_1_1038' title='bbox 1384 5368 1412 5413; x_wconf 89' lang='grc' dir='ltr'>ιι</span> <span class='ocrx_word' id='word_1_1039' title='bbox 1432 5359 1523 5426; x_wconf 90' lang='lat' dir='ltr'>Pater,</span> <span class='ocrx_word' id='word_1_1040' title='bbox 1539 5378 1605 5417; x_wconf 87' lang='lat' dir='ltr'>crux</span> <span class='ocrx_word' id='word_1_1041' title='bbox 1629 5363 1692 5421; x_wconf 84' lang='lat' dir='ltr'>Filii</span> <span class='ocrx_word' id='word_1_1042' title='bbox 1718 5366 1810 5423; x_wconf 83' lang='lat' dir='ltr'>Patris</span> 
     </span>
     <span class='ocr_line' id='line_1_74' title="bbox 176 5426 1810 5502; baseline 0.007 -20"><span class='ocrx_word' id='word_1_1043' title='bbox 176 5426 228 5491; x_wconf 74' lang='lat' dir='ltr'>lie,</span> <span class='ocrx_word' id='word_1_1044' title='bbox 242 5435 308 5492; x_wconf 78' lang='lat' dir='ltr'>etc..</span> <span class='ocrx_word' id='word_1_1045' title='bbox 323 5427 435 5484; x_wconf 86' lang='lat' dir='ltr'>Beatum</span> <span class='ocrx_word' id='word_1_1046' title='bbox 448 5428 573 5485; x_wconf 87' lang='lat' dir='ltr'>abbatem</span> <span class='ocrx_word' id='word_1_1047' title='bbox 590 5429 697 5502; x_wconf 73' lang='lat' dir='ltr'>lligetio</span> <span class='ocrx_word' id='word_1_1048' title='bbox 709 5429 824 5486; x_wconf 89' lang='lat' dir='ltr'>similem</span> <span class='ocrx_word' id='word_1_1049' title='bbox 845 5446 905 5487; x_wconf 85' lang='lat' dir='ltr'>esse</span> <span class='ocrx_word' id='word_1_1050' title='bbox 919 5447 962 5485; x_wconf 91' lang='lat' dir='ltr'>ar·</span> <span class='ocrx_word' id='word_1_1051' title='bbox 1012 5437 1053 5484; x_wconf 88' lang='lat' dir='ltr'>est</span> <span class='ocrx_word' id='word_1_1052' title='bbox 1069 5429 1173 5498; x_wconf 90' lang='lat' dir='ltr'>passio;</span> <span class='ocrx_word' id='word_1_1053' title='bbox 1199 5437 1226 5481; x_wconf 92' lang='lat' dir='ltr'>ct</span> <span class='ocrx_word' id='word_1_1054' title='bbox 1247 5428 1376 5499; x_wconf 90' lang='lat' dir='ltr'>quidquid</span> <span class='ocrx_word' id='word_1_1055' title='bbox 1395 5430 1422 5483; x_wconf 93' lang='lat' dir='ltr'>in</span> <span class='ocrx_word' id='word_1_1056' title='bbox 1439 5428 1524 5484; x_wconf 88' lang='grc' dir='ltr'>ιοιιιιι</span> <span class='ocrx_word' id='word_1_1057' title='bbox 1539 5434 1610 5487; x_wconf 81' lang='lat' dir='ltr'>sarri</span> <span class='ocrx_word' id='word_1_1058' title='bbox 1636 5433 1810 5497; x_wconf 71' lang='lat' dir='ltr'>FiliusPatri</span> 
     </span>
     <span class='ocr_line' id='line_1_75' title="bbox 174 5498 1810 5574; baseline 0.009 -25"><span class='ocrx_word' id='word_1_1059' title='bbox 174 5503 275 5567; x_wconf 74' lang='lat' dir='ltr'>guunt3</span> <span class='ocrx_word' id='word_1_1060' title='bbox 291 5505 319 5550; x_wconf 88' lang='lat' dir='ltr'>at</span> <span class='ocrx_word' id='word_1_1061' title='bbox 329 5499 363 5552; x_wconf 91' lang='lat' dir='ltr'>dc</span> <span class='ocrx_word' id='word_1_1062' title='bbox 375 5498 454 5567; x_wconf 84' lang='lat' dir='ltr'>hujus</span> <span class='ocrx_word' id='word_1_1063' title='bbox 468 5501 605 5555; x_wconf 90' lang='lat' dir='ltr'>erroribus</span> <span class='ocrx_word' id='word_1_1064' title='bbox 625 5500 743 5555; x_wconf 86' lang='lat' dir='ltr'>nonnisi</span> <span class='ocrx_word' id='word_1_1065' title='bbox 761 5502 876 5556; x_wconf 88' lang='lat' dir='ltr'>obseura</span> <span class='ocrx_word' id='word_1_1066' title='bbox 891 5502 960 5556; x_wconf 93' lang='lat' dir='ltr'>iudi·</span> <span class='ocrx_word' id='word_1_1067' title='bbox 1012 5499 1161 5554; x_wconf 87' lang='lat' dir='ltr'>obediendo</span> <span class='ocrx_word' id='word_1_1068' title='bbox 1185 5499 1324 5562; x_wconf 90' lang='lat' dir='ltr'>sustinuit,</span> <span class='ocrx_word' id='word_1_1069' title='bbox 1345 5507 1431 5554; x_wconf 92' lang='lat' dir='ltr'>totum</span> <span class='ocrx_word' id='word_1_1070' title='bbox 1446 5500 1472 5554; x_wconf 93' lang='lat' dir='ltr'>in</span> <span class='ocrx_word' id='word_1_1071' title='bbox 1486 5516 1516 5555; x_wconf 90' lang='lat' dir='ltr'>sc</span> <span class='ocrx_word' id='word_1_1072' title='bbox 1536 5502 1616 5557; x_wconf 84' lang='lat' dir='ltr'>Pater</span> <span class='ocrx_word' id='word_1_1073' title='bbox 1640 5504 1699 5574; x_wconf 88' lang='lat' dir='ltr'>ipse</span> <span class='ocrx_word' id='word_1_1074' title='bbox 1715 5521 1810 5564; x_wconf 84' lang='lat' dir='ltr'>susce·</span> 
     </span>
     <span class='ocr_line' id='line_1_76' title="bbox 175 5566 1809 5644; baseline 0.006 -24"><span class='ocrx_word' id='word_1_1075' title='bbox 175 5569 219 5621; x_wconf 88' lang='lat' dir='ltr'>cia</span> <span class='ocrx_word' id='word_1_1076' title='bbox 241 5566 458 5623; x_wconf 86' lang='lat' dir='ltr'>subministrant.</span> <span class='ocrx_word' id='word_1_1077' title='bbox 488 5569 632 5640; x_wconf 83' lang='lat' dir='ltr'>Elipandus</span> <span class='ocrx_word' id='word_1_1078' title='bbox 651 5572 678 5625; x_wconf 95' lang='lat' dir='ltr'>in</span> <span class='ocrx_word' id='word_1_1079' title='bbox 709 5586 757 5626; x_wconf 90' lang='lat' dir='ltr'>sua</span> <span class='ocrx_word' id='word_1_1080' title='bbox 784 5572 818 5626; x_wconf 89' lang='lat' dir='ltr'>ad</span> <span class='ocrx_word' id='word_1_1081' title='bbox 841 5571 960 5626; x_wconf 84' lang='lat' dir='ltr'>Fidelem</span> <span class='ocrx_word' id='word_1_1082' title='bbox 1012 5569 1061 5639; x_wconf 90' lang='lat' dir='ltr'>pit.</span> <span class='ocrx_word' id='word_1_1083' title='bbox 1087 5568 1144 5621; x_wconf 74' lang='grc' dir='ltr'>ιιο</span> <span class='ocrx_word' id='word_1_1084' title='bbox 1160 5566 1237 5633; x_wconf 86' lang='lat' dir='ltr'>Quod</span> <span class='ocrx_word' id='word_1_1085' title='bbox 1257 5569 1370 5624; x_wconf 80' lang='lat' dir='ltr'>virtutes</span> <span class='ocrx_word' id='word_1_1086' title='bbox 1390 5570 1557 5638; x_wconf 90' lang='lat' dir='ltr'>quasdama</span> <span class='ocrx_word' id='word_1_1087' title='bbox 1585 5573 1641 5628; x_wconf 73' lang='lat' dir='ltr'>lico</span> <span class='ocrx_word' id='word_1_1088' title='bbox 1658 5579 1809 5644; x_wconf 76' lang='lat' dir='ltr'>procedere</span> 
     </span>
     <span class='ocr_line' id='line_1_77' title="bbox 174 5635 1807 5713; baseline 0.006 -20"><span class='ocrx_word' id='word_1_1089' title='bbox 174 5635 299 5710; x_wconf 80' lang='lat' dir='ltr'>epistola,</span> <span class='ocrx_word' id='word_1_1090' title='bbox 309 5637 386 5708; x_wconf 81' lang='lat' dir='ltr'>cujus</span> <span class='ocrx_word' id='word_1_1091' title='bbox 398 5635 577 5708; x_wconf 73' lang='lat' dir='ltr'>Fragmentum</span> <span class='ocrx_word' id='word_1_1092' title='bbox 597 5641 674 5697; x_wconf 86' lang='lat' dir='ltr'>uobis</span> <span class='ocrx_word' id='word_1_1093' title='bbox 688 5649 880 5697; x_wconf 86' lang='lat' dir='ltr'>conservarunt</span> <span class='ocrx_word' id='word_1_1094' title='bbox 894 5640 961 5698; x_wconf 78' lang='lat' dir='ltr'>lica-</span> <span class='ocrx_word' id='word_1_1095' title='bbox 1012 5638 1166 5705; x_wconf 90' lang='lat' dir='ltr'>statuerint,</span> <span class='ocrx_word' id='word_1_1096' title='bbox 1177 5653 1244 5708; x_wconf 92' lang='lat' dir='ltr'>quas</span> <span class='ocrx_word' id='word_1_1097' title='bbox 1259 5639 1358 5695; x_wconf 82' lang='lat' dir='ltr'>habere</span> <span class='ocrx_word' id='word_1_1098' title='bbox 1368 5642 1490 5708; x_wconf 85' lang='lat' dir='ltr'>coeperit,</span> <span class='ocrx_word' id='word_1_1099' title='bbox 1505 5649 1532 5695; x_wconf 89' lang='lat' dir='ltr'>et</span> <span class='ocrx_word' id='word_1_1100' title='bbox 1548 5657 1615 5713; x_wconf 91' lang='lat' dir='ltr'>quas</span> <span class='ocrx_word' id='word_1_1101' title='bbox 1628 5648 1751 5704; x_wconf 81' lang='grc' dir='ltr'>ιιιιιιιιι</span> <span class='ocrx_word' id='word_1_1102' title='bbox 1764 5648 1807 5705; x_wconf 87' lang='lat' dir='ltr'>sui</span> 
     </span>
    </p>
   </div>
   <div class='ocr_carea' id='block_1_6' title="bbox 0 0 1896 6116">
    <p class='ocr_par' dir='ltr' id='par_1_7' title="bbox 0 0 1896 6116">
     <span class='ocr_line' id='line_1_78' title="bbox 0 0 1896 6116; baseline 0 0"><span class='ocrx_word' id='word_1_1103' title='bbox 0 0 1896 6116; x_wconf 95' lang='lat' dir='ltr'> </span> 
     </span>
    </p>
   </div>
  </div>
 </body>
</html>
