3780 6120
129 282 193 340 toul
456 285 532 344 OPP.
551 283 667 344 edula.
686 313 721 326 -
738 283 852 342 stultu
871 283 1062 344 CONFESSlO
1080 282 1181 339 Fluul
1202 312 1238 324 -
1258 280 1350 340 PARS
1367 282 1412 339 ΙΙΙ.
1673 262 1753 337 'ludu

161 397 207 452 xl.
220 397 290 469 Ergo
310 397 390 452 Pater
411 397 483 453 Deus
503 412 536 453 ex
554 412 584 453 se
597 398 656 468 ipso
668 394 838 453 ineffabiliter
857 398 915 452 sine
930 405 952 462 Α
966 403 1113 464 assumpto,
1130 395 1157 449 in
1172 410 1226 464 quo
1249 395 1435 468 temporaliter
1454 377 1622 459 nasceretur,
1638 394 1751 456 vireret.

126 488 206 546 initio
220 488 313 560 genuit
334 488 440 555 Filium,
453 489 523 543 sicut
538 489 595 559 jam
609 488 793 559 multipliciter
813 486 914 543 dictum
964 494 993 542 et
1005 495 1255 557 moreretur,atque
1262 497 1425 560 resurgeret,
1432 504 1551 559 congrua
1561 487 1640 542 saluti
1653 493 1752 542 nostru

125 587 179 639 est,
200 587 229 634 et
244 578 356 649 protulit
380 592 413 633 cx
428 579 529 633 virtute
557 595 607 634 sua
624 578 756 649 Spiritum
780 585 911 632 sanetum.
965 576 1078 631 dicendo
1093 587 1123 631 et
1138 576 1272 642 iaciendo,
1295 579 1422 648 patiendo
1445 579 1653 644 etsustinendo,
1676 578 1755 633 fieret

124 667 223 725 Filium
239 668 373 734 videlicet,
385 684 435 739 per
446 684 525 739 quom
538 679 646 726 crearet
657 671 756 725 omnia.
774 668 912 739 Spiritum,
965 669 1098 724 deorsum
1110 670 1264 724 hominibus
1281 671 1433 740 excnrplum
1459 671 1598 735 redeundi,
1625 672 1670 742 qrri
1693 687 1752 726 sur·

123 777 273 834 perquem
294 761 442 819 virillcarct
463 762 607 827 uuiversa;
633 762 723 817 omnia
750 770 839 816 autem
855 776 915 831 quar
965 775 1024 814 sum
1041 768 1083 815 est
1104 762 1207 832 angelis
1224 761 1376 831 exemplum
1403 763 1539 818 manendi.
1563 766 1603 817 dc
1627 776 1676 832 per
1690 763 1753 826 lroc,

125 853 196 909 laeta
213 861 285 918 sunt,
300 853 384 907 Filius
408 867 440 908 ex
466 852 547 907 Patre
568 853 675 922 genitus
694 852 823 908 condidit.
851 851 916 907 Uni·
964 865 1026 906 cum
1041 852 1121 906 rebus
1135 852 1243 905 aeternis
1266 852 1504 921 contemplantium
1517 853 1617 907 veritas
1632 851 1754 923 perima-

124 959 204 1000 rersa
221 959 286 1000 vero
317 958 377 1012 quer
408 943 515 998 condita
541 951 614 1008 sunt,
636 959 670 998 ex
691 942 772 998 Patre
795 941 915 1012 Filioque
965 950 1017 998 tur.
1035 942 1116 996 rebus
1130 950 1219 996 auteur
1244 943 1311 997 ortis
1336 943 1401 998 lldes
1421 944 1588 999 credentium
1612 944 1753 1006 deleatur,

124 1034 280 1107 procedens·
288 1032 404 1105 Spiritus
417 1043 525 1088 sanctus
538 1034 676 1088 animavit.
695 1033 749 1089 Sed
760 1042 788 1088 et
798 1034 915 1088 vivificat
964 1040 1093 1103 purgatur
1109 1033 1190 1087 laomo
1214 1047 1262 1102 per
1286 1048 1376 1087 rerum
1399 1035 1584 1104 temporalium
1603 1034 1696 1098 tidem,
1723 1045 1754 1090 ut

124 1124 221 1188 Filius,
231 1133 258 1179 et
267 1131 343 1178 creat
355 1123 471 1194 Spiritus
482 1132 602 1188 sanctus,
618 1122 681 1192 quia
696 1124 767 1179 sieut
778 1123 928 1191 eredimus,
964 1132 1126 1179 aeternarum
1140 1126 1275 1194 percipiat
1286 1126 1439 1181 veritatem.

124 1215 309 1272 beatissimam
331 1213 491 1270 Trinitatem
514 1213 594 1269 unius
614 1227 674 1268 esse
699 1213 822 1293 Deitatis,
836 1212 915 1266 unius
1000 1215 1067 1269 lilll.
1089 1216 1301 1271 ddlrmeautem
1317 1216 1447 1281 docenda,
1463 1218 1523 1285 quis
1539 1216 1607 1272 alius
1623 1226 1676 1272 tam
1694 1216 1753 1270 ido-

125 1303 417 1375 ejusdemqucrirtutis
431 1313 512 1373 atque
526 1304 700 1370 substautiae;
715 1304 752 1359 ita
763 1304 842 1357 unius
852 1317 911 1372 ope
965 1305 1052 1361 neus?
1069 1306 1198 1362 Dominus
1214 1316 1307 1363 noster
1326 1308 1405 1363 lesus
1419 1307 1542 1363 Christus
1567 1309 1594 1362 in
1610 1324 1643 1363 eo
1671 1308 1751 1380 401

125 1395 249 1459 rationis,
266 1407 300 1450 ne
323 1403 393 1449 mter
407 1394 526 1459 Patrem,
541 1403 568 1450 et
587 1394 704 1460 lilium,
731 1402 760 1449 et
784 1391 915 1463 Spiritum
964 1396 1037 1465 quod
1048 1396 1172 1452 virtuset
1184 1398 1316 1466 sapientia
1333 1398 1380 1453 [lei
1398 1406 1450 1463 est,
1464 1398 1496 1453 de
1510 1398 1590 1454 Patre
1607 1408 1670 1453 aute
1684 1408 1753 1454 tena-

126 1473 395 1543 sanctum‘sentiatur
409 1484 464 1540 ulla
478 1485 632 1552 diversitas,
647 1486 700 1540 nisi
721 1485 793 1556 quod
808 1484 853 1539 ille
867 1481 905 1537 Pa
964 1502 1031 1557 pora
1047 1496 1194 1554 natusest,
1215 1490 1270 1544 imo
1285 1503 1391 1558 semper
1414 1497 1502 1554 natus,
1524 1488 1586 1557 qrria
1606 1503 1656 1543 nec
1671 1489 1753 1558 erepit

127 1589 171 1634 ter
183 1587 234 1643 est,
253 1585 281 1631 et
295 1578 339 1632 laic
356 1576 440 1632 Filius
457 1584 514 1641 est,
537 1585 565 1632 et
588 1576 633 1633 ille
652 1576 770 1647 Spiritus
793 1582 913 1631 sanetus.
965 1579 1050 1641 nasci,
1076 1593 1127 1633 nec
1155 1579 1263 1634 desinit.
1284 1579 1342 1634 Non
1371 1587 1461 1634 autem
1488 1595 1630 1650 possumus
1651 1580 1753 1645 dicere,

128 1669 248 1727 Trinitas
261 1669 333 1724 enim
344 1668 372 1723 in
382 1668 590 1725 subsistentibus
600 1667 734 1738 personis,
748 1668 837 1723 unitas
850 1679 916 1721 sero
966 1680 1073 1737 seraper
1088 1670 1220 1734 nascitur,
1248 1685 1282 1724 ne
1297 1668 1473 1739 imperfectus
1489 1686 1548 1726 esse
1562 1670 1696 1725 rideatur.
1722 1670 1759 1725 ut

127 1764 156 1819 in
169 1770 273 1818 natura.
288 1760 322 1814 Et
333 1760 394 1816 ideo
403 1773 473 1814 unus
483 1766 525 1814 est
539 1759 619 1824 Deus,
635 1774 716 1829 quem
731 1759 768 1813 ita
779 1758 807 1813 iu
821 1764 915 1813 saneta
932 1748 1031 1812 livero
1048 1765 1078 1812 nt
1102 1767 1219 1815 aeternus
1235 1760 1370 1831 designari
1387 1760 1476 1815 valeat
1502 1769 1530 1814 et
1554 1759 1709 1830 perlectus,
1730 1770 1758 1816 et

127 1852 260 1909 Trinitate
282 1851 434 1914 dividimus,
451 1858 480 1903 ut
501 1849 530 1903 in
542 1850 651 1904 homine
664 1864 719 1908 uno
740 1849 854 1904 dicimus
868 1847 918 1903 ha·
968 1863 1070 1918 temper
1082 1848 1203 1904 dieamus
1216 1857 1244 1904 et
1261 1859 1349 1916 notas,
1365 1859 1493 1920 quatinus
1512 1858 1539 1904 et
1557 1860 1634 1904 notua
1650 1851 1682 1905 ad
1695 1866 1758 1921 por·

127 1943 188 1999 lteri
203 1942 350 2013 ingenium,
364 1939 522 1995 memoriam
543 1948 572 1995 et
597 1937 773 1994 intellectum.
792 1937 860 1993 Nam
873 1938 917 1992 in·
967 1939 1112 1996 lectionem
1133 1942 1276 2011 pertineat,
1291 1950 1319 1995 et
1331 1958 1432 2012 semper
1447 1941 1480 1996 ad
1504 1943 1702 2009 eremitatem,
1727 1950 1759 1997 ut

128 2036 209 2109 genio
224 2034 374 2090 invenimus
391 2033 463 2103 quod
487 2031 640 2097 didicimus,
664 2030 793 2086 memoria
817 2029 918 2085 retine-
968 2026 1129 2101 ¹utrocunque
1145 2032 1223 2085 molo
1239 2030 1284 2084 illa
1304 2031 1421 2086 essentia
1437 2032 1495 2086 siue
1509 2039 1638 2102 tempore,
1656 2040 1758 2102 tempo

127 2142 190 2185 mus
205 2128 277 2198 quod
298 2126 435 2190 docemur,
453 2123 588 2180 intellectu
607 2122 772 2178 advertimus
788 2120 918 2190 quidquid
967 2121 1017 2175 rali
1029 2121 1118 2175 ualeat
1135 2121 1269 2190 designari
1285 2134 1419 2174 sermone.
1443 2117 1571 2187 Qnrauavis
1592 2120 1644 2177 hoe
1658 2121 1757 2191 ipsum,

129 2219 207 2274 nobis
224 2216 267 2272 rel
293 2215 386 2272 ridere
409 2216 552 2286 oorrtigerit
572 2214 613 2270 rel
633 2214 737 2269 audire.
753 2210 823 2279 Quid
837 2212 918 2266 modo
967 2213 1039 2282 quod
1056 2209 1204 2280 perlectum
1218 2209 1344 2274 dicimus,
1359 2209 1472 2264 multum
1490 2210 1525 2264 ab
1545 2210 1617 2265 illius
1635 2211 1758 2267 tenutis

128 2308 277 2367 iaciemus?
297 2306 424 2376 Nunquid
447 2321 501 2362 non
515 2307 567 2361 tria
583 2307 636 2362 ista
657 2318 712 2360 una
736 2304 868 2373 sapientia
890 2303 917 2357 in
967 2303 1144 2374 expressione
1173 2305 1363 2367 deveniamus,
1389 2301 1451 2371 quia
1479 2301 1551 2371 quod
1579 2300 1679 2356 lactum
1703 2317 1758 2358 non

129 2401 239 2459 bomine
248 2398 383 2472 possidet?
405 2397 433 2453 Si
444 2412 508 2469 ergo
519 2397 600 2453 homo
615 2397 642 2452 in
656 2411 709 2450 una
721 2395 855 2474 sapientia
867 2395 917 2449 tri·
967 2401 1020 2457 est,
1036 2407 1089 2448 nou
1103 2400 1192 2462 potest
1206 2391 1257 2446 dici
1275 2389 1434 2460 perlectum,
1447 2397 1475 2444 et
1490 2397 1580 2444 minen
1591 2390 1758 2445 inllrmitatis

128 2472 195 2547 num
216 2490 335 2561 possidet
349 2503 457 2555 nomen,
477 2489 612 2558 quomodo
631 2502 685 2543 non
702 2487 774 2541 Deus
796 2485 919 2554 omnipo-
967 2492 1068 2537 nostre
1088 2481 1176 2535 verbis
1199 2479 1328 2535 Dominum
1344 2479 1563 2534 condescendens
1586 2478 1642 2533 alt:
1663 2479 1756 2533 Estote

129 2581 226 2637 teusin
237 2595 289 2634 uua
301 2580 442 2634 divinitate
454 2594 503 2634 sua
524 2578 665 2633 Trinitatis
677 2576 782 2632 obtinet
794 2573 921 2644 maiesta-
967 2573 1084 2645 perfecti,
1104 2573 1172 2626 sicat
1192 2581 1215 2625 et
1243 2571 1324 2627 Pater
1342 2581 1426 2625 uerter
1448 2570 1557 2625 celestis
1575 2570 1704 2641 perfectus
1720 2578 1757 2625 est

129 2668 204 2726 teml
216 2667 245 2725 Si
258 2669 340 2742 igitur
358 2668 543 2723 transitorium
559 2666 670 2723 verbum
682 2665 737 2721 oris
751 2665 844 2729 nostri,
856 2679 918 2720 oum
969 2662 1078 2735 (Matri.
1091 2678 1119 2729 v,
1131 2661 1188 2735 ld).
1201 2663 1229 2717 lu
1243 2662 1288 2717 illa
1299 2661 1390 2732 itaque
1401 2659 1543 2715 nativitate
1555 2659 1645 2715 divina
1658 2658 1692 2713 ab
1708 2659 1760 2713 hu-

128 2760 275 2831 luquimur,
288 2758 411 2830 peruenit
424 2759 458 2814 ad
472 2772 567 2813 omnes
579 2765 683 2823 totum,
703 2755 781 2811 etad
800 2755 919 2826 singulos
969 2770 1050 2811 mano
1073 2771 1171 2826 genere
1191 2757 1317 2829 cognosci
1335 2771 1388 2810 non
1403 2762 1521 2825 poterat,
1537 2753 1650 2824 proinde
1664 2754 1692 2808 in
1710 2754 1760 2809 bu-

129 2860 228 2917 totum,
243 2864 338 2907 amnes
353 2850 461 2916 babent,
476 2858 504 2905 ct
518 2863 613 2904 omnes
625 2855 711 2903 totunr
725 2864 732 2901 ι
746 2848 867 2918 procedit
885 2846 919 2902 ad
970 2847 1112 2902 militatem
1123 2847 1208 2912 vertit,
1219 2855 1249 2902 ut
1264 2848 1401 2902 rideretur
1419 2866 1426 2901 ε
1446 2846 1533 2902 videri
1544 2845 1639 2912 voluit,
1653 2853 1682 2900 ut
1703 2844 1761 2899 imi-

129 2941 251 3014 singulos
274 2941 450 3007 audientium,
474 2947 501 2996 et
520 2955 573 2994 uon
597 2938 745 2993 receditab
761 2953 793 2993 eo
814 2938 859 3006 qrri
881 2937 921 2992 lo-
971 2944 1085 2991 tarutur.
1110 2937 1175 3004 Quae
1204 2938 1294 2993 cannis
1322 2938 1451 2994 nativitas
1480 2940 1605 3009 despecta
1634 2937 1692 2992 risa
1718 2945 1760 2991 est

130 3033 245 3104 guitum
277 3031 379 3088 liabent
406 3030 513 3094 ceteri,
543 3038 571 3083 et
599 3028 657 3098 ipse
683 3027 750 3082 nilril
779 3027 917 3097 perdidit;
971 3030 1255 3099 sapientibusmundi.
1271 3030 1496 3100 contempserint
1521 3044 1637 3099 namque
1652 3028 1759 3083 inllrma

129 3135 257 3185 ereatura
278 3132 319 3179 est
340 3121 386 3192 qui
400 3122 529 3192 loquutur,
543 3129 674 3176 ereatura
687 3119 733 3188 qui
755 3117 876 3181 audiunt,
891 3092 956 3172 etc
974 3120 1149 3175 lrurnaoitatis
1167 3118 1235 3187 ejus,
1256 3121 1312 3175 Deo
1329 3121 1386 3175 lineo
1406 3120 1514 3191 indigua
1533 3119 1696 3189 judicantes,
1716 3119 1760 3174 eui

131 3223 238 3271 tantum
249 3212 408 3268 miraculum
419 3211 448 3266 dt
460 3211 494 3266 dc
504 3211 585 3266 verbo
599 3209 752 3264 hominisin
764 3208 919 3274 cordeore,
974 3216 1049 3265 taum
1061 3211 1147 3281 magis
1165 3211 1246 3265 lromo
1266 3211 1371 3266 debitor
1382 3210 1441 3276 luit,
1455 3219 1556 3281 quanto
1569 3226 1618 3281 pro
1630 3209 1677 3266 illo
1689 3210 1761 3265 betas

130 3312 160 3358 et
180 3318 255 3367 noce,
271 3303 298 3356 in
314 3301 425 3356 auribus
436 3310 462 3354 et
477 3315 579 3366 sensu;
607 3299 669 3369 quis
682 3305 724 3353 est
742 3306 798 3353 tam
811 3296 920 3366 stultus,
973 3302 1055 3359 etiarn
1066 3303 1174 3374 indigna
1184 3303 1311 3373 suscepit.
1326 3302 1394 3368 Quin
1406 3303 1474 3358 enim
1488 3319 1541 3357 non
1553 3297 1674 3374 “ccpnouit
1685 3320 1761 3358 mun·

131 3391 181 3462 qrri
197 3390 300 3447 diffiteri
316 3389 400 3453 malit,
413 3404 474 3444 cum
486 3389 571 3456 audit,
586 3389 649 3459 quia
669 3388 740 3444 Deus
753 3388 854 3459 ubique
869 3397 921 3456 est,
973 3394 1023 3449 dat
1046 3410 1092 3465 per
1116 3392 1270 3463 sapientiam
1285 3393 1385 3459 Deum,
1410 3393 1507 3465 placuit
1530 3394 1582 3449 ileo
1612 3411 1658 3466 per
1675 3394 1763 3450 atulli-

132 3493 162 3540 et
175 3482 274 3553 ubique
291 3481 383 3537 tultus?
973 3487 1039 3540 tionr
1049 3484 1245 3556 praedicationis
1265 3483 1350 3539 coleos
1363 3484 1450 3555 {acere
1465 3485 1599 3542 credentes
1620 3486 1646 3560 (l
1662 3486 1724 3542 Cor.
1741 3503 1762 3553 r,

170 3573 228 3629 xil.
242 3571 271 3628 ln
283 3574 333 3628 nac
347 3573 419 3628 euim
431 3570 486 3628 sita
501 3571 535 3629 ad
550 3571 614 3628 talia
624 3574 754 3645 urpsteria
767 3574 833 3631 lldes
844 3575 925 3646 pluri·
974 3579 1030 3653 bl).
1043 3578 1083 3634 lc
1098 3579 1121 3633 si
1139 3579 1256 3641 dicerem
1278 3594 1340 3633 curn
1364 3578 1458 3645 Derim,
1479 3580 1525 3649 qui
1549 3588 1591 3635 cst
1617 3579 1761 3650 sapientia,

134 3681 211 3723 mum
221 3663 301 3729 salet,
311 3663 385 3733 quia,
398 3664 467 3718 sicut
479 3664 610 3733 seriptum
623 3673 675 3730 est,
687 3663 924 3735 imruseafideci-
975 3684 1144 3740 nequaquam
1155 3682 1203 3738 per
1215 3668 1374 3738 sapientiam
1389 3685 1466 3724 suam
1488 3669 1604 3723 mundus
1619 3670 1762 3735 inueniret,

134 3753 924 3827 rit,etfidetestsperandarumsubstnntiorerumorpomen-
974 3762 1076 3832 placuit
1093 3759 1220 3814 utlleum
1234 3760 1371 3814 hominem
1394 3757 1496 3813 lactum
1517 3773 1566 3828 per
1588 3757 1765 3814 humanitatis

135 3856 193 3901 rnna
208 3862 260 3899 non
274 3843 456 3915 apparentiam
470 3841 563 3915 (idcir.
579 3859 606 3911 x,
624 3843 670 3914 28)
687 3862 693 3898 :
710 3859 742 3899 ac
765 3845 792 3900 in
813 3845 856 3900 llis
866 3860 926 3915 quae
976 3851 1058 3906 stulta
1069 3857 1252 3920 cognosceret,
1266 3855 1400 3917 quatenus
1412 3847 1471 3914 ejus
1482 3846 1613 3916 sapientia
1623 3847 1657 3902 ad
1670 3855 1763 3902 nostra

135 3936 272 4000 ridentur,
285 3936 352 3990 siles
363 3951 414 3990 non
432 3935 544 3991 dicenda
562 3943 615 4001 est,
626 3934 674 3990 sed
686 3935 814 4006 cognitio.
836 3934 927 4001 Quan-
977 3940 1059 3997 stulta
1088 3939 1273 4001 descenderet,
1301 3943 1328 3991 et
1354 3934 1440 3990 lucem
1466 3949 1589 4004 superum
1614 3935 1762 4006 prudentiae

137 4039 198 4085 tom
220 4037 308 4083 annun
323 4028 356 4082 ad
381 4027 406 4081 il
420 4026 492 4097 qrrod
514 4034 671 4092 onomast,
693 4027 830 4082 aternius
844 4026 925 4093 valet,
977 4032 1035 4087 luto
1058 4045 1114 4084 sua
1137 4029 1227 4084 carnis
1244 4025 1392 4082 illuminata
1415 4032 1506 4080 nostra
1520 4024 1628 4081 cneius
1650 4025 1764 4081 rideret.

138 4127 244 4176 tarrwm
254 4119 287 4173 ad
302 4117 380 4172 iidem
394 4117 504 4172 veritas.
521 4117 577 4171 [luo
590 4115 634 4171 illa
647 4123 836 4182 sursumsunt,
850 4124 929 4172 aeter·
977 4126 1064 4181 Nasus
1078 4122 1205 4194 igiturex
1223 4121 1303 4175 Patre
1318 4119 1377 4174 sine
1390 4125 1520 4187 tempore,
1532 4133 1566 4174 ex
1588 4126 1675 4174 matre
1691 4119 1768 4175 nasci

139 4210 250 4265 nitaset
262 4208 362 4263 veritas
374 4224 381 4261 ε
395 4208 448 4262 duo
468 4207 518 4262 ista
531 4207 672 4272 deorsum,
686 4206 757 4275 quod
771 4215 861 4262 ortum
875 4213 926 4273 est,
979 4216 1105 4286 dignatus
1124 4222 1166 4268 est
1188 4212 1214 4267 ln
1238 4219 1367 4282 tempore,
1384 4218 1415 4265 ut
1430 4225 1479 4282 per
1503 4211 1564 4275 hoe,
1586 4211 1657 4281 quod
1677 4220 1767 4266 crtum

138 4309 170 4356 el
187 4299 427 4371 sld080U10l80³ll
440 4297 658 4353 {misadfflfflmi
672 4307 930 4368 ¹0V00⁰¹1¹¹¹l2811l¹¹e
979 4322 1058 4365 tuum
1080 4307 1151 4361 inter
1173 4304 1279 4360 initium
1297 4302 1431 4373 linumque
1443 4301 1626 4369 concluderet,
1642 4303 1765 4358 humane

141 4387 560 4459 id2q1¹⁰ll0sst¹mesltssstilli21
576 4387 766 4455 ffllefflilllemt
786 4405 835 4460 lter
849 4388 927 4445 fidem
980 4398 1080 4456 mentis
1101 4395 1197 4460 oeulis,
1215 4404 1315 4460 ortrrm,
1329 4395 1375 4464 qui
1389 4408 1439 4448 nec
1460 4393 1540 4449 initlo'
1564 4392 1694 4459 sumitur,
1719 4407 1770 4449 uec

140 4481 304 4539 ueniendum
317 4491 358 4538 est
373 4481 405 4536 ad
420 4480 571 4534 veritatem.
588 4478 623 4535 Ut
634 4487 723 4535 auum
735 4495 784 4551 per
804 4480 884 4537 [idom
896 4481 929 4535 ad
983 4489 1036 4545 flue
1052 4494 1220 4560 angustatur,
1236 4485 1363 4556 aperiret.
1389 4483 1471 4546 Ortus
1497 4483 1596 4554 quippe
1621 4483 1771 4540 divinitatis

140 4573 262 4646 speciem
277 4573 386 4628 tendere
401 4588 450 4627 nos
466 4572 584 4637 doceret,
600 4570 673 4626 veuit
695 4571 889 4627 mediatorllei
903 4579 932 4627 et
982 4580 1041 4651 ejus
1056 4590 1119 4635 anre
1133 4586 1235 4648 etpost
1250 4577 1417 4641 nonnanes,
1442 4575 1485 4630 cui
1499 4576 1561 4631 dum
1584 4589 1691 4646 semper
1711 4589 1772 4631 0530
1841 4608 1845 4617 .

142 4666 293 4731 bominum,
315 4665 395 4720 bomo
413 4663 537 4720 Christus
552 4661 639 4729 lesus,
664 4663 709 4734 qui
737 4664 811 4719 dedit
833 4673 933 4719 semet·
983 4678 1085 4740 estper
1105 4667 1294 4730 aeternitatem,
1309 4665 1374 4720 dum
1396 4678 1487 4729 omne,
1503 4662 1575 4734 quod
1590 4662 1701 4731 labitur,
1721 4664 1772 4720 cir·

142 4758 234 4831 ipsum
252 4758 462 4828 redemptionem
488 4772 536 4827 pro
556 4755 697 4821 omnibns,
724 4770 786 4812 cum
809 4755 845 4810 sit
874 4755 932 4825 ipso
984 4761 1160 4824 eumerium
1175 4760 1247 4813 intra
1269 4757 1443 4828 semetipsum
1457 4763 1608 4826 temporum
1634 4755 1773 4813 discursus

142 4847 270 4907 Christus
281 4849 412 4920 sapientia
426 4848 483 4912 llei,
496 4863 545 4918 per
557 4862 638 4917 quem
652 4856 746 4902 ereata
756 4855 818 4901 suut
829 4847 930 4902 omnia.
983 4853 1094 4910 alaudia.
1107 4849 1189 4906 ortus
1203 4863 1267 4905 vero
1279 4848 1456 4903 humanitatis
1468 4847 1544 4919 ejus,
1562 4849 1624 4917 quia
1635 4857 1663 4903 et
1678 4848 1771 4918 eupit,

143 4938 267 5012 Cumque
290 4941 371 4997 nullae
394 4949 498 4995 mentes
511 4939 665 5003 rationales,
690 4939 748 4995 sive
774 4939 931 5009 angelorum
981 4953 1014 5000 et
1029 4941 1122 5007 desiit,
1135 4949 1164 4996 et
1175 4948 1239 4994 ante
1252 4946 1351 5008 etpost
1363 4938 1489 4993 haberes
1505 4945 1625 5010 tempore
1639 4937 1752 5008 accepit.

143 5034 372 5098 dictamnum,
393 5033 443 5088 nisi
470 5031 674 5102 participatione
694 5030 779 5101 ipsius
797 5032 934 5100 sapientes
1022 5033 1091 5089 xlv.
1118 5043 1157 5084 r·
1179 5032 1208 5086 ln
1223 5031 1277 5087 dne
1292 5031 1364 5087 enim
1382 5029 1541 5085 saeculorum
1561 5028 1710 5100 perlectum
1725 5044 1774 5083 na-

144 5125 223 5192 bunt,
234 5125 277 5182 cui
289 5139 337 5195 per
344 5122 475 5192 Spiritum
486 5129 619 5186 sanctum,
627 5133 676 5191 per
682 5134 762 5189 quem
776 5102 897 5177 ebaritas
907 5120 934 5176 in
987 5134 1055 5181 turm
1066 5129 1164 5178 nostre
1177 5122 1312 5177 bominem
1325 5136 1357 5176 ex
1374 5119 1456 5175 llaria
1472 5134 1580 5191 semper
1594 5119 1699 5190 uirgine
1715 5133 1775 5173 sus·

144 5218 275 5277 cordibus
287 5216 388 5271 nostris
402 5213 569 5278 diffunditur,
586 5212 759 5274 inhaeremus,
771 5225 832 5281 quae
847 5211 937 5266 Trini·
988 5216 1069 5288 cepit,
1083 5224 1112 5269 ct
1124 5214 1242 5269 Verbum
1256 5211 1356 5268 lactum
1371 5222 1415 5270 est
1426 5224 1501 5276 earo,
1515 5211 1677 5266 assumendo
1689 5208 1776 5264 bomi-

146 5313 192 5362 tas
203 5319 273 5360 uuus
289 5301 360 5358 Deus
372 5310 423 5366 est,
440 5298 590 5356 consultum
612 5306 654 5354 est
665 5298 755 5353 divim
769 5299 937 5371 prouidentia
988 5321 1060 5370 nem,
1079 5321 1132 5361 noo
1152 5304 1330 5374 permutando
1346 5303 1523 5367 divinitatem,
1541 5321 1551 5355 r
1572 5299 1776 5371 superueniente

146 5394 317 5459 mortalibus,
329 5408 442 5463 pirorum
459 5389 617 5463 temporalis
628 5390 684 5444 vita
708 5389 736 5444 in
757 5390 839 5445 rebus
850 5390 939 5446 orient·
989 5395 1017 5451 in
1030 5395 1109 5451 beata
1132 5395 1240 5464 l'irgiue
1255 5394 1358 5465 Spiritu
1374 5400 1480 5457 sancto,
1500 5400 1581 5462 atque
1597 5389 1777 5445 obumbrante

146 5485 223 5543 tibus
239 5493 267 5541 et
277 5483 464 5542 occidentibus
480 5488 611 5551 occupata
635 5479 788 5546 tenebatur,
800 5487 830 5534 ut
843 5479 939 5536 eadem
989 5484 1015 5540 ei
1028 5485 1129 5540 virtute
1148 5483 1289 5540 ditissimi.
1307 5503 1316 5536 r
1333 5483 1391 5539 Non
1406 5491 1507 5547 autem,
1521 5491 1551 5536 ut
1571 5481 1679 5551 putidam
1693 5477 1777 5535 scele-

148 5579 209 5651 ipsa
222 5577 268 5633 bei
282 5575 422 5647 sapientia,
440 5574 473 5630 ad
484 5573 616 5630 unitatem
627 5587 750 5643 personae
765 5587 820 5628 suae
832 5572 940 5629 laomim
990 5575 1119 5633 rarissimi
1128 5577 1283 5649 opinantur,
1298 5585 1421 5633 sanctum
1433 5574 1563 5645 Spiritum
1571 5573 1685 5630 dicimus
1694 5570 1777 5630 luisse

190 5701 202 5731 ¹
214 5686 349 5761 Pelagius.
