3780 6120
157 284 207 339 ιω
451 320 454 326 .
582 268 1362 337 Mmmfflmmmmmn
1735 286 1783 343 m

155 409 213 456 stro
228 398 354 471 prosequi
378 396 459 469 stylo,
475 398 547 466 qued
567 396 652 452 totius
674 394 765 466 pepuli
788 395 943 449 testimonio
959 401 981 458 Α
996 396 1030 452 tis
1044 394 1188 454 :aebbearit
1202 407 1230 453 et
1246 400 1390 454 (lecticaris.
1419 396 1471 454 Sed
1489 408 1517 455 et
1542 400 1604 456 miri
1620 390 1712 458 oderis
1735 402 1787 460 lra-

154 488 355 559 comprobatur.
367 485 452 540 Porro
473 484 531 554 ejus
546 492 652 539 secreta
674 484 847 539 conuersatio
861 483 887 537 in
903 482 943 536 ri·
993 487 1096 556 grantia
1113 488 1233 542 omnium
1248 487 1405 558 perfuderat
1419 504 1517 556 nares,
1540 499 1570 544 ut
1581 493 1725 563 perspicue
1747 495 1787 551 in·

155 579 265 648 giliiset
292 578 471 640 orationibus,
492 577 519 631 in
539 574 650 645 jejurtiis
673 582 700 629 et
712 572 884 643 psalmodiis,
909 588 942 627 cx
993 572 1176 645 telligeretur,
1209 577 1243 631 ad
1272 578 1417 647 exsequias
1442 580 1493 634 viri
1522 581 1608 635 sancti
1634 582 1786 654 angelicum

155 672 217 725 rita
231 669 375 724 sanctitate
392 677 420 723 et
438 669 577 740 signorum
591 667 745 721 ostensione
760 664 871 737 intelligi
896 665 944 720 da·
992 665 1099 721 senisse
1114 667 1305 723 ministerium.

155 770 209 814 tur.
234 760 399 821 charitatem
426 759 531 813 scilicet
556 757 681 811 assiduus
701 754 778 810 labor
804 755 940 818 ostendit,
1027 756 1091 812 Cur.
1104 756 1280 830 ttxtvtllnt.
1293 759 1381 832 xxvtl.
1394 761 1488 816 Anima
1502 763 1643 836 coangelis
1655 765 1682 821 is
1694 766 1785 824 celest

154 868 234 922 qnem
245 852 366 921 quotidie
378 848 535 919 proClrristi
547 849 657 902 nominc
668 847 806 902 sustinuit.
822 846 942 916 lienique
991 856 1121 917 portatur.
1153 846 1286 903 lliracule
1310 850 1345 904 ad
1360 852 1505 906 uiritnncti
1520 855 1742 924 corpus-Sed
1758 869 1786 915 ει

153 945 316 997 virsanctus
330 941 455 996 omnibus
469 937 639 993 diebusvitae
653 935 942 1007 suaelndita'noproll·
992 939 1100 994 cuidam
1119 938 1246 1010 religioso
1266 942 1352 996 sancti
1373 941 1425 995 riri
1450 943 1582 1014 discipulo
1606 944 1715 1018 longius
1735 963 1771 1018 po

154 1035 229 1089 ciens
255 1048 351 1102 opere,
376 1030 432 1085 Deo
450 1028 574 1083 amabilis
594 1036 622 1083 et
642 1029 717 1083 omni
738 1027 943 1098 populogratus
992 1029 1055 1095 sito,
1077 1030 1104 1084 in
1129 1031 1253 1086 oratione
1274 1032 1412 1102 vigilanti,
1432 1033 1523 1089 obitus
1550 1036 1623 1092 illius
1646 1040 1783 1095 revelatus

154 1123 252 1194 litua,
271 1118 433 1191 placabilisl,
456 1119 624 1189 temporibus
639 1116 728 1172 Caroli
752 1117 866 1188 antiqui,
888 1118 943 1173 tor·
991 1128 1043 1175 est.
1079 1121 1145 1176 Nam
1170 1123 1271 1179 vidisse
1296 1139 1325 1179 se
1344 1127 1496 1181 testabatur
1524 1128 1643 1187 animam
1667 1132 1781 1187 sanctis

152 1213 249 1268 ‘issimi
270 1212 435 1266 Francorum
451 1207 538 1274 ducis,
557 1223 640 1264 senex
664 1215 691 1263 et
711 1208 807 1279 plenus
828 1209 943 1264 inomni
992 1211 1053 1266 simi
1067 1211 1154 1265 Patris
1171 1213 1212 1267 sui
1232 1229 1293 1267 eum
1316 1230 1413 1286 magna
1428 1216 1537 1272 luminis
1561 1218 1698 1285 claritate,
1722 1238 1781 1277 cum

144 1302 316 1372 .pcrlcctione
330 1301 434 1355 dierum
448 1312 473 1366 ι,
485 1299 624 1369 appositus
636 1305 678 1353 est
692 1298 726 1353 ad
748 1307 840 1368 patres
862 1314 941 1365 suos,
991 1314 1109 1354 consona
1136 1302 1290 1357 canentium
1304 1304 1398 1372 'laudm
1424 1308 1458 1362 ab
1470 1308 1600 1379 angelicis
1618 1312 1784 1370 exercitibus

151 1393 325 1463 multiplicem
345 1392 498 1447 laborissui
521 1390 640 1446 lmctum
659 1399 819 1461 accepturus
834 1408 849 1447 a
865 1394 941 1461 Deo,
992 1391 1025 1444 ad
1046 1390 1175 1446 colurum
1199 1407 1282 1464 regna
1305 1396 1418 1463 portari.
1444 1397 1518 1453 ttutu
1539 1415 1648 1470 quoque
1669 1400 1782 1457 lratnrm

150 1485 279 1539 seculum
291 1485 343 1538 boe
355 1483 511 1552 relinquens
526 1480 624 1554 βίαι,
636 1482 774 1538 bominem
789 1483 865 1538 exirit
879 1499 942 1539 curn
992 1482 1083 1535 testati
1098 1490 1171 1547 sunt,
1189 1486 1286 1538 crebro
1301 1500 1330 1540 sc
1352 1501 1434 1557 super
1447 1489 1585 1554 lectulum,
1600 1492 1629 1545 in
1643 1506 1698 1561 quo
1722 1494 1783 1547 bea-

150 1574 270 1645 saeeulol,
284 1582 314 1630 ut
339 1574 437 1628 coelum
451 1572 610 1644 possideret,
627 1571 764 1627 Christum
780 1574 859 1644 192
883 1575 941 1628 sinc
991 1578 1045 1625 ιιιιι
1065 1572 1183 1627 animam
1197 1580 1245 1630 suo
1258 1574 1383 1630 Creatori
1400 1576 1526 1641 reddidit,
1545 1579 1671 1635 mirabile
1686 1581 1783 1637 sitiisse

149 1663 203 1719 bne
219 1665 245 1718 in
266 1673 366 1718 aterna
390 1663 475 1733 gloria
495 1662 604 1718 visurus
617 1678 624 1717 ι
639 1663 666 1718 in
684 1663 761 1735 cujus
775 1664 938 1729 dilectione,
991 1659 1091 1725 lumen,
1113 1665 1357 1736 suavissimamque
1379 1667 1471 1722 odoris
1492 1666 1642 1724 dulcissimi
1666 1673 1783 1728 sensisse

148 1758 268 1828 qnandiu
283 1757 425 1811 nobiscum
447 1757 563 1821 riserat,
582 1753 707 1810 laborare
729 1771 783 1811 uon
803 1755 938 1812 cessabat.
954 1742 1169 1826 Blragrantiam
1186 1776 1192 1812 :
1208 1767 1237 1813 ut
1253 1760 1364 1814 omnino
1384 1761 1427 1816 bis
1441 1762 1526 1833 signis
1544 1763 1713 1826 crederetur.
1729 1780 1781 1820 cn-

148 1850 198 1905 bie
212 1850 326 1920 septima
340 1848 618 1912 utensisNorembris,
626 1848 653 1903 id
663 1855 714 1914 est,
726 1849 833 1904 ualdus
841 1847 939 1922 tuat„
990 1843 1072 1900 testes
1088 1845 1175 1901 locum
1189 1846 1376 1917 lrequentasse
1390 1848 1486 1921 illud,
1504 1846 1689 1926 frequentare]
1700 1855 1781 1920 circs,

147 1933 1782 2015 mmuwmmmmqamwfflmebmwwmmwwmmfflmmfflm

148 2035 939 2113 ncadperpetuammtgraritpatriami‚ctseputtusesttn
992 2028 1027 2083 td
1046 2026 1209 2102 Christum}
1235 2028 1320 2100 (Hal.
1346 2029 1411 2086 Ωιι.
1433 2030 1531 2104 xxmt.)
1557 2033 1609 2088 Per
1627 2034 1781 2089 unctionem

148 2135 312 2192 monasterio
323 2132 485 2203 Epternaco‚
502 2129 574 2199 quod
589 2130 647 2200 ipse
657 2127 723 2195 Deo,
734 2138 764 2183 ut
779 2129 883 2200 prelati
895 2145 940 2185 su-

147 2242 218 2289 mas,
243 2227 442 2279 construxerat.
462 2219 500 2274 lbi
515 2233 600 2288 usque
613 2217 705 2284 bodie,
720 2218 811 2274 divina
828 2233 940 2291 operan-

147 2329 173 2372 te
186 2313 388 2376 misericordia,
405 2311 481 2384 signa
496 2317 523 2365 et
539 2310 670 2365 sanitates
684 2307 718 2363 ad
732 2308 819 2364 sancti
833 2308 880 2364 Dei
896 2323 939 2363 sa-

145 2406 263 2463 cerdotis
276 2404 404 2476 reliquias
419 2401 478 2458 lieri
491 2416 546 2456 non
563 2409 681 2457 cessam.
712 2399 752 2454 ux
774 2400 871 2470 quibus
890 2401 937 2456 ali-

145 2516 198 2571 qua
226 2501 289 2555 buic
314 2506 413 2553 nestra
441 2497 474 2552 de
499 2510 532 2550 eo
561 2494 683 2549 historice
703 2490 868 2561 subjicienda
891 2508 937 2548 es-

145 2607 175 2648 se
187 2591 392 2655 astituaritnus,
421 2588 448 2643 in
466 2587 578 2659 gloriam
599 2594 626 2640 ct
645 2584 752 2640 laudem
768 2585 872 2640 Domini
888 2601 937 2641 no·

145 2683 195 2737 stri
212 2680 277 2737 lesu
297 2679 409 2743 Christi,
422 2676 468 2746 qui
488 2676 612 2747 baee'per
634 2672 759 2737 servisti
784 2674 935 2744 patrocinia

145 2770 245 2839 sapius
259 2766 367 2837 operari
380 2764 506 2836 dignatus
521 2772 572 2819 est.
588 2762 672 2836 (Μαι.
692 2763 757 2819 Car.
777 2764 853 2835 ιιι.)
865 2762 937 2820 Con·

990 2136 1097 2193 quoque
1108 2124 1169 2186 olei,
1183 2124 1255 2194 quod
1267 2139 1347 2194 snpra
1362 2139 1461 2194 corpus
1471 2125 1556 2181 sancti
1567 2126 1657 2182 lucere
1669 2126 1781 2191 solebat,

989 2211 1069 2269 stetu
1085 2212 1196 2278 infirmi,
1212 2213 1267 2269 Deo
1280 2213 1397 2268 donante
1417 2222 1444 2268 et
1472 2215 1533 2270 lidei
1555 2215 1663 2271 illorum
1686 2232 1781 2289 coope-

988 2310 1077 2370 rate,
1087 2305 1173 2361 curati
1186 2314 1257 2358 snut.
1269 2303 1652 2377 Poertitentesquoqttesapius
1664 2308 1698 2362 ad
1708 2320 1781 2361 eam·

988 2394 1201 2452 demsenientes
1222 2396 1375 2462 ecclesiam,
1390 2397 1501 2453 circulis
1523 2396 1619 2454 terreis
1636 2413 1713 2454 more
1736 2413 1779 2452 so·

988 2484 1037 2543 lito
1058 2486 1229 2551 circumdati,
1252 2488 1339 2559 ruptis
1362 2488 1471 2545 circulis
1493 2489 1711 2555 subito‚vineula
1732 2504 1779 2544 sua

988 2576 1106 2632 resoluta
1120 2566 1264 2632 senserunt
1289 2576 1386 2650 [llab.‚
1400 2578 1608 2646 cantantibus,
1623 2587 1689 2646 ete..
1716 2578 1775 2633 rin-

987 2670 1048 2726 eula
1061 2669 1180 2726 resoluta
1194 2667 1279 2742 suntl.
1294 2669 1377 2743 liujus
1393 2672 1442 2737 rei,
1461 2671 1549 2727 adhue
1561 2670 1587 2726 in
1598 2670 1716 2728 ecelesia
1726 2669 1778 2728 cir·

988 2759 1042 2815 celi
1051 2761 1211 2831 pendentes,
1232 2767 1317 2815 testes
1329 2769 1402 2816 sunt.

143 2856 231 2913 ditum
245 2864 288 2911 est
301 2854 456 2910 venerabile
470 2867 570 2924 eorpus
587 2853 614 2909 in
630 2855 799 2927 sarcophago
817 2869 936 2911 marmo-
1026 2850 1104 2922 193
1124 2850 1188 2905 Cur.
1211 2847 1284 2905 ltitt
1300 2850 1385 2925 [Mat.
1407 2851 1515 2926 xxttul.
1534 2850 1688 2924 Pereigtica
1701 2870 1780 2909 mne·

143 2964 201 3014 reo,
215 2946 452 3022 quiprimumtoti
467 2946 515 3003 [tei
528 2946 623 3001 famuli
636 2946 743 3018 corpori
760 2946 837 3019 quasi
855 2946 935 3003 dimi·
987 2954 1042 3000 ter.
1063 2974 1099 2986 -
1120 2944 1246 3013 Quaedam
1274 2961 1339 3001 vero
1367 2944 1465 3003 mulier
1489 2946 1652 3019 paralytica,
1674 2954 1777 3017 septem

142 3040 187 3098 dio
209 3040 287 3113 pedis
310 3039 419 3095 brevior
446 3039 572 3094 intentus
593 3046 648 3103 est,
666 3036 796 3093 lratribus
819 3037 855 3092 ob
882 3037 934 3092 boc
988 3037 1068 3092 annis
1081 3035 1179 3109 [llud.
1193 3036 1315 3106 pluribus
1333 3034 1423 3108 aunis]
1436 3033 1777 3108 magniscrucietadoleri

142 3135 220 3191 valde
234 3133 418 3199 contristatis,
444 3139 473 3189 et
494 3132 593 3201 saepius
611 3130 790 3188 tractantibus
805 3130 860 3204 [ld.
885 3147 934 3187 ιιι-
949 3121 972 3183 C
987 3128 1048 3194 bus,
1061 3129 1088 3183 in
1105 3136 1209 3183 tantum
1225 3135 1365 3197 grassante
1376 3128 1471 3181 eadem
1488 3127 1646 3197 quotidiana
1665 3123 1778 3181 inllrmi·

142 3225 205 3297 plus
235 3222 391 3297 suspensis]
426 3223 471 3278 ubi
509 3230 601 3292 aptum
633 3231 727 3277 saneto
756 3220 863 3291 corpori
894 3220 936 3275 in·
987 3224 1042 3274 tate
1052 3214 1149 3272 afflicta
1161 3223 1212 3282 est,
1221 3223 1251 3271 ut
1261 3216 1335 3270 omui
1348 3213 1627 3271 membrorumollleie
1638 3214 1776 3279 destituta,

124 3316 267 3375 'venirent
294 3316 428 3371 locellum.
455 3314 509 3370 Sed
539 3316 609 3370 miro
638 3316 740 3381 stando,
767 3315 857 3370 divina
884 3314 934 3370 do·
985 3307 1386 3374 attenoutereturnrintsterto‚
1411 3316 1439 3365 ct
1458 3307 1487 3364 ia
1511 3307 1570 3363 solo
1590 3306 1778 3363 tautummodo

141 3417 223 3465 nante
254 3409 371 3478 pietate,
402 3408 529 3461 intentus
558 3414 600 3461 est
631 3407 721 3462 subito
750 3407 935 3478 sarcophagus
985 3395 1143 3470 pectusculo
1159 3397 1202 3451 lix
1217 3397 1349 3452 {tltbelattt
1367 3397 1479 3468 spitilus
1504 3398 1621 3469 suspiria
1641 3397 1713 3453 less·
1736 3410 1775 3453 re

142 3487 1777 3566 umfflwmmwmmmumfflwwmwfflmww

141 3595 204 3642 ante
236 3584 369 3657 apparuit.
404 3583 439 3639 tn
465 3585 493 3638 in
519 3599 552 3639 eo
581 3584 632 3640 riri
662 3584 710 3641 ttet
745 3601 845 3656 corpus
872 3602 934 3642 cum
985 3585 1032 3642 bet
1044 3584 1199 3656 requiescit,
1211 3584 1357 3647 terebatur,
1369 3598 1453 3655 prope
1465 3582 1589 3639 locellum
1603 3582 1798 3655 reliquiarum,

142 3675 248 3750 bymnis
268 3673 426 3747 psalmodiis
447 3683 475 3729 et
489 3674 563 3729 omni
580 3675 682 3729 bonore
706 3673 864 3740 condentes,
889 3689 932 3730 se·
985 3675 1045 3746 eius
1058 3677 1155 3749 posita.
1176 3675 1242 3744 Qua
1265 3672 1365 3748 [tint.
1380 3673 1533 3748 positaque]
1559 3675 1586 3729 in
1604 3674 1701 3730 codem
1718 3674 1778 3729 loeo

140 3767 275 3838 petierunt
288 3766 354 3822 illud
368 3767 396 3822 in
413 3765 534 3821 Ecclesia
548 3763 654 3836 praelati
669 3765 845 3830 tnouasterii,
860 3766 934 3836 quod
985 3768 1053 3824 brsis
1079 3766 1222 3839 lacrymis,
1240 3766 1384 3837 deprecata
1409 3775 1451 3820 est
1476 3780 1524 3835 per
1552 3765 1777 3820 intercessionem

140 3860 185 3917 ille
197 3875 319 3916 summus
338 3858 384 3915 bet
404 3856 532 3914 sacerdos
544 3856 573 3912 in
587 3857 802 3913 honorcsanctae
814 3856 934 3912 Trinita-
985 3860 1071 3916 sanmi
1091 3860 1134 3914 sni
1160 3857 1262 3924 lametii,
1275 3857 1395 3912 utrinam
1415 3858 1441 3912 ei
1465 3856 1588 3913 misereri
1603 3855 1775 3912 clementiam

985 3972 1060 4043 ginta
1074 3970 1246 4043 adjiciantur,
1262 3969 1350 4039 prodit
1366 3985 1454 4027 annus
1468 3970 1586 4040 illique
1598 3969 1713 4041 proinde
1728 3986 1776 4026 an·

985 4058 1037 4098 nus
1050 4043 1140 4097 obitus
1152 4041 1239 4096 sancti
1251 4038 1417 4095 willibrordi
1435 4040 1608 4097 collocandus
1620 4046 1672 4096 est.
1685 4039 1775 4095 liabit-

985 4113 1073 4168 lonius
1083 4112 1191 4181 quidem
1206 4110 1234 4164 in
1247 4111 1318 4165 notis
1332 4109 1365 4165 ad
1381 4109 1451 4165 banc
1470 4112 1559 4167 Vitam
1579 4112 1665 4166 saneti
1689 4110 1774 4165 Willi-

983 4184 1074 4239 bronli
1089 4182 1192 4237 obitum
1204 4181 1299 4236 statuit
1314 4195 1385 4234 anno
1399 4180 1463 4247 759,
1477 4191 1585 4238 secutus
1600 4179 1774 4237 Tbeobitlnrn

199 4305 205 4322 ,
600 4305 605 4316 ,
634 4309 637 4316 ,
680 4308 685 4317 ,
913 4306 917 4315 ,
985 4253 1110 4309 abbatem
1133 4252 1370 4322 Epternarensem,
1398 4252 1443 4321 qui
1466 4253 1534 4307 risit
1559 4269 1623 4310 saec.
1642 4267 1685 4311 st:
1706 4252 1774 4307 lature

206 4305 251 4354 l'er
262 4311 388 4367 quateret
399 4316 575 4362 menses;me
586 4317 621 4353 ιιι
630 4302 932 4367 Jamramqueiloremluts
984 4332 1074 4379 gamen
1102 4338 1178 4378 suam
1218 4322 1380 4377 gemellum
1418 4324 1538 4378 mtrem
1571 4333 1636 4378 gom·
1669 4322 1690 4378 qq
1720 4321 1774 4380 An,

175 3960 299 4032 2Ptener
312 3975 424 4031 dieram.
439 3973 542 4046 Nempe
559 3990 644 4031 annos
658 3972 795 4045 octoginta
810 3981 839 4028 ct
849 3989 932 4029 unum

138 4055 356 4118 pretergressus,
369 4054 454 4128 prout
470 4046 527 4128 ipse
551 4045 680 4101 alcuinus
702 4044 796 4127 scribit
816 4043 886 4128 inira
901 4044 932 4098 li-

140 4119 189 4173 bro
200 4134 230 4183 ιι,
244 4132 291 4173 scu
305 4117 332 4171 in
345 4116 406 4171 Vita
421 4125 532 4171 metrtca
547 4131 607 4186 cap.
621 4115 668 4180 st,
683 4117 728 4170 ubt
744 4122 781 4169 tta
796 4122 870 4169 canu
884 4133 889 4168 :

131 4269 133 4273 ·
202 4245 241 4293 liis
252 4249 339 4294 octena
353 4245 408 4306 pius
419 4243 555 4302 compleuit
567 4241 644 4290 lustra
657 4242 776 4292 sacerdos

202 4367 287 4416 millu!
297 4364 627 4424 oclelllflellilllllidl'ssllflll
640 4365 729 4413 aulum.
984 4393 1037 4448 nal·
1051 4393 1118 4448 ΒΜ·
1135 4392 1196 4446 ΗΜ..
1212 4406 1269 4455 ΧΠ,
1291 4407 1365 4446 num·
1385 4390 1431 4457 6⁴,
1446 4394 1492 4448 ubi
1503 4394 1606 4448 obitum
1621 4393 1671 4448 viri
1687 4392 1772 4456 sancti

139 4462 307 4519 liabillonins
325 4464 359 4517 ob
378 4462 435 4517 itae
446 4461 528 4516 rerba
543 4459 624 4529 buius
637 4460 727 4515 ultimi
740 4477 835 4516 versus
850 4479 857 4514 t
873 4462 931 4516 ldi—
982 4463 1067 4519 relect
1080 4463 1112 4518 ad
1126 4478 1225 4516 annum
1243 4463 1292 4516 tlt
1309 4462 1352 4516 vel
1366 4463 1579 4518 antecedentem.
1603 4463 1697 4519 Credit
1709 4476 1774 4516 vero

140 4535 188 4588 ess
210 4533 318 4596 octenis,
342 4531 531 4603 corrigendum
556 4545 616 4585 esse
639 4539 732 4586 censet
755 4532 827 4586 bunc
841 4533 929 4587 locunt
945 4503 970 4563 ὓ
982 4534 1024 4588 vir
1045 4532 1238 4589 celeberrimus
1258 4532 1402 4588 aunuum
1423 4549 1484 4589 eum
1509 4541 1605 4589 saneto
1632 4533 1773 4589 bonilacio

139 4603 266 4659 editionis
276 4601 501 4669 Quercetani,ubi
513 4601 612 4673 legitur
626 4617 633 4656 :
649 4601 697 4656 Die
712 4601 821 4672 septime
833 4603 930 4657 utetrsie
982 4619 1035 4660 non
1049 4602 1118 4660 bene
1131 4604 1291 4658 conrcnire:
1307 4601 1413 4660 ttteutut
1434 4605 1507 4660 enim
1523 4604 1629 4661 calculo
1642 4605 1771 4667 sentam,

141 4670 282 4728 Nouembr.
300 4673 328 4726 id
345 4681 396 4738 est,
419 4688 458 4727 ιιι
484 4671 559 4727 ldus.
573 4671 613 4728 Ae
629 4672 719 4743 potius
742 4672 776 4725 ad
794 4673 873 4728 tidem
898 4672 930 4726 li·
982 4675 1031 4740 ait,
1046 4690 1100 4730 non
1123 4673 1174 4729 nisi
1188 4672 1222 4729 te
1236 4674 1299 4729 anni
1318 4675 1352 4729 ad
1366 4675 1586 4745 pradicationem
1598 4676 1687 4730 sancti
1702 4672 1771 4728 wit-

140 4744 249 4799 brorum
258 4758 323 4798 mss.
336 4743 496 4814 legendum:
512 4742 642 4798 bissexte
653 4743 749 4798 mensis
762 4740 928 4808 Nouembris,
981 4743 1094 4801 librordi
1110 4750 1228 4808 restant:
1243 4759 1306 4799 nam
1325 4743 1349 4800 sl
1363 4745 1398 4800 ab
1420 4745 1499 4801 annis
1518 4745 1607 4800 aetatis
1620 4746 1651 4800 8t
1667 4744 1773 4801 subtra-

139 4813 167 4869 ιιι
183 4823 231 4879 est,
250 4829 300 4869 ιιιι
311 4811 387 4869 ldss.
402 4812 452 4868 Cui
469 4812 579 4869 betium
602 4812 767 4884 sullragatur
783 4813 928 4869 ilrabanus
982 4815 1081 4870 bantur
1095 4816 1158 4870 anni
1172 4815 1327 4885 aetatisque
1338 4816 1414 4870 venit
1425 4814 1592 4881 inl'risiam,
1607 4812 1770 4879 ιιιιίιιοιὸὅ,

140 4883 167 4936 in
193 4883 401 4955 llartyrologi03
419 4883 544 4953 quamtis
565 4883 611 4939 alii
635 4883 764 4957 llartyrol
800 4884 819 4948 i,
843 4883 929 4939 Watt-
981 4886 1016 4941 ad
1048 4887 1249 4942 medicationem
1260 4901 1313 4941 non
1328 4887 1555 4943 restantaisilii.

140 4952 448 5018 tetbertusbsuaruns,
463 4952 766 5026 bdoetliartyrologia
800 4971 928 5011 ornanum
1040 4972 1116 5012 erum
1133 4955 1234 5013 nullam
1246 4956 1292 5011 bic
1310 4971 1371 5012 esse
1384 4955 1595 5027 discrepantiam
1610 4969 1720 5017 censeo,
1747 4953 1770 5011 si

139 5031 168 5076 ct
181 5022 394 5088 benedictinum,
407 5036 458 5078 nee
472 5022 693 5079 nonlialendaria
703 5024 886 5081 ecclesiastiea
898 5024 926 5080 S.
980 5025 1014 5081 ad
1028 5036 1147 5082 mentem
1162 5026 1267 5082 Alcuini
1282 5040 1369 5081 annus
1383 5028 1539 5098 trigesimus
1555 5026 1654 5082 tertius
1668 5026 1769 5089 autu.

141 5091 308 5150 willibrordi
322 5094 441 5150 natalem
457 5094 529 5150 diem
539 5110 577 5151 ιιι
588 5094 651 5150 ldus
663 5094 829 5152 Novembres
839 5096 929 5151 censi·
979 5112 1033 5179 quo
1046 5097 1076 5179 in
1089 5096 1204 5153 Frisiam
1220 5098 1491 5179 reniteomputetur
1502 5113 1564 5155 eum
1577 5100 1657 5153 annis
1672 5098 1773 5180 prtedi-

139 5173 248 5289 ssngflrtld
259 5245 409 5317 perpetuans
422 5236 543 5318 migrauit
557 5235 682 5319 patriast:
692 5233 722 5318 s:
734 5234 927 5293 willibrordus
978 5167 1771 5320 ematimscund3?'iggegffiugttstuntt'itiduumaaempssffiffl¹

139 5316 210 5358 auno
235 5313 322 5360 aetatis
340 5314 479 5363 trteesrmo
503 5314 593 5372 tertio,
619 5305 721 5362 Cbrtstt
737 5321 802 5361 vcro
822 5304 875 5363 oab
899 5308 926 5362 in
978 5323 1043 5390 erge
1063 5308 1126 5363 anni
1147 5315 1247 5373 aetatis,
1269 5308 1377 5378 quande
1399 5319 1510 5366 sanetus
1533 5310 1726 5366 willibrordus
1742 5309 1768 5363 iu

137 5369 253 5429 t'risiam
268 5375 386 5445 trajecit,
401 5384 431 5432 ut
444 5376 640 5447 supradictum
654 5384 706 5432 est.
721 5376 751 5431 ln
766 5375 853 5432 Frisia
873 5392 927 5459 per
977 5378 1065 5434 Frisia
1077 5378 1225 5450 predicare
1239 5377 1322 5448 eoepit
1332 5378 1445 5448 triginta
1459 5381 1512 5435 duo
1521 5381 1648 5451 completi
1661 5398 1668 5433 :
1681 5392 1770 5434 atur-us

137 5457 224 5510 anuos
245 5445 439 5517 quinquaginta
490 5447 656 5504 raedieauoni
683 5462 793 5517 operam
820 5447 927 5504 deirae
977 5448 1141 5518 mnusque
1158 5448 1299 5521 eompletis
1321 5451 1433 5505 omnine
1457 5453 1594 5522 octoginta
1608 5465 1665 5507 true
1689 5449 1770 5505 annis

137 5520 242 5569 eertum
260 5522 301 5570 est
319 5531 353 5571 es
370 5517 449 5598 epist.
465 5463 499 5573 ξι
513 5516 742 5595 sanetiltonilaeii
760 5518 795 5572 ad
810 5517 925 5588 Stepba·
977 5519 1056 5584 obiit,
1081 5520 1283 5591 octuagesimus
1302 5520 1447 5576 secundus.
1472 5520 1628 5577 Subtraetis
1643 5535 1712 5604 ergo
1734 5519 1772 5574 ab

136 5598 201 5637 uum
220 5597 329 5654 papam,
353 5585 390 5640 ibt
406 5604 413 5640 ε
432 5605 442 5638 ι
462 5586 514 5656 Qui
527 5604 575 5658 per
592 5587 628 5642 50
650 5603 737 5644 annos
761 5588 923 5659 praediatus,
976 5605 1048 5645 anne
1069 5590 1158 5646 obitus
1171 5590 1207 5646 82
1216 5590 1294 5644 annis
1306 5590 1437 5645 adrentus
1448 5590 1499 5655 et,
1508 5600 1613 5648 restant
1622 5607 1685 5649 erim
1699 5605 1768 5661 praa·

975 5659 1118 5714 dicationis
1143 5659 1187 5714 50.
1211 5658 1318 5730 Optime
1333 5675 1398 5730 ergo
1418 5663 1566 5716 concordat
1580 5661 1701 5718 calculus
1718 5661 1767 5713 tt·

135 5652 277 5723 praelatam
291 5662 397 5720 gentem
408 5654 558 5712 Fecsonrtm
576 5657 693 5713 maxima
707 5673 742 5713 ex
760 5667 838 5727 purte
859 5674 925 5714 corr-

975 5730 1047 5785 cuiui
1058 5745 1120 5785 eum
1130 5730 1279 5786 assertione
1293 5734 1380 5785 sancti
1393 5730 1534 5787 bonifacii.

135 5726 215 5781 vertit
234 5723 269 5779 ad
282 5722 372 5777 iidem.
392 5743 400 5777 ι
426 5724 624 5798 Quinquaginta
642 5727 665 5781 sl
678 5729 813 5782 sescetuis
837 5744 922 5783 norta-
