3780 6120
134 337 201 394 titt
540 340 617 399 utu.
637 336 840 399 surressit.
860 368 896 380 ·-·
914 339 978 396 tut.
999 339 1044 397 ott
1063 336 1189 395 ultius
1209 338 1363 397 otricus.
1702 343 1775 400 lii&

130 456 204 513 omni
221 457 247 513 in
260 459 335 515 exitu
348 458 436 527 posito
452 465 480 512 et
501 457 623 527 poscenti
648 456 700 514 elii
726 453 924 514 communionis
940 451 1042 526 Adicit
1064 452 1276 522 predicendum,
1292 464 1320 508 ct
1341 451 1453 524 loseph,
1475 455 1521 525 qui
1543 470 1607 513 eum
1635 457 1771 528 sepeliris,

131 550 245 623 qratiam
268 549 367 614 tribui,
382 549 524 620 episcopus
541 547 718 618 probabiliter
737 544 926 601 osculatione
976 544 1046 601 mire
1070 543 1250 603 collaudatur.
1268 544 1332 602 tric
1350 545 1410 603 ideo
1435 562 1484 617 pro
1507 550 1610 605 nostris
1635 549 1772 609 deiunetls

131 640 326 698 deredebelsit.
342 641 445 696 llorum
466 657 533 696 uero
545 640 698 710 consequi
724 639 783 694 sine
804 652 926 694 commu·
975 642 1082 691 uertere
1108 634 1403 707 debemus,quatenus
1418 639 1523 710 possint
1540 640 1688 711 participes
1711 641 1772 699 lieri

131 734 211 794 nione
233 740 297 788 sunt
319 731 448 797 defuncti,
464 731 513 787 uei
532 730 636 800 judicio
652 729 817 787 reservanda
832 735 885 794 est,
897 727 926 782 in
975 745 1158 800 eorum,quos
1170 728 1296 786 Christus
1314 747 1330 785 a
1349 730 1476 787 claustris
1499 735 1637 789 revocarit
1659 734 1770 793 inserui.

130 823 207 891 cuijus
219 838 303 878 manu
318 821 379 887 iuit,
394 831 424 876 ut
437 821 531 877 talium
542 821 632 876 obitus
646 835 661 875 a
675 818 874 876 communionis
885 832 928 874 re·
976 819 1064 878 Simili
1076 822 1159 880 etiam
1175 824 1254 880 modo
1272 821 1442 881 celebramus
1457 823 1543 882 olilcis
1557 841 1607 897 pro
1617 824 1692 897 ipsis,
1704 842 1773 897 quo·

131 916 220 970 medio
233 913 397 989 diuers-etur.
411 911 467 967 Nos
479 912 578 982 quinos
597 909 750 965 uirentibus
772 924 825 964 nou
848 924 925 965 com·
975 915 1056 971 modo
1082 913 1254 972 celebrantur
1282 916 1310 973 in
1331 915 1385 973 illis
1398 915 1505 983 diebus,
1517 918 1627 991 quondo
1645 917 1771 977 Christus

131 1007 338 1071 municarimus,
355 1006 468 1062 mortuis
480 1003 683 1061 communicare
695 1017 750 1058 non
769 1015 923 1071 possumus.
974 1005 1115 1062 descendit
1127 1006 1161 1063 ad
1175 1005 1292 1073 iulerna,
1308 1008 1337 1066 in
1350 1007 1449 1078 quibus
1458 1018 1488 1065 et
1500 1010 1620 1068 creditur
1633 1019 1769 1067 mortuns.

203 1115 216 1144 ⁸
242 1101 378 1167 Quomodo
404 1102 550 1157 moriturus
572 1099 636 1155 olim
657 1097 853 1171 providebatur.
975 1095 1138 1168 lieniquein
1152 1097 1288 1169 aliquibus
1306 1099 1374 1157 locis
1396 1100 1561 1170 generaliter
1580 1117 1631 1171 pro
1644 1103 1772 1161 omnibus

167 1192 237 1249 Vere
251 1209 316 1265 ergo
330 1195 364 1250 ad
378 1193 523 1251 Dominum
533 1192 676 1251 conversio
689 1191 716 1249 in
734 1191 838 1248 ultimis
848 1190 924 1262 posi-
974 1187 1110 1244 dolonem
1137 1190 1211 1246 omui
1239 1198 1376 1262 tempore,
1398 1192 1520 1263 exceptis
1546 1192 1722 1253 Pentecostee
1743 1203 1771 1251 et

133 1293 220 1340 torum
245 1293 337 1342 mente
350 1284 440 1356 potius
453 1292 496 1342 est
505 1284 676 1350 aestimanda,
690 1299 773 1355 quam
784 1293 923 1354 tempore:
975 1277 1274 1348 lestlsdiebus,oretur
1297 1284 1324 1340 in
1346 1283 1436 1341 officio
1463 1285 1651 1356 vespertinali,
1665 1288 1693 1342 in
1717 1287 1770 1343 ali·

131 1384 242 1445 propter
252 1376 303 1432 troc
320 1377 434 1433 uomino
450 1375 543 1432 taliter
561 1380 723 1434 asserente:
740 1373 806 1430 Cum
819 1390 925 1430 conser-
974 1371 1073 1442 quibus
1086 1373 1208 1444 quotidie
1228 1389 1279 1445 pro
1293 1375 1334 1432 eis
1348 1375 1431 1432 missa
1446 1376 1610 1434 celebratur.
1628 1376 1657 1432 lu
1672 1376 1773 1434 llaleu·
1797 1435 1800 1439 ,

130 1482 175 1523 ms
192 1467 431 1538 remouerique
448 1467 536 1523 solvus
554 1468 606 1522 eris
631 1465 750 1536 (dacels
763 1479 844 1531 suu,
855 1461 922 1534 tt).
974 1463 1016 1519 dis
1030 1463 1113 1520 etiam
1127 1481 1174 1523 seu
1192 1465 1288 1523 diebus
1301 1466 1496 1524 anniversariis
1508 1482 1559 1538 per
1579 1483 1677 1524 nouem
1698 1465 1773 1540 pssi-

131 1555 199 1619 Cum
214 1572 280 1629 ergo
291 1558 420 1616 Dominus
434 1559 470 1614 sit
480 1558 572 1615 cordis
584 1558 733 1627 inspector,
743 1555 842 1627 quous
856 1563 925 1613 tem-
974 1569 1043 1621 mos,
1059 1564 1087 1611 et
1102 1557 1285 1627 responsuris,
1303 1572 1351 1614 seu
1363 1557 1504 1625 lectiones,
1519 1558 1601 1615 simili
1613 1560 1694 1617 modo
1710 1557 1770 1617 offi-

131 1663 198 1718 pore
211 1662 263 1702 non
283 1656 325 1704 est
337 1647 493 1719 deneganda
503 1647 664 1717 poeuitentis
688 1644 848 1717 postulanti,
860 1659 923 1700 cum
974 1648 1017 1703 cia
1035 1649 1228 1719 persolvuntur
1243 1669 1251 1706 r
1266 1659 1295 1708 et
1306 1652 1367 1708 ideo
1379 1651 1458 1721 iuxta
1470 1652 1677 1726 lluqustinumt¹
1691 1675 1700 1709 r
1715 1671 1770 1713 nou

130 1739 169 1794 illi
183 1755 212 1795 se
227 1738 325 1813 obliget
340 1737 440 1805 ludici,
453 1739 498 1795 cui
513 1738 620 1795 occulta
632 1737 724 1793 omnia
739 1736 864 1793 noverint
877 1751 923 1791 rc·
973 1742 1214 1810 pretermittcudae
1230 1743 1443 1814 supplicationes
1461 1760 1512 1816 pro
1532 1745 1674 1816 spiritibus
1696 1762 1771 1805 mon·

130 1830 225 1887 veleri.
243 1829 308 1885 Post
319 1829 386 1886 istas
399 1830 599 1888 meritissimus
618 1829 800 1896 delinitiones,
813 1825 922 1900 quondo
936 1811 962 1875 Β
975 1840 1169 1901 tuorumqnas
1179 1831 1320 1890 faciendas
1332 1848 1382 1904 pro
1393 1836 1521 1893 omnibus
1530 1835 1693 1895 Christianis
1704 1837 1771 1897 iide-

130 1922 410 1994 auquisCluistianus
424 1922 568 1979 articulum
580 1923 677 1980 mortis
688 1920 856 1995 persenserit
873 1920 924 1995 iru-
973 1918 1056 1988 liuns,
1069 1922 1152 1979 etiarn
1169 1924 1262 1981 tecitis
1277 1925 1432 1983 nominibus
1455 1940 1560 1992 eorum,
1573 1930 1626 1986 suu
1649 1929 1771 2003 generali

130 2013 245 2081 minere,
258 2014 385 2086 primitus
407 2021 520 2070 renovet
538 2013 738 2072 contessionem
760 2027 836 2070 suam
859 2025 922 2073 cum
972 2013 1233 2070 commemoratione
1248 2015 1370 2086 suscepit
1395 2015 1528 2083 Ecclesia,
1546 2025 1578 2073 ut
1595 2020 1694 2090 quibus
1717 2020 1769 2079 ista

129 2107 248 2177 puritate
266 2122 299 2163 ac
321 2107 395 2161 omni
420 2105 529 2171 llducia,
544 2105 642 2162 deinde
664 2105 810 2162 distrillust
831 2102 922 2161 omnia
972 2103 1286 2172 desunt,parentes,aut
1299 2103 1359 2170 lilii,
1375 2115 1422 2161 aut
1435 2108 1639 2178 qualescunque
1651 2111 1770 2183 cognati,

129 2214 190 2271 quac
203 2197 335 2266 possidet,
353 2206 414 2269 post
426 2197 614 2254 hecdimittat
628 2197 765 2261 omnium,
780 2194 868 2265 quiin
893 2210 924 2252 se
971 2192 1016 2247 ret
1026 2192 1117 2256 amici,
1129 2193 1227 2250 altum
1239 2194 1280 2250 eis
1297 2195 1556 2255 exhibeaturmetrc
1572 2200 1720 2256 communi.
1738 2199 1770 2259 st

128 2298 322 2363 peccaverunt,
339 2297 366 2347 et
376 2289 579 2346 reconcilietur.
595 2288 673 2345 Tunc
684 2288 803 2360 postulet
824 2288 923 2345 musas
972 2289 1063 2340 sotem
1078 2283 1204 2340 deessem
1215 2283 1275 2338 iste
1288 2282 1511 2356 supplicationes,
1528 2302 1589 2358 qoae
1603 2287 1673 2344 urunt
1692 2297 1769 2365 mera

128 2393 157 2443 et
168 2383 318 2441 oblationes
330 2399 378 2441 seu
390 2382 609 2441 communionem
629 2388 762 2439 sencmm.
776 2379 836 2449 Qun
859 2397 923 2452 per-
971 2379 1000 2427 θῑ
1013 2370 1057 2441 Pii
1071 2369 1124 2429 fide
1137 2386 1188 2443 PP⁰
1209 2373 1335 2439 mutuli·
1348 2385 1413 2442 P¹¹¹⁰
1434 2376 1508 2445 ‹1¹¹⁰ss
1534 2375 1602 2433 ”ihil
1627 2377 1770 2450 prodesset

128 2481 218 2547 cepta,
230 2474 312 2531 etiam
327 2473 350 2529 si
365 2473 426 2544 ipso
443 2472 488 2528 die
508 2471 637 2537 comedit,
649 2477 736 2528 mutet
753 2470 875 2528 habitum
893 2472 923 2527 in
971 2462 1114 2534 spiritibus
1128 2477 1232 2529 eorum,
1246 2464 1270 2520 si
1285 2464 1435 2537 quamtum
1449 2465 1518 2523 locis
1530 2469 1633 2525 sanetis
1643 2469 1770 2526 exanime

130 2564 219 2621 cilicio
233 2571 261 2619 et
276 2565 368 2620 cinere
389 2579 437 2620 seu
459 2562 548 2618 riliori
567 2562 736 2618 indumento.
749 2561 785 2619 m
801 2570 867 2618 tuuc
880 2564 923 2619 iu-
971 2563 1272 2627 tttttttttetlottetentut·
1291 2575 1301 2610 ι

128 2657 288 2731 grediantur
301 2655 399 2712 iratres
411 2671 473 2712 cum
498 2654 571 2710 omni
596 2655 739 2727 grauitate,
764 2654 809 2711 rel
830 2654 922 2711 ceteri
1007 2646 1178 2722 QfflPmtttet
1191 2648 1244 2704 tiit
1257 2649 1429 2706 celebrantur
1448 2650 1487 2706 illl
1503 2660 1560 2710 iret
1576 2654 1634 2710 diet
1652 2671 1768 2728 muers·

128 2747 222 2805 udeles
238 2764 300 2804 cum
315 2763 385 2818 equa
401 2745 543 2804 benedicte
563 2753 591 2800 et
611 2760 705 2811 emec,
717 2753 820 2801 etcum
834 2744 922 2802 cereis
971 2740 1034 2799 liter
1052 2740 1087 2797 ab
1101 2744 1227 2799 omnibus
1247 2743 1317 2800 inira
1347 2746 1529 2818 trigesimum,
1549 2749 1596 2816 qui
1625 2759 1767 2818 vocantur,

128 2855 178 2901 teu
193 2841 313 2905 incesso,
327 2838 460 2906 dicentes,
475 2838 559 2909 llprr'e
573 2838 681 2905 eldeum
694 2835 798 2895 Christe
811 2838 921 2907 eleison,
971 2836 1074 2904 tertius,
1086 2838 1224 2908 septimus,
1236 2841 1485 2911 atquetricesr'mus.
1500 2841 1538 2899 lle
1549 2844 1631 2901 tertio
1640 2846 1713 2902 enim
1726 2847 1772 2905 die

130 2942 172 2992 ter
192 2933 347 3006 repetendo.
363 2932 429 2987 Post
451 2931 510 2986 lraec
525 2930 740 2987 dicutsacerdoe
756 2947 763 2988 ι
780 2929 823 2985 tt
842 2931 920 2987 uitam
972 2944 1020 2987 seu
1035 2933 1151 3003 septimo
1165 2935 1204 2991 ita
1221 2934 1381 2992 hebeturin
1399 2935 1469 2993 liuro
1492 2934 1675 2994 Numerorum
1691 2957 1699 2996 s
1716 2939 1770 3008 Qud

128 3035 253 3081 uternam
281 3024 416 3079 resuscitet
443 3040 503 3077 eum
532 3021 674 3087 Dominus,
694 3030 718 3076 et
743 3020 865 3077 misertus
886 3021 921 3074 sit
971 3021 1084 3094 tetiqerr't
1095 3023 1374 3093 amarmurmulus
1387 3036 1492 3098 propter
1504 3028 1553 3083 lroc
1566 3028 1645 3098 {uerri
1656 3031 1770 3087 mman-

129 3116 221 3173 uostri.
243 3113 319 3170 Tunc
333 3112 448 3170 canendi
461 3120 523 3168 sunt
537 3119 639 3183 septem
662 3111 764 3170 Psalmi
785 3112 922 3168 Poeniten·
971 3109 1032 3179 dus,
1046 3123 1144 3185 uptus
1165 3114 1257 3172 dietus
1276 3126 1432 3189 esperqotur
1454 3136 1524 3191 eque
1536 3117 1712 3186 lustrationis,
1727 3121 1770 3179 die
1847 3165 1850 3172 .

129 3209 208 3267 tiales
221 3223 284 3266 cum
295 3207 408 3273 litaniis,
421 3213 502 3277 Proui
527 3211 634 3278 tempus
661 3204 826 3277 permiserit.
849 3204 922 3261 lnte-
934 3179 958 3244 0
972 3202 1051 3257 tertio
1062 3213 1086 3257 et
1097 3205 1220 3275 septimo,
1231 3215 1256 3263 rt
1267 3207 1307 3261 sie
1323 3206 1496 3263 mundabitur
1522 3209 1618 3282 (Num.
1634 3226 1691 3279 stt,
1711 3211 1767 3286 lt).

129 3302 181 3357 rim
196 3317 260 3357 vero
274 3300 400 3372 legantur
423 3298 568 3356 Passiones
591 3297 740 3356 Dominicae
760 3306 826 3354 ante
845 3313 919 3365 eum,
971 3291 1144 3351 immunditia
1159 3298 1218 3356 haec
1232 3313 1283 3371 pro
1293 3306 1368 3356 tactu
1381 3299 1522 3359 cederetis
1542 3301 1661 3358 enimam
1685 3303 1772 3375 pollu-

129 3407 176 3448 scu
190 3391 250 3449 ulie
262 3391 410 3463 scripture
422 3406 517 3448 sacres.
529 3390 578 3446 llis
597 3389 699 3458 linitis,
711 3390 834 3460 sequitur
848 3391 921 3445 nnti-
972 3393 1028 3440 tam
1038 3386 1174 3459 siguificat
1184 3389 1313 3459 operibus
1327 3391 1444 3447 mortuis
1458 3410 1464 3445 :
1481 3400 1509 3447 et
1528 3392 1591 3461 quia
1615 3392 1766 3465 neglexerit

128 3484 228 3554 pliona,
251 3483 397 3554 Antequam
424 3499 555 3540 nascerer.
581 3481 706 3540 Psulmus
726 3481 858 3540 :Domini
882 3489 921 3537 est
971 3479 1075 3536 cultum
1087 3480 1147 3548 liei,
1161 3483 1188 3538 in
1201 3483 1378 3555 cogitatione,
1400 3484 1429 3540 iu
1449 3485 1517 3549 rita,
1531 3495 1559 3540 et
1579 3485 1607 3541 in
1631 3486 1769 3544 intellecur

128 3585 210 3642 terre,
225 3589 287 3630 cum
304 3573 477 3645 repetitione,
488 3581 517 3629 et
528 3574 628 3632 dicitur
645 3583 688 3632 ter
707 3572 791 3644 lieris
810 3572 920 3639 eleison,
971 3570 1111 3629 humiliter
1122 3573 1439 3642 mnutendo,oiferimus
1451 3575 1618 3633 sacrificium
1641 3575 1697 3634 lleo
1714 3587 1770 3634 ter·

127 3674 158 3722 ut
175 3665 385 3736 summ-Deinde
400 3666 527 3724 sacerdos
543 3683 549 3719 :
566 3664 602 3721 ln
616 3667 677 3720 siro
698 3664 813 3721 strete
838 3664 921 3719 eollo-
947 3695 954 3710 ·
971 3663 1009 3719 tia
1022 3664 1076 3730 die,
1091 3673 1227 3735 quatenus
1241 3664 1276 3720 uls
1288 3664 1462 3737 hispeccatis
1472 3675 1613 3737 purgetur.
1632 3666 1662 3722 ln
1679 3668 1771 3739 expio·¹

127 3764 167 3811 cet
190 3772 249 3810 esur
269 3754 409 3820 Dominus,
424 3764 448 3810 et
465 3756 623 3813 misereatur
636 3753 730 3811 soum.
761 3752 921 3823 Sequemur
971 3754 1045 3811 tione
1058 3769 1123 3810 rcro
1137 3755 1190 3810 diei
1204 3755 1279 3809 tertii
1289 3755 1473 3811 commendeti
1486 3754 1616 3821 defuncti,
1625 3769 1770 3826 possumus

127 3848 265 3905 orationes
279 3847 313 3902 sd
325 3845 566 3904 commendandam
581 3845 710 3902 animem.
971 3844 1179 3900 admemoriam
1197 3844 1327 3900 reducere
1342 3845 1450 3900 tertiam
1472 3846 1543 3900 diem
1557 3847 1769 3907 resurrectionis

439 3956 555 4014 cppqp
574 3957 605 4012 [ἡ
971 3939 1087 4004 Domini,
1101 3938 1182 4012 513
1197 3940 1292 4010 inqua
1307 3939 1431 3997 devotius
1452 3948 1495 3997 est
1518 3941 1683 4012 generaliter
1704 3959 1768 4014 sup·

128 4029 143 4072 δ
163 4045 197 4087 or
219 4044 357 4096 sisennus
378 4045 557 4096 uournornu,
576 4045 611 4089 nr
632 4045 723 4089 soson
743 4045 921 4089 conseruat·
970 4029 1136 4100 plicaudum.
1156 4030 1195 4086 ue
1212 4031 1329 4102 septimo
1345 4046 1413 4098 nero
1428 4031 1472 4089 die
1495 4033 1627 4093 uouemus
1650 4037 1770 4093 auctori·

477 4116 568 4157 rrouc.
970 4128 1055 4179 tatem
1073 4121 1101 4178 in
1113 4122 1182 4179 libro
1198 4121 1345 4180 Geneseos.
1371 4122 1477 4180 llortuo
1501 4124 1603 4180 etenim
1627 4122 1713 4185 tacet
1736 4129 1767 4185 in
1840 4170 1851 4191 -.

164 4192 202 4248 ΒΘ
214 4192 257 4249 ¹¹5⁵
272 4192 309 4247 ⁵1³
323 4193 491 4264 A¹¹iu¹⁸¹¹¹¹¹¹s
506 4194 533 4248 in
547 4193 618 4250 libii)
629 4194 662 4250 ‘¹⁸
675 4210 741 4251 ⁰¹³³
752 4196 856 4269 sqeuda
869 4212 920 4271 Pit
969 4212 1099 4285 AEqypto,
1110 4222 1139 4270 et
1150 4213 1284 4271 translato
1298 4232 1314 4273 a
1328 4214 1429 4287 tosepu
1444 4224 1521 4275 treus
1534 4216 1681 4275 lordsnem
1703 4235 1766 4278 cum

128 4286 293 4351 muriuiS,ei
309 4285 336 4340 in
350 4285 418 4341 libro
433 4285 617 4343 Clvlluilsnui
633 4299 656 4344 ⁰·
673 4287 724 4356 Qui
739 4288 919 4364 sucli‚iuquii,
969 4305 1101 4360 comitatu
1120 4305 1251 4375 maximo,
1276 4306 1484 4364 celebraverunt
1506 4307 1606 4365 ibidem
1624 4313 1768 4382 exsequia

128 4376 271 4445 exsequias
296 4385 478 4444 molliturum,
497 4377 533 4432 ult
556 4393 676 4435 amorem
696 4381 769 4438 illius
783 4380 859 4450 facit,
872 4384 920 4457 qul
968 4412 1033 4453 cum
1041 4398 1152 4467 planctu
1166 4400 1565 4472 magn0‚0t[eqepuntsoptem
1575 4401 1766 4481 dies(Gm,p,),

127 4466 252 4537 promisit
264 4481 378 4537 corpore
391 4475 579 4523 resurrectura
595 4483 602 4522 :
626 4488 635 4521 r
656 4469 749 4542 Neque
765 4472 838 4529 euim
853 4489 918 4530 con·
970 4487 1004 4542 Ει
1015 4487 1079 4544 atini
1096 4507 1103 4544 :
1124 4488 1224 4546 tuere,
1241 4492 1338 4547 „wrm
1355 4502 1453 4563 „prm
1467 4492 1581 4559 arm,
1595 4493 1664 4563 [arnt
1677 4506 1767 4554 ..pm

128 4557 271 4612 temnenda
284 4565 348 4612 suut
365 4566 392 4614 et
406 4557 555 4628 abjicienda
579 4577 695 4632 corpora
718 4564 918 4634 defunctorum.
932 4538 1059 4639 Domum
1072 4581 1128 4637 atu
1143 4583 1202 4639 qqrae
1223 4583 1281 4654 eju,
1309 4582 1405 4655 (Ecctt,
1421 4600 1489 4652 mr,
1502 4586 1558 4658 15),
1574 4586 1651 4656 Quod
1675 4600 1766 4647 mrem

128 4649 245 4703 maxime
256 4647 386 4715 fidtlltlssu
402 4650 502 4721 quibus
522 4660 650 4724 tanquam
665 4656 775 4726 ortatui
797 4665 824 4714 et
848 4659 921 4717 latit
971 4671 1043 4741 opud
1055 4670 1162 4741 aliquos
1174 4687 1263 4728 nonus
1275 4672 1504 4742 diescelebratur,
1515 4685 1543 4733 et
1555 4678 1704 4735 vocabatur·
1718 4698 1768 4736 no·

127 4740 162 4795 td
178 4740 268 4796 ⁰¹¹1¹¹i³
283 4756 365 4810 ⁰1³0ta
376 4741 445 4797 b⁰¹¹³
456 4759 522 4799 ⁰⁸¹¹³
533 4752 575 4799 tii
586 4744 704 4816 Spiritus
713 4759 834 4808 sanctus.
843 4749 920 4809 Unde
971 4763 1118 4829 renuistis,
1133 4762 1300 4833 Augustinus
1314 4764 1342 4820 in
1359 4763 1429 4822 libro
1446 4765 1631 4835 Quaestionum
1646 4781 1658 4810 ι
1674 4770 1768 4827 reder-

126 4840 154 4889 et
167 4837 339 4906 antiquorum
361 4833 481 4891 udelium
495 4835 590 4892 lunera
608 4837 727 4898 officiosa
748 4843 849 4913 pietate
872 4861 920 4903 cu·
970 4853 1040 4924 quit,
1054 4853 1173 4909 maxime
1186 4869 1249 4910 cum
1262 4854 1353 4911 nullus
1368 4865 1524 4914 sanctorum
1535 4860 1588 4916 loc
1601 4859 1698 4918 iecisse
1707 4876 1767 4933 pro·

126 4934 185 4982 rste
200 4935 274 4992 sunt,
288 4936 316 4981 et
328 4927 464 4997 exsequiae
483 4926 637 4996 celebrator,
651 4946 683 4985 ac
698 4932 844 5002 sepulture
857 4950 919 5006 pro
970 4942 1062 5009 batur,
1075 4958 1139 4999 eum
1152 4942 1188 4999 sit
1201 4945 1369 5002 consuetudo
1381 4947 1533 5017 gentilium.
1548 4947 1621 5007 Sane
1633 4953 1766 5022 septimus

126 5016 205 5073 risae:
215 5017 320 5089 ipsique
333 5033 394 5073 cum
406 5016 537 5085 virerent,
547 5021 579 5074 de
593 5021 753 5091 sepeliendis
767 5038 816 5081 seu
830 5033 919 5082 trans-
971 5033 1031 5090 dies
1044 5034 1073 5090 in
1085 5033 1235 5106 scripturis
1246 5037 1436 5094 auctoritatem
1449 5038 1542 5108 habet,
1557 5042 1620 5113 quia
1638 5053 1766 5116 septena.

126 5106 244 5166 terendis
275 5112 332 5166 suis
346 5111 506 5184 corporibus
521 5112 583 5171 liliis
600 5115 813 5184 mandaverunt,
825 5126 853 5174 ct
867 5119 919 5175 'lo-
970 5130 1027 5186 rius
1041 5146 1171 5188 numerus
1184 5141 1296 5204 propre.-
1306 5133 1412 5189 abbari
1422 5137 1766 5208 sacramentumpraecipup

125 5200 185 5257 uias
199 5199 274 5275 (Tot.
291 5203 356 5268 mu,
368 5214 392 5258 et
407 5220 456 5269 mr,
470 5204 514 5278 lu)
530 5206 692 5277 sepeliendis
703 5211 820 5268 mortuis
833 5210 918 5269 Deum
970 5224 1211 5294 qutertqindtqtqm
1229 5235 1281 5282 ess,
1295 5226 1372 5284 Unde
1386 5228 1486 5284 merito
1498 5229 1615 5286 mortuis
1635 5238 1765 5300 uunquam

125 5293 310 5363 promeruisse
323 5296 537 5352 commendetur.
552 5296 610 5368 lpse
625 5299 756 5358 Dominus
774 5302 818 5359 die
839 5305 919 5360 tertia
970 5315 1172 5385 quiescentibus
1184 5317 1337 5374 exponetur,
1353 5316 1393 5374 lte
1413 5318 1551 5375 inopum
1568 5319 1613 5376 dte
1633 5320 1765 5393 scriptum

126 5394 342 5451 resurrecturus,
358 5385 482 5459 gloriosae
504 5388 626 5445 mulieris
639 5390 739 5447 uonum
755 5408 823 5465 opus
844 5411 916 5468 prte-
968 5416 1012 5465 osr
1025 5408 1052 5465 tu
1065 5408 1136 5466 unm
1147 5409 1327 5469 Nummorum
1341 5410 1492 5483 (tumr,
1505 5412 1561 5485 eut,
1573 5412 1666 5470 omero
1675 5424 1768 5472 om

162 5538 228 5594 nux
240 5540 320 5611 epist
337 5541 477 5632 Caelestini
490 5560 567 5616 pspae
578 5547 613 5601 ad
626 5549 768 5620 episcopos
783 5552 918 5610 Viennen-
980 5630 985 5641 ι
1006 5571 1017 5599 t
1034 5559 1063 5615 S.
1074 5561 1188 5633 August.
1200 5563 1263 5619 libr.
1279 5564 1314 5637 de
1327 5581 1391 5621 cum
1406 5583 1456 5638 pro
1474 5570 1600 5639 mortuis,
1615 5589 1675 5647 cap.
1690 5575 1723 5634 t:
1735 5583 1770 5635 et.

125 5609 482 5741 εοξοιιῖιῖἷὲὴοὲιδιιεὶοῦθ
515 5685 564 5740 mi,
603 5688 635 5743 d,
968 5629 1413 5741 liudr.r.deCirit.uci,cop.t5.
1493 5711 1500 5724 ι

497 5703 512 5742 o
565 5703 588 5742 te
621 5689 796 5761 rsrrrrctorum.
825 5696 901 5765 Quin
1033 5701 1102 5773 liniq.
1119 5703 1185 5760 llud.
1202 5704 1321 5761 lleCura
1336 5723 1385 5778 pru
1401 5718 1526 5779 mortuis,
1542 5728 1601 5783 cop.
1619 5714 1645 5773 d.

124 5761 188 5813 ern.
1008 5783 1020 5812 ⁸
1038 5772 1106 5849 loq.
1123 5774 1223 5847 anost.
1242 5776 1270 5833 iu
1285 5776 1414 5849 Genesin,
1429 5792 1525 5853 quest.
1539 5784 1599 5844 liu
