3780 6120
149 242 201 299 itt

146 356 344 426 Porvtidcisque
356 361 437 424 caput
447 354 535 425 gladio
547 355 683 425 percussit
697 364 787 412 acuto.

147 451 201 507 sed
211 449 255 503 vir
265 445 418 517 praecipuus
429 459 481 500 nec
491 445 587 510 sensit,
604 460 655 501 nec
666 445 726 502 lere
740 446 846 503 vulnus.

146 541 234 610 Quem
248 537 360 592 voluere
370 534 412 590 sui
422 535 536 590 conrites
545 535 670 591 occidere
680 537 772 591 statim
787 555 804 591 z.

144 630 226 690 llunc
238 637 330 684 tamen
342 626 442 696 eripuit
457 625 530 680 mitis
544 625 577 682 de
590 634 677 681 morte
691 627 829 683 sacerdos.

145 724 198 793 Qui
207 721 261 777 luit
274 726 400 793 arreptus
413 718 528 772 miseras
542 732 606 771 mox
621 727 703 773 tenuo
719 733 827 788 peenas,

145 815 266 884 Postque
279 811 339 868 dies
350 818 441 865 ternas
452 808 535 862 vitam
552 807 639 862 linivit
653 823 783 863 amaram.

146 906 248 977 sicque
257 917 321 960 suos
335 908 444 959 sanctos
458 898 584 958 Christus
597 898 737 955 ulciscitur
749 899 829 957 ultro.

451 1029 565 1087 caetu
577 1029 635 1084 XV.

147 1152 206 1220 Qod
223 1149 341 1217 quidum,
357 1146 401 1216 qui
424 1160 497 1201 aereo
512 1143 561 1226 Dei
576 1143 763 1210 maledixerat,
778 1144 821 1200 dle
834 1152 938 1216 postera

492 1224 580 1286 perant.

182 1335 245 1407 Egit
254 1333 308 1388 iter
319 1329 456 1402 quondam
469 1329 638 1385 venerandus
650 1310 720 1386 torte
732 1327 829 1388 viator.

132 1428 216 1498 ,Quia
226 1441 256 1482 sc
269 1440 318 1495 per
332 1430 437 1493 segetes
450 1422 559 1491 propior
570 1420 627 1491 jum
644 1422 741 1477 semita
757 1421 833 1477 duxit

147 1522 215 1579 Cum
228 1519 311 1575 sociis
321 1517 415 1582 etiarn,
426 1515 514 1571 tenuit
523 1530 591 1585 quas
604 1514 681 1570 dives
694 1530 794 1570 avarus
812 1531 820 1567 t

148 1611 197 1668 Cui
209 1617 331 1682 segetum
341 1614 433 1663 custos
445 1605 541 1661 callem
554 1605 698 1676 prohibere
711 1605 830 1670 volebat,

147 1701 267 1758 Plurima
279 1698 453 1756 conclamans
469 1705 565 1751 saneto
579 1696 698 1751 convitia
710 1695 811 1760 serbis,

147 1791 205 1849 Nec
218 1806 272 1847 non
283 1788 399 1860 augebat
413 1785 491 1841 laetis
504 1786 649 1856 opprobria
663 1784 741 1841 diris.

148 1884 201 1953 Qui
218 1882 328 1939 divertit
340 1882 402 1946 iter,
417 1894 514 1949 quase
530 1877 574 1932 via
585 1876 692 1948 publica
705 1883 857 1932 monstrat:

147 1979 209 2034 lior
220 1975 290 2051 perit
302 1973 396 2030 infelix
409 1974 498 2029 elusor
511 1971 571 2027 luce
580 1971 710 2037 secunda,

146 2070 214 2127 Tam
228 2069 355 2140 quianon
366 2066 456 2121 timuit
468 2078 546 2121 servo
560 2063 722 2121 maledicere
731 2062 842 2120 Christi.

441 2198 556 2257 CAPUT
575 2198 645 2256 itti.

146 2313 268 2381 Qualiter
285 2311 381 2384 fontem
400 2310 501 2366 orando
512 2309 545 2365 de
561 2309 638 2364 crida
655 2308 748 2364 tellure
768 2309 934 2380 produxerit.

180 2425 251 2480 Dum
262 2422 422 2494 diviuapius
434 2422 555 2478 coelestis
570 2423 674 2478 semina
684 2423 747 2479 vite

145 2514 280 2587 Spargere
289 2530 339 2585 per
348 2514 447 2569 multas
459 2522 652 2584 properaverat
661 2515 752 2570 aceoia
765 2523 862 2581 terras,

143 2606 273 2662 Pervenit
283 2621 336 2676 qna
348 2605 387 2661 nil
407 2605 515 2660 steriles
529 2605 583 2660 nisi
599 2606 685 2677 gignit
699 2621 807 2662 arenas.

143 2699 292 2757 luiecunda
305 2698 355 2754 soli
369 2698 475 2768 species
484 2711 572 2782 prope
584 2697 674 2754 littora
689 2699 776 2768 ponti,

143 2790 204 2859 Qua
222 2804 274 2844 nec
283 2789 454 2858 dulcisaquae
469 2788 578 2842 inventa
590 2795 633 2843 est
645 2789 799 2845 sitientibus
813 2790 895 2846 unda.

142 2879 194 2935 Vir
202 2878 315 2948 cupiens
329 2883 438 2932 sanctus
450 2875 531 2931 sociis
546 2890 706 2932 succurrere
716 2876 807 2944 lessis,

141 2968 266 3029 lusserat
277 2978 307 3026 ut
327 2968 450 3025 lacerent
466 2967 539 3023 iutra
551 2968 662 3024 tectoria
677 2967 775 3041 [llob.,
802 2969 932 3043 tentoria]

482 240 772 323 aadtodhht‘tttca.
792 271 827 284 —
846 243 926 299 titt
947 244 975 300 S.
997 241 1237 300 uttttettdttbt.
1256 273 1292 284 -
1311 242 1378 335 Llli.
1395 242 1429 300 ll.

951 357 978 418 A
990 354 1076 425 Quam
1087 355 1188 412 Chrrsti
1200 354 1316 412 lamulus
1330 355 1426 412 bacch
1436 355 1577 412 benedixit
1589 358 1713 424 honesto,

1726 246 1779 302 tte

988 444 1074 512 Quem
1087 445 1212 501 manibus
1226 459 1333 516 semper
1347 453 1457 501 sanctus
1469 454 1579 516 portare
1591 446 1704 502 solebat.

988 537 1072 593 Nocte
1082 545 1213 607 sequente
1222 551 1329 607 merum
1340 536 1387 593 scd
1403 553 1476 603 mor,
1490 537 1616 594 mirabile
1631 539 1704 595 dictu
1716 541 1723 594 i

989 627 1069 684 Solus
1084 630 1112 684 iu
1121 628 1179 684 aede
1192 641 1307 682 manens
1318 636 1442 684 servator
1453 642 1578 684 cresccre
1587 628 1666 696 vidit,

988 719 1079 775 Donec
1089 717 1215 774 mellifluo
1222 717 1354 788 completa
1365 724 1526 774 estnectare
1537 726 1632 774 tunna.

988 810 1045 868 lloc
1059 811 1135 867 laetus
1149 810 1242 867 retulit
1254 810 1409 866 venerando
1428 809 1508 866 Patre
1520 809 1617 867 silente
1629 808 1729 883 luch,
1742 812 1779 867 si·

1619 901 1740 975 [lenter].
1839 894 1842 899 ’

988 991 1038 1048 Cui
1052 993 1112 1064 pius
1126 993 1239 1047 antistes
1251 991 1361 1048 dederat
1375 1001 1508 1063 praecepta
1519 992 1638 1057 tacendi,

989 1086 1081 1156 Usque
1099 1084 1171 1141 diem
1181 1085 1287 1175 mortis,
1303 1085 1398 1142 nolens
1410 1085 1463 1141 sibi
1476 1098 1599 1155 querere
1612 1084 1730 1140 laudem.

1281 1221 1395 1278 CAPUT
1410 1221 1482 1276 xlx.

989 1335 1056 1390 ltem
1075 1334 1189 1405 qualiter
1203 1349 1236 1388 ec
1256 1332 1431 1388 benedictione
1455 1331 1572 1414 eiusdem
1586 1331 1698 1414 oiriulici
1712 1348 1777 1414 qun·

1024 1405 1149 1476 drcgiuta
1164 1403 1213 1457 uiri
1224 1420 1257 1458 ea
1272 1412 1388 1475 quatuor
1403 1402 1562 1472 {laacoaaiua
1574 1402 1684 1458 modicia
1696 1403 1775 1456 baira·

1024 1486 1081 1530 aaut
1092 1491 1174 1544 usque
1192 1474 1226 1528 ud
1241 1474 1400 1528 sutietatem.

1024 1606 1131 1663 i'irluit
1145 1609 1172 1662 in
1185 1606 1285 1676 populo
1296 1606 1387 1677 largus
1397 1621 1447 1677 pro
1461 1607 1586 1677 gentibus
1596 1605 1706 1675 hospes,

950 1701 975 1763 B
989 1700 1094 1770 sepina
1111 1698 1258 1769 hospitium
1272 1699 1349 1768 cujus
1360 1699 1462 1754 intrare
1470 1699 1575 1755 solebat

987 1791 1118 1862 Egregius
1131 1789 1240 1861 presul,
1251 1797 1344 1858 partes
1353 1789 1418 1845 dum
1431 1789 1549 1845 venitin
1562 1788 1632 1844 illas.

986 1879 1056 1935 Ecce
1068 1878 1113 1934 die
1126 1879 1243 1950 quadarn
1256 1878 1382 1944 veniens,
1397 1878 1435 1933 nil
1446 1878 1576 1950 praescius
1591 1877 1652 1947 eiua

986 1967 1035 2025 Vir
1045 1969 1095 2026 luit
1107 1968 1240 2025 adventus
1252 1985 1259 2034 ;
1275 1983 1328 2039 qua
1338 1976 1450 2039 propter
1459 1967 1556 2039 pocula
1569 1969 1628 2023 vini

986 2058 1045 2116 lion
1059 2060 1154 2115 babuit
1166 2059 1250 2115 charo
1262 2060 1516 2138 vanienterepentc
1529 2059 1668 2132 magistro.

985 2150 1042 2207 lloc
1052 2150 1134 2206 Pater
1147 2165 1308 2222 agnoscens,
1318 2150 1401 2220 iussit
1412 2149 1465 2204 sibi
1479 2148 1551 2207 serre
1564 2158 1722 2220 quaternas,

985 2242 1039 2299 Per
1049 2242 1107 2297 loca
1116 2256 1185 2312 quas
1197 2240 1275 2311 pueri
1289 2255 1382 2297 secum
1395 2249 1505 2311 portare
1517 2241 1651 2307 solebant,

984 2331 1131 2388 Flascones
1143 2332 1247 2402 pariter
1258 2330 1388 2397 modicas,
1399 2329 1539 2386 benedixit
1551 2338 1579 2387 et
1587 2330 1692 2401 inquit:

985 2420 1062 2478 Nunc
1072 2422 1185 2478 miscete
1194 2421 1305 2492 quidem
1320 2422 1411 2485 uobis,
1420 2420 1573 2478 benedictio
1584 2420 1686 2477 Christi

984 2510 1101 2583 hugebit
1111 2511 1217 2576 vinum,
1227 2511 1319 2577 credo,
1329 2511 1429 2582 pietate
1439 2511 1565 2584 benigna.

986 2597 1032 2655 Sic
1046 2598 1137 2655 irritet
1150 2598 1325 2668 iactum,jarn
1338 2599 1382 2655 his
1391 2599 1473 2655 simul
1487 2615 1552 2656 ecce
1565 2600 1656 2655 viceni

985 2690 1108 2761 Namque
1122 2688 1199 2746 luere
1208 2690 1260 2747 viri
1271 2688 1402 2756 convivae,
1415 2689 1479 2744 vina
1493 2689 1629 2746 bibentes.

986 2779 1091 2837 Sufficit
1099 2780 1142 2837 his
1156 2778 1259 2836 Christi
1265 2794 1314 2850 per
1327 2779 1428 2835 donum
1437 2779 1513 2849 potio
1522 2778 1639 2835 cunctis.

1277 2908 1390 2966 CAPUT
1423 2909 1483 2965 xx.

774 3059 895 3132 [fossam.
947 3046 970 3111 c
986 3019 1025 3076 De
1039 3022 1152 3093 quodam
1170 3031 1290 3093 protervo
1306 3021 1394 3087 diuite,
1407 3022 1453 3093 qui
1465 3037 1524 3076 eum
1535 3018 1636 3088 famulo
1646 3018 1695 3075 Dei
1705 3021 1777 3076 tita-

142 3156 203 3225 Quo
215 3155 300 3221 iacto,
313 3155 411 3226 praesul
426 3154 513 3211 solum
526 3169 556 3210 se
567 3152 702 3210 clauserat
715 3153 801 3220 intus,

142 3247 178 3305 Et
186 3248 300 3320 genibus
313 3246 375 3301 lixis
387 3246 521 3318 lacrymas
532 3244 661 3327 fundebat
674 3262 782 3303 amaras

143 3338 215 3396 Ante
232 3339 328 3403 Deum,
348 3337 454 3393 dulcem
473 3352 526 3406 quo
545 3352 607 3393 mor
622 3352 746 3395 monuere
758 3339 806 3395 sed
819 3340 932 3408 undam,

143 3431 276 3488 Produxit
286 3430 376 3486 subito
386 3426 490 3485 ionum
506 3429 583 3499 prius
595 3431 673 3487 arida
684 3431 775 3499 tellus,

144 3524 184 3580 be
196 3539 250 3593 quo
260 3523 388 3593 potabant
402 3522 469 3577 socii
480 3537 626 3593 secumque
636 3521 771 3589 ferebant,

144 3614 262 3687 indiguit
275 3621 404 3683 quantum
414 3612 521 3669 steriles
528 3612 572 3666 via
582 3620 670 3703 caepta
680 3627 729 3682 per
742 3629 830 3684 agros.

427 3749 542 3808 CAPUT
560 3748 643 3806 xttt.

144 3863 282 3932 Quomodo
298 3880 331 3918 aa
341 3864 398 3932 eiua
411 3861 587 3918 bencdictione
596 3863 714 3932 piamone
725 3862 779 3916 uini
793 3863 821 3916 in
831 3862 932 3918 duode-

369 3934 419 3987 cim
430 3948 558 4004 paapcrea
573 3933 709 4004 sufficeret.

178 4045 329 4104 Occurrcre
338 4045 387 4100 liei
402 4043 503 4099 tamaio
517 4051 559 4099 ter
572 4042 642 4099 lorte
654 4044 781 4112 quaterni

142 4137 300 4194 Panniculis
314 4136 406 4191 miseri
420 4135 523 4199 vestiti,
535 4143 563 4189 et
575 4134 652 4204 panis
665 4134 757 4205 egeni,

143 4226 218 4295 Quos
231 4228 291 4298 pius
304 4233 335 4281 ut
345 4225 423 4290 vidit,
434 4234 524 4280 motus
533 4225 635 4294 pietate
650 4224 796 4290 sacerdos;

143 4318 224 4375 Ferte
236 4333 336 4382 meam,
347 4316 426 4381 dixit,
438 4315 595 4379 flasconem,
611 4314 679 4371 ferte
693 4315 825 4381 ministri,

142 4407 177 4465 Et
190 4408 303 4464 miscete
317 4406 383 4460 viris
397 4405 488 4460 illam:
503 4405 656 4461 benedictio
669 4405 771 4461 Christi

143 4497 274 4556 Sutlicerc
284 4498 312 4552 in
324 4505 394 4553 totos
407 4496 487 4552 iaciat
497 4495 650 4568 largissime
661 4495 756 4571 illei,
765 4496 930 4570 largissima]

790 4590 893 4664 [credo.

141 4683 231 4740 'lurba
243 4682 352 4739 bibebat
363 4699 448 4739 ovans
462 4690 592 4753 quantum
606 4682 658 4739 sibi
676 4683 792 4753 quisque
812 4682 930 4749 volebat,

140 4772 237 4831 Flasco
247 4783 337 4831 tamen
350 4772 439 4828 tuerat
448 4774 552 4830 meliori
567 4773 647 4844 plena
656 4773 770 4830 taleme.

423 4901 536 4959 CAPUT
556 4902 648 4959 xtttt.

140 5013 210 5073 ltem
224 5002 339 5089 qualiter
353 5030 386 5069 ca
397 5013 454 5084 ejus
468 5012 645 5137 benedisstiooa
657 5014 745 5069 mcum
756 5015 784 5070 in
798 5031 865 5087 capa
876 5031 932 5071 are-

490 5100 581 5138 acere.

175 5201 335 5259 Veneratad
346 5198 490 5270 qnamdam
502 5199 597 5255 cellam
607 5199 771 5263 venerahilis
784 5199 893 5271 hospes.

139 5294 273 5352 Omnibus
285 5293 414 5348 Ecclesiae
428 5290 509 5346 rebus
520 5289 577 5359 jam
588 5291 640 5346 rite
651 5291 779 5361 peractis

139 5384 282 5443 Fratribus
294 5391 322 5438 et
335 5382 414 5438 solito
426 5382 553 5437 nrandata
569 5396 647 5436 more
658 5380 755 5448 salute,

140 5476 238 5534 Omnia
252 5474 420 5546 perspiciens
434 5487 519 5528 sacrae
531 5473 626 5528 sedilia
638 5472 722 5528 cellae.

139 5568 299 5643 Ingrediens
311 5567 394 5622 etiam
409 5566 490 5620 sociis
505 5565 616 5621 cellaria
625 5566 730 5635 paucis,

138 5659 235 5733 inqua
250 5658 306 5716 sola
320 5670 414 5727 pamm
426 5656 482 5712 vini
498 5657 541 5712 vir
555 5664 639 5711 tunna
655 5657 776 5726 tenebat,

1021 3107 1049 3146 rc
1071 3094 1166 3157 renuit,
1178 3101 1202 3146 at
1218 3101 1275 3161 port
1288 3090 1396 3158 sobna,
1413 3107 1466 3145 coa
1480 3092 1577 3163 potuit,
1593 3090 1675 3144 donec
1696 3089 1729 3145 ab
1742 3104 1774 3148 ae

1020 3160 1156 3218 absolvatur
1167 3170 1245 3218 earet.

1019 3298 1118 3354 Lassus
1130 3297 1183 3354 iter
1196 3297 1304 3354 Domini
1315 3297 1432 3354 tumulus
1443 3297 1561 3367 iaciebat
1571 3307 1705 3366 amatum,

983 3387 1117 3445 Imbribus
1126 3388 1255 3445 aethereis
1268 3389 1381 3460 cupiens
1395 3397 1453 3446 suta
1472 3389 1527 3444 lata
1538 3389 1637 3462 rigare.

983 3477 1065 3535 Prata
1075 3476 1244 3549 piusprasnt
1254 3478 1394 3549 eujusdam
1405 3479 1499 3535 divitis
1508 3479 1594 3536 iuuat
1771 3551 1773 3555 y

983 3566 1051 3624 Cum
1064 3567 1147 3623 sociis
1156 3567 1293 3623 modicum
1303 3566 1384 3623 lassis
1394 3569 1568 3640 requiescere
1578 3576 1694 3641 tempus.

982 3656 1092 3714 Cadere
1104 3659 1187 3728 coepit
1201 3674 1285 3730 equos
1300 3659 1395 3732 virgis,
1409 3669 1437 3716 et
1448 3659 1557 3733 abigere
1570 3662 1667 3731 pratis.

983 3747 1068 3816 Quem
1077 3749 1139 3817 pius
1150 3747 1294 3819 alloquitur
1307 3748 1406 3804 blando
1416 3763 1542 3806 sermone
1555 3750 1700 3805 sacerdos:

982 3838 1094 3903 Desine,
1105 3851 1207 3906 quaeso,
1221 3838 1275 3892 tuis
1285 3852 1335 3893 nos
1345 3853 1418 3893 nunc
1430 3838 1565 3910 depellere
1581 3840 1677 3909 pratis,

983 3930 1039 3987 Sed
1049 3928 1135 4000 magis
1145 3926 1178 3983 ad
1192 3938 1301 3983 nostras
1312 3928 1405 3999 epulas
1418 3929 1531 3985 mnvira
1543 3930 1647 3996 venito,
1717 3979 1722 3989 .

982 4024 1018 4079 lit
1030 4022 1092 4079 bibe
1106 4020 1259 4086 nobiscum,
1273 4019 1359 4076 simus
1373 4036 1481 4092 quoque
1490 4035 1600 4092 semper
1612 4022 1704 4080 amici.

982 4112 1134 4183 liespondit
1146 4108 1331 4167 divesluriosa
1345 4118 1436 4167 mente
1450 4112 1603 4182 superbus:

982 4204 1049 4261 Nolo
1060 4212 1120 4258 tuas
1133 4201 1238 4273 epulas,
1251 4208 1341 4258 tecum
1356 4208 1450 4272 potare
1463 4217 1570 4258 recuso.

982 4296 1043 4353 llos
1056 4296 1146 4365 rapuit
1157 4295 1256 4366 praesul
1267 4293 1378 4351 verbum
1392 4293 1426 4351 de
1438 4308 1505 4350 voce
1517 4294 1652 4365 loquentis
1664 4313 1671 4349 r

863 4398 866 4403 “
945 4398 972 4460 1)
984 4387 1014 4444 Si
1032 4396 1126 4459 potare
1137 4401 1220 4459 negas
1233 4400 1339 4442 mecum
1350 4385 1440 4453 modo,
1452 4402 1506 4442 non
1520 4385 1594 4451 bibe,
1606 4402 1708 4458 quaeso.

983 4477 1031 4534 llis
1044 4477 1126 4534 dictis
1137 4477 1244 4533 Domini
1259 4477 1375 4534 famulus
1388 4488 1547 4549 perrexerat
1559 4478 1643 4545 ultro,

981 4570 1187 4642 Atquedomum
1202 4570 1278 4627 dives
1288 4571 1426 4642 propriam
1440 4567 1580 4642 repedavit
1593 4573 1719 4643 iniquus:

982 4661 1068 4730 Quaem
1079 4661 1139 4718 sitis
1148 4660 1296 4717 inflammat
1305 4660 1389 4716 nimio
1400 4660 1506 4719 terrore
1517 4671 1629 4735 repente
1640 4681 1648 4730 ;

981 4751 1033 4820 Qui
1046 4751 1161 4808 miscere
1175 4750 1268 4807 furens
1281 4749 1395 4806 tumulos
1408 4750 1460 4807 sibi
1472 4752 1536 4814 vina
1547 4755 1677 4829 rogabat,

980 4843 1125 4913 decipiens
1137 4841 1261 4908 calicem,
1276 4841 1324 4898 scd
1336 4841 1375 4898 nil
1390 4843 1500 4901 sorbere
1510 4845 1627 4907 valebat.

980 4932 1100 4989 Ardebat
1112 4932 1210 4989 sitiens
1219 4933 1386 5000 stomachus,
1398 4935 1445 4991 sed
1458 4936 1554 5006 poeula
1565 4936 1665 4995 Bacchi

980 5020 1108 5093 Respuit,
1119 5029 1147 5077 et
1158 5029 1229 5078 totus
1241 5020 1358 5081 flammis
1369 5023 1482 5081 ardebat
1494 5026 1609 5084 anhelis.

870 5132 873 5137 ·
981 5113 1036 5170 Nec
1050 5113 1134 5168 valuit
1143 5115 1286 5185 quisquam
1296 5113 1418 5173 medicus
1429 5116 1552 5172 relevare
1565 5117 1697 5183 laborem,

981 5202 1072 5258 Donec
1083 5203 1141 5272 ipse
1151 5203 1235 5259 miser
1247 5203 1354 5273 culpam
1368 5206 1496 5277 cognovit
1505 5206 1635 5277 iniquam,

979 5290 1067 5362 htqm
1080 5291 1128 5346 Dei
1139 5290 1233 5346 famuli
1248 5305 1282 5346 er
1293 5291 1364 5347 dicto
1377 5300 1510 5349 tormenta
1524 5292 1629 5349 luisset

981 5385 1097 5458 Optabat
1110 5384 1228 5441 reditum
1241 5394 1407 5457 quapropter
1418 5387 1543 5458 praesulis
1554 5388 1628 5444 almi.

980 5475 1100 5532 Venerat
1111 5477 1170 5546 ipse
1182 5490 1276 5542 senex,
1288 5475 1357 5532 alter
1368 5477 1433 5533 dum
1446 5488 1560 5536 venerat
1570 5496 1668 5538 annus.

979 5566 1028 5623 Cui
1041 5567 1125 5622 miser
1137 5566 1267 5634 occurrit,
1274 5579 1383 5637 poenam
1394 5569 1534 5627 consessus
1543 5588 1676 5640 amaram,

979 5658 1029 5719 Cui
1040 5659 1101 5734 ptus
1116 5657 1227 5716 indubia
1240 5658 1372 5732 quidquid
1379 5661 1553 5723 commiserat
1562 5663 1592 5721 in
1604 5679 1649 5734 ae.
