3780 6120
144 243 211 298 last

139 364 198 417 Lux
212 365 342 418 immensa
355 363 432 423 alios,
444 373 471 417 et
482 371 601 433 tempora
614 365 703 418 vineta
720 365 829 418 coronis

138 432 298 488 Glorificent
308 449 363 497 me,
377 449 456 503 pcena
470 434 536 488 levis
546 436 693 489 clementer
707 436 812 488 adurat.

351 521 442 577 Oratio
456 523 569 593 Eugenii
583 526 708 594 episcopi.

176 603 233 657 Rex
247 602 317 655 fieus
329 603 470 666 immense,
486 617 539 672 quo
554 613 659 655 constat
674 602 798 656 umeltiua
820 602 923 654 mutuli.

138 671 216 738 Quod
229 672 312 727 miser
327 687 359 724 ιιι
374 670 489 725 forculus
509 687 589 740 posco
605 682 631 725 tu
646 674 746 741 pertice
762 673 886 728 clemens.

140 743 182 798 Sit
193 741 259 795 mihi
271 750 342 794 tecta
356 740 431 805 fides,
448 751 476 795 et
490 741 563 795 falsis
577 743 654 795 obvia
673 742 764 795 sectis.

140 813 182 867 Sit
192 811 259 866 mihi
272 813 405 880 praecipue
424 826 528 865 morum
543 814 675 866 eorrectio
692 826 811 880 praesens

139 883 197 938 Sint
212 897 303 943 carus,
315 880 433 944 humilis,
446 897 543 945 verax,
558 896 619 934 cnm
631 891 751 950 ternpore
762 895 888 949 presens.

139 952 244 1007 Secreti
257 952 363 1009 tacitus.
375 958 402 1003 et
414 951 509 1021 linguae
520 952 616 1005 famine
628 960 731 1004 cautus.

139 1023 179 1077 Da
192 1020 273 1075 ftdum
286 1021 401 1082 socium,
415 1020 447 1074 da
460 1020 541 1074 ιιιιιιιι
554 1037 660 1091 semper
671 1021 796 1080 amicum.

139 1088 921 1159 llablauduttt,sobriunt,parcum,eastumqueministrum.
976 1129 981 1139 .

138 1159 197 1216 lion
211 1175 254 1214 ute
269 1160 410 1230 pauperies
420 1161 522 1215 cruciet
534 1169 579 1213 aut
590 1159 701 1240 languor
710 1160 835 1214 obuncet.

140 1229 182 1285 sn
192 1245 283 1284 cernes
295 1229 364 1283 altna
377 1229 450 1285 salus
466 1238 494 1283 ιι
504 1228 662 1285 sufficientia
682 1229 786 1294 victus,

139 1298 235 1354 Absint
245 1299 358 1362 divitiae,
370 1298 464 1362 fastus,
475 1308 503 1354 ct
510 1299 597 1369 jurgia
613 1298 668 1354 litis
682 1340 689 1360 ,

138 1367 259 1433 luridi-c,
269 1369 361 1434 luxus,
371 1379 399 1424 et
414 1371 514 1424 ventris
524 1370 616 1439 pensio
628 1368 723 1438 turpis.

138 1437 257 1493 Crimine
267 1453 300 1493 ne
311 1440 405 1494 laedam
417 1454 588 1508 quemquam,
600 1454 650 1493 uec
664 1438 776 1492 erimine
788 1438 880 1492 laedar.

138 1507 185 1562 Sic
199 1508 266 1564 bene
279 1510 345 1562 velle
357 1524 465 1578 tramam,
483 1524 536 1578 qno
549 1524 661 1578 pravum
673 1523 751 1577 posse
767 1509 887 1562 recedat.

137 1576 180 1632 Nil
195 1587 271 1646 turpe
282 1579 398 1647 cupiam,
413 1577 521 1642 faciam,
532 1577 573 1630 rel
584 1577 730 1648 proloquar
739 1593 867 1647 unquam.
881 1643 883 1647 Ι

137 1646 176 1701 ἰι
190 1663 267 1702 meos
277 1649 418 1711 desideret,
434 1649 521 1718 lingua
536 1657 625 1709 canat,
638 1646 708 1702 actio
718 1656 832 1716 promat.

138 1717 188 1782 lla,
204 1717 284 1771 Pater
298 1718 453 1781 altitonans,
469 1720 600 1773 undosum
612 1717 718 1771 fletibus
728 1718 860 1779 imbrem.

138 1787 197 1852 Quo
211 1787 312 1842 valeam
324 1787 448 1857 lacrymis
456 1788 596 1856 culparum
607 1787 710 1842 solvere
723 1785 817 1840 moles.

138 1855 296 1926 deprecor,
311 1858 449 1922 auxilium,
488 1859 570 1912 ossim
586 1873 639 1927 quo
657 1856 765 1911 vincere
781 1857 920 1922 mundum,

137 1924 170 1979 Et
183 1926 245 1981 ιιι-ἰ
262 1929 376 1982 stadium
390 1928 461 1997 placi
478 1944 495 1983 0
507 1942 665 1996 percurrere
678 1942 758 1996 passu
772 1968 779 1989 ,

137 1996 256 2065 Cumque
271 2013 395 2065 suprema
410 1998 467 2052 dies
480 2007 567 2051 rnorte
580 1996 736 2064 patefecerit
753 2005 849 2051 urnam

136 2063 274 2121 Couoetlas
292 2069 396 2121 reniam
411 2067 454 2122 cui
467 2068 536 2122 tollit
548 2068 626 2137 culpa
638 2082 776 2122 coronam.

349 2155 441 2210 Oratio
456 2156 535 2211 Bedoe
548 2157 697 2226 presbyteri.

172 2230 278 2288 Oileus
291 2240 401 2298 aeterue,
415 2235 514 2290 mundo
527 2250 588 2305 spes
604 2237 682 2291 unica
696 2237 772 2300 vitan,

137 2303 174 2357 lla
190 2304 255 2357 milti
272 2303 427 2375 suffragium
441 2305 467 2358 in
482 2314 556 2359 tauto
569 2306 725 2361 discrimine
743 2307 848 2361 firmum
863 2348 870 2370 ,

136 2372 174 2425 Ne
184 2387 248 2428 caro
259 2376 415 2429 succumbat
427 2375 522 2430 validis
535 2375 640 2430 infirma
654 2377 777 2447 tyrannis
788 2394 795 2442 ;

136 2442 178 2497 lle
188 2444 301 2499 similem
317 2445 411 2508 cineri,
424 2453 567 2515 ventoque,
580 2446 734 2516 umbraeque
748 2456 881 2502 memento
894 2468 900 2500 :

136 2513 189 2567 Sed
204 2522 255 2568 tuae
265 2524 393 2583 perpetuo
406 2515 586 2584 pietatisque
600 2517 682 2587 fulget
697 2519 730 2570 ab
745 2533 803 2572 mro

135 2582 264 2652 Tegmine
277 2585 322 2654 qui
337 2586 427 2640 carnis
440 2586 551 2640 veniens
564 2589 680 2642 vestitur
693 2588 727 2640 ab
740 2587 795 2642 alto

134 2654 231 2707 herlus
242 2669 305 2708 earo
319 2669 373 2723 quo
385 2665 476 2724 posset
491 2657 632 2711 devincere
646 2656 725 2711 flatus

134 2720 230 2778 Praelia
241 2725 263 2778 si
277 2725 424 2789 fretttitcut,
437 2726 599 2780 condamnet
610 2736 637 2782 et
652 2728 755 2782 hostica
768 2728 863 2798 salpix,

136 2790 175 2846 Te
191 2794 259 2848 duce
270 2795 367 2850 fidente
383 2795 468 2851 facilis
482 2796 593 2850 victoria
612 2799 701 2862 ditet,

133 2861 254 2918 Liberat
268 2879 283 2919 a
297 2865 399 2934 laqueis
411 2874 464 2920 tete
477 2875 633 2935 protegente
646 2868 793 2937 profundis,

133 2930 168 2986 Et
181 2948 226 2988 rex
243 2950 338 3005 magne
351 2937 389 2990 tui
402 2936 496 2991 llorere
507 2952 555 3005 per
569 2937 641 2992 edita
657 2940 758 3008 templi.

133 3000 204 3058 fiam
216 3012 260 3059 tua
273 3014 364 3061 nostra
379 3006 437 3079 tt,
452 3006 555 3079 noster]
570 3023 647 3062 arnor
658 3010 714 3064 sitit
728 3010 796 3063 atria
811 3050 818 3074 ,
838 3010 917 3066 dulce
968 3015 1131 3087 confringes

716 3078 864 3151 [decusque

132 3141 366 3217 Audiat-angelico
378 3146 470 3201 dulces
484 3163 535 3216 qua
551 3149 672 3203 carmina
686 3149 788 3205 laudes.

416 3235 480 3289 ltetrt
498 3237 624 3307 cjttsdem.

168 3317 232 3373 Fida
249 3335 360 3375 manens
377 3321 481 3376 miseris
493 3323 567 3377 solus
578 3325 604 3378 in
620 3339 670 3378 axe
685 3325 775 3383 salus,

132 3389 165 3446 Ει
176 3389 332 3444 famuluma
347 3407 421 3455 tteee,
436 3392 492 3446 lien
509 3409 615 3464 magne,
634 3403 710 3451 tuere
724 3408 809 3451 ιιιιιιιι.

132 3459 229 3514 Siscia
245 3461 393 3516 innumeris
410 3462 488 3517 obvia
502 3465 557 3518 tela
569 3474 654 3534 paret.

90 3559 92 3562 -
131 3528 268 3585 (ir-aminis
280 3539 362 3600 utque
376 3532 457 3587 decor
471 3533 510 3588 sic
524 3549 583 3589 mea
600 3534 733 3605 vitafugit

132 3600 235 3670 Eripiat
249 3616 356 3670 semper
368 3601 471 3657 fraudis
484 3605 517 3657 alt
530 3619 578 3658 ore
592 3614 677 3659 tuum.

131 3669 247 3738 Ancipiti
261 3671 417 3752 chelydrum
431 3675 548 3744 percutis
558 3690 622 3729 ense
636 3674 721 3728 ferum

131 3739 164 3794 ls't
180 3755 245 3810 saga
259 3740 385 3810 signifero
400 3757 491 3798 verere
504 3754 592 3798 costra
612 3746 666 3800 lleo
682 3786 689 3807 ,

132 3808 258 3878 Trosque
272 3821 382 3866 cruenta
396 3814 460 3867 citet
474 3815 551 3868 miles
566 3815 592 3867 ιιι
607 3830 681 3867 arma
700 3830 772 3877 snos,

130 3878 203 3932 b'exa
220 3880 267 3934 tihi
286 3882 373 3938 nullus
390 3893 497 3953 pectora
514 3885 604 3939 turbat
619 3885 729 3954 hydros.

130 3949 282 4006 lilitluone
296 3968 401 4007 merear
414 3953 481 4008 lueis
496 3955 570 4008 adire
584 3956 639 4008 vias
655 3995 661 4017 ,

130 4019 218 4088 Atque
230 4023 315 4075 sacris
331 4038 456 4093 superum
470 4024 556 4078 celsus
570 4025 664 4079 adesse
681 4026 790 4089 ultoris,

131 4089 246 4143 Cer-rrere
256 4091 387 4160 glorificet
402 4093 461 4147 lacta
474 4110 522 4163 per
534 4111 599 4148 arva
610 4096 705 4149 domus

131 4158 215 4215 llnvid
226 4176 331 4230 qnoque
344 4180 450 4216 sacrum
466 4176 590 4234 personet
602 4181 648 4220 ore
663 4167 754 4221 utelos.

343 4251 435 4306 Oratio
449 4257 533 4308 snttcti
547 4256 699 4326 stuprandi.

634 247 806 302 artemone
824 246 867 302 lll.
888 279 922 289 -·
942 251 1108 310 etbetttts
1127 253 1277 310 PRECUM.

940 369 1040 433 spera
1066 366 1195 435 quidquid
1209 365 1250 420 vis
1266 383 1272 416 :
1289 365 1336 419 sed
1354 379 1418 418 sana
1439 373 1468 418 ιι
1493 364 1568 432 aperi
1590 376 1670 418 aures
1685 380 1757 419 incas

1691 252 1759 307 tsss

977 435 1074 502 quitus
1097 451 1189 490 vocem
1211 445 1284 490 tuam
1303 435 1433 488 audiam:
1451 434 1497 497 sed
1512 443 1538 488 et
1553 449 1617 487 sana
1632 444 1659 487 et
1684 436 1758 503 aperi

976 504 1068 559 oculos
1079 520 1162 569 meos,
1176 504 1273 574 quibos
1286 512 1365 558 nutus
1383 513 1443 559 tuos
1457 503 1570 558 videam.
1585 502 1679 557 Pateat
1691 505 1757 562 milti

977 573 1180 640 pulsanttjanna
1194 584 1248 627 tua.
1262 574 1400 640 Quomodo
1411 574 1443 626 ad
1458 581 1483 626 ιι
1497 574 1679 642 perveniatur,
1692 575 1759 630 doce

977 660 1034 706 me;
1048 644 1114 698 nibil
1135 644 1207 697 alind
1218 644 1300 698 habes
1314 659 1394 712 quam
1407 643 1588 706 voluntatem,
1603 643 1671 698 nihil
1686 643 1758 700 aliud

976 713 1032 766 scio
1051 714 1102 766 nisi
1116 712 1185 767 dura
1198 722 1225 768 et
1239 714 1339 768 caduca
1364 714 1512 781 spernenda
1532 728 1607 778 esse,
1636 722 1707 768 certa
1730 720 1760 770 et

975 791 1074 835 aeterua
1108 784 1275 852 requirenda.
1302 783 1357 838 linc
1385 782 1475 847 facio,
1503 780 1606 847 Pater,
1625 784 1689 852 quia
1708 783 1759 840 ltttc

976 849 1062 904 solum
1077 853 1137 906 novi
1150 893 1157 917 ,
1181 853 1228 907 sed
1241 851 1310 906 unde
1323 855 1355 906 al
1368 861 1394 907 te
1406 852 1579 922 perveniatur
1599 854 1703 922 ignoro.
1716 853 1757 908 Tu

975 919 1041 974 mihi
1055 937 1187 991 suggere,
1205 934 1233 976 ιιι
1251 923 1382 985 ostende,
1405 932 1433 975 ιιι
1456 922 1583 976 viaticum
1601 923 1699 991 praebe.
1727 921 1757 977 Si

975 988 1027 1044 fide
1047 1000 1072 1044 te
1088 991 1228 1046 inveniunt
1244 992 1289 1060 qui
1304 992 1337 1046 ad
1352 1000 1377 1046 te
1392 990 1547 1060 refugiunt,
1568 991 1647 1046 ltdent
1668 993 1701 1046 da
1715 1011 1720 1046 :
1734 994 1757 1046 si

975 1058 1074 1114 virtute
1088 1063 1216 1115 virtutem
1238 1082 1243 1114 :
1260 1062 1282 1117 si
1298 1062 1422 1124 seientia,
1433 1061 1583 1116 seientiam.
1593 1060 1666 1129 herge
1681 1076 1756 1130 spent

975 1145 1001 1180 ιιι
1016 1145 1068 1193 mc,
1081 1146 1148 1201 attge
1166 1131 1255 1196 ddem,
1273 1147 1341 1202 auge
1358 1131 1528 1186 charitatem.
1553 1131 1652 1185 Sancte
1665 1130 1756 1195 Petre,

975 1199 1111 1254 intercede
1122 1216 1170 1269 pro
1182 1202 1300 1270 peccatis
1310 1202 1387 1263 meis,
1403 1209 1495 1256 sancte
1515 1200 1607 1264 Paule,
1618 1202 1756 1256 intercede

974 1284 1023 1337 pro
1049 1269 1247 1325 infirmitatibus
1266 1271 1343 1336 meis,
1368 1280 1460 1326 sancte
1481 1269 1597 1334 dttdrea,
1619 1271 1756 1325 intercede

975 1353 1023 1406 pro
1033 1339 1145 1407 piaculis
1156 1341 1231 1403 meis,
1245 1351 1337 1396 sancte
1347 1338 1455 1405 Jacobe,
1470 1340 1605 1395 intercede
1615 1354 1663 1408 pro
1676 1340 1755 1395 malis

975 1408 1053 1472 meis,
1066 1418 1158 1464 sancte
1168 1408 1295 1475 JoattneS,
1308 1419 1413 1465 amator
1428 1409 1543 1475 bomini,
1557 1407 1694 1463 intercede
1704 1425 1753 1478 pro

974 1478 1133 1534 miserrimis
1155 1478 1233 1534 factis
1251 1481 1329 1544 meis,
1350 1487 1442 1534 sancte
1464 1477 1595 1600 Philipps,
1617 1477 1755 1532 intercede

974 1561 1023 1614 pro
1036 1549 1112 1603 vanis
1123 1549 1327 1617 cogitationibus
1342 1550 1424 1613 meis,
1445 1561 1537 1603 sancte
1579 1547 1753 1610 artholoruee,

975 1615 1110 1672 intercede
1123 1635 1172 1688 pro
1187 1619 1345 1674 criminibus
1362 1621 1435 1680 meis,
1449 1627 1540 1672 sancte
1555 1617 1690 1682 llattltaee,
1705 1631 1755 1686 pto

939 1711 961 1770 p
975 1685 1161 1755 iniquitatibus
1175 1689 1251 1748 nteis,
1268 1698 1360 1744 sancte
1372 1688 1484 1752 Tltotua,
1499 1687 1635 1743 intercede
1647 1702 1696 1757 pro
1707 1687 1755 1742 de·

974 1756 1044 1811 lictis
1067 1760 1143 1822 meis,
1156 1769 1248 1813 sancte
1263 1756 1371 1819 lacobe,
1388 1757 1524 1812 intercede
1538 1773 1587 1827 pro
1607 1756 1757 1812 sceleribus

974 1827 1053 1892 meis,
1062 1837 1153 1882 sancte
1165 1825 1282 1893 Thadee,
1293 1829 1428 1882 intercede
1438 1843 1486 1896 pro
1495 1826 1757 1896 transgressionibus

974 1897 1051 1960 rucis,
1065 1907 1157 1952 sancte
1172 1895 1274 1960 Simon,
1287 1897 1423 1951 intercede
1435 1912 1483 1965 pro
1496 1896 1620 1951 omuibus
1630 1895 1756 1950 rattitati·

973 1964 1023 2020 bus
1049 1968 1133 2031 meis,
1156 1975 1247 2021 sancte
1271 1967 1392 2031 liatthia,
1419 1965 1555 2020 intercede
1568 1981 1618 2035 pro
1641 1963 1760 2022 occultis

972 2036 1048 2090 tncis.
1062 2036 1179 2091 Obsecro
1192 2051 1238 2090 vos
1248 2053 1341 2092 omnes
1352 2037 1486 2105 apostolos
1496 2035 1607 2098 Christi,
1618 2052 1666 2106 per
1679 2051 1754 2091 ccm-

972 2107 1193 2161 memorationem
1210 2117 1337 2170 vestram,
1357 2115 1385 2161 ut
1400 2107 1466 2160 milti
1478 2120 1555 2160 servo
1568 2114 1658 2160 vestro
1671 2106 1753 2160 mise-

972 2176 1103 2239 reamini,
1116 2183 1143 2231 et
1158 2192 1199 2230 me
1211 2177 1238 2230 iu
1258 2179 1329 2232 omni
1356 2177 1514 2231 necessitate
1527 2175 1659 2245 adJ'utorio
1677 2176 1754 2244 atlju-

972 2246 1049 2299 vetis.
1073 2245 1147 2314 lingo
1175 2262 1270 2300 trovem
1296 2245 1404 2301 ordines
1424 2246 1600 2317 augelorum,
1621 2245 1751 2315 angelos,

971 2315 1157 2386 archangelos,
1171 2315 1471 2386 virtutes,principatus,
1487 2322 1650 2384 potestates.
1667 2314 1754 2368 domi-

971 2385 1103 2449 nationes,
1116 2387 1236 2448 tltronos,
1250 2386 1398 2448 cherubim,
1416 2395 1443 2440 et
1457 2385 1602 2454 seraphim,
1622 2393 1651 2438 ut
1668 2385 1753 2439 inter·

970 2455 1072 2509 cedatis
1085 2471 1133 2524 pro
1145 2470 1197 2514 rne.
1210 2464 1239 2509 nt
1250 2454 1285 2508 sit
1299 2455 1363 2509 mibi
1386 2454 1518 2525 propitius
1532 2454 1656 2509 Christus
1669 2453 1753 2508 Filius

971 2525 1018 2578 Dei
1032 2525 1097 2587 rivi,
1115 2534 1142 2579 et
1156 2525 1366 2579 misericordiam
1380 2526 1437 2595 ejus
1450 2525 1577 2593 consequi
1589 2541 1696 2578 merear
1709 2523 1754 2579 ltie

970 2604 996 2649 et
1011 2597 1037 2649 iu
1055 2595 1153 2649 futuro.
1170 2594 1288 2649 Obsecro
1302 2595 1409 2650 divitias
1431 2595 1561 2649 bonitatis
1575 2603 1639 2658 tuae,
1651 2605 1677 2649 ιι
1692 2592 1753 2647 Ιιιιι-

987 2666 1134 2719 anitnitntis
1148 2675 1210 2726 tna,
1226 2673 1252 2718 et
1265 2667 1399 2733 patientiae
1412 2674 1475 2729 tuae,
1487 2663 1550 2718 Jesu
1571 2664 1688 2728 Christe,
1703 2663 1754 2718 t'tti

1009 2736 1017 2788 i
1034 2736 1102 2798 viri.
1124 2735 1247 2790 Salvator
1259 2744 1289 2790 ct
1302 2736 1464 2804 Redemptor
1484 2735 1597 2797 mundi,
1613 2744 1641 2788 ut
1660 2735 1753 2804 propi-

969 2805 1023 2860 tius
1034 2806 1083 2860 fras
1097 2807 1162 2861 ntibi
1176 2807 1328 2875 peccatori,
1347 2805 1392 2876 qui
1408 2821 1461 2862 non
1474 2805 1515 2860 vis
1526 2814 1639 2859 mortem
1655 2819 1755 2885 pecca·v
1835 2863 1838 2868 ,

970 2877 1051 2942 toris,
1076 2877 1123 2932 sed
1146 2885 1176 2930 ut
1197 2885 1368 2931 convertatur
1382 2885 1409 2930 et
1423 2876 1504 2929 vivat.
1528 2873 1586 2929 Non
1599 2883 1754 2945 exstingues

969 2944 1052 3002 linum
1077 2946 1252 3070 fumigantem
1271 2954 1299 3000 et
1326 2946 1486 3000 arundinem
1514 2954 1669 3015 quassatam
1700 2958 1759 2997 uun

1172 3032 1204 3070 ac
1217 3031 1259 3070 me
1271 3016 1340 3070 sieut
1353 3031 1436 3069 unum
1454 3015 1488 3070 de
1499 3015 1673 3070 mercenariis
1689 3013 1752 3078 tuis,

968 3094 999 3142 ιιι
1010 3085 1137 3141 etbetara
1152 3086 1223 3141 tede
1238 3101 1316 3142 servo
1331 3086 1443 3150 amicus,
1459 3093 1487 3138 et
1499 3085 1544 3138 flat
1554 3083 1678 3139 voluntas
1694 3090 1750 3149 tua,

968 3155 1038 3210 siem
1048 3157 1075 3210 io
1089 3154 1158 3212 coelo
1171 3164 1198 3210 ιι
1212 3156 1238 3210 in
1253 3165 1335 3210 terra.
1350 3156 1388 3210 lia
1399 3155 1475 3220 mibi,
1487 3155 1609 3220 bomine,
1623 3168 1751 3223 compun-

968 3225 1084 3281 ctionem
1098 3226 1187 3281 eordis
1210 3234 1237 3280 et
1258 3224 1410 3296 hcrymas,
1431 3234 1460 3280 ut
1478 3223 1589 3280 dedecor
1609 3224 1704 3279 diebus
1721 3239 1753 3280 ac

967 3297 1091 3351 noctibus
1102 3312 1197 3352 omnes
1206 3296 1263 3351 dies
1273 3296 1441 3366 negligentia·
1451 3311 1517 3349 mete
1526 3310 1587 3350 eum
1600 3293 1760 3350 bumilitate·

967 3373 995 3421 et
1009 3367 1126 3436 puritate
1138 3367 1265 3422 cordiset
1277 3367 1419 3420 charitate.
1433 3365 1580 3488 depropiet
1590 3364 1677 3419 oratio
1690 3379 1750 3417 mea

967 3436 994 3490 iu
1006 3446 1149 3506 conspectu
1164 3449 1221 3500 tuo,
1238 3436 1359 3490 Domine.
1375 3435 1407 3490 st
1419 3436 1503 3490 iratus
1528 3435 1609 3498 ueris,
1629 3434 1753 3499 Domine,

967 3506 1108 3561 adversum
1119 3522 1172 3571 me,
1188 3521 1267 3575 quem
1279 3504 1428 3574 adjutorem
1445 3520 1547 3574 quaro,
1563 3513 1608 3557 aut
1623 3504 1683 3572 quis
1702 3503 1753 3559 mi·

966 3578 1100 3632 serebitur
1115 3576 1315 3631 infirmitatibus
1328 3576 1412 3632 meis?
1435 3575 1568 3630 ilemeuto
1592 3575 1663 3643 quod
1681 3574 1752 3629 Cha-

966 3661 1087 3701 nanceam
1104 3655 1132 3702 et
1151 3647 1323 3717 publicanum
1341 3645 1443 3700 vocasti
1457 3646 1489 3699 ad
1504 3645 1688 3715 poetritontiam
1702 3685 1708 3708 ,
1724 3652 1751 3697 et

966 3715 1075 3771 tetrum
1083 3717 1273 3786 lacrymantem
1283 3715 1651 3784 suscepisti,clementissime
1661 3714 1749 3772 Patet.

966 3786 1004 3839 sic
1020 3795 1047 3839 et
1060 3802 1134 3840 rneas
1158 3786 1294 3839 orationes
1317 3787 1433 3853 suscipe,
1456 3785 1609 3838 misericors
1626 3784 1706 3844 Deus,
1723 3790 1757 3837 et-

966 3854 1038 3908 salra
1050 3870 1092 3908 me
1105 3854 1236 3916 Salvator,
1251 3855 1353 3916 rnnndi,
1368 3856 1413 3922 qni
1429 3854 1496 3907 viris
1507 3860 1534 3906 ct
1550 3867 1649 3921 regnas
1661 3852 1688 3908 ιιι
1702 3869 1757 3909 sac-2

965 3925 1024 3977 cula
1039 3924 1207 3978 saeculorum.
1224 3925 1319 3977 Amen.

1251 4032 1317 4087 fteut
1332 4033 1457 4103 ejusdem,

1000 4125 1078 4178 Salva
1096 4140 1147 4186 mc,
1164 4123 1290 4187 bomine,
1306 4139 1351 4178 rev
1371 4132 1479 4179 aterum
1492 4125 1599 4195 gloriar,
1616 4128 1660 4195 qui
1676 4128 1750 4182 solies

964 4209 1040 4267 potes
1051 4196 1164 4251 salvare.
1179 4195 1216 4247 lin
1226 4195 1290 4248 milti
1305 4202 1332 4248 et
1343 4195 1410 4250 relic
1424 4205 1450 4248 et
1463 4196 1568 4265 operari
1581 4206 1607 4249 et
1621 4199 1749 4265 perlicere

964 4284 1023 4336 quae
1037 4266 1084 4320 tibi
1096 4265 1205 4336 placent
1220 4274 1247 4318 et
1267 4264 1330 4318 mihi
1350 4267 1504 4336 expediunt.
1521 4267 1556 4319 lia
1571 4266 1597 4319 in
1612 4270 1750 4334 perturba·

165 4327 235 4383 Deus
252 4334 435 4387 universitatis
449 4336 583 4398 cotulitor,
601 4345 697 4405 praeta
715 4337 779 4391 milri
795 4338 913 4407 primunt
965 4340 1036 4393 tione
1048 4346 1076 4391 et
1092 4335 1264 4390 tribulatione
1275 4336 1420 4400 nutilium,
1439 4337 1464 4389 ιιι
1480 4337 1749 4404 persecutionesnla-

128 4407 159 4478 ut
172 4407 197 4452 tc
210 4398 277 4454 bene
293 4418 394 4470 rogem,
410 4405 505 4458 dcitrde
520 4413 548 4458 ιιι
568 4421 610 4459 ιιιι
624 4422 688 4472 agas
701 4407 810 4476 dignum
831 4424 910 4477 quem
926 4419 949 4477 υ
963 4410 1039 4470 ιιιιιιι,
1056 4416 1084 4461 ιι
1098 4407 1124 4461 ιιι
1138 4407 1343 4476 omnitempore
1363 4406 1518 4461 tentationis
1535 4408 1671 4461 virtutem.
1689 4407 1747 4462 Tri-

128 4465 235 4550 lrberes,
252 4476 421 4539 postumium
437 4485 466 4530 ιιι
480 4475 586 4531 liberes.
601 4477 690 4539 lleus,
706 4477 783 4546 cnjus
800 4494 848 4533 nos
866 4494 911 4533 ex·
964 4480 1014 4534 bue
1025 4478 1091 4531 mihi
1101 4477 1133 4531 de
1145 4479 1291 4546 praeteritis
1306 4478 1382 4532 malis
1396 4476 1511 4541 veniam,
1526 4476 1559 4530 de
1570 4478 1747 4545 presentibus

128 4547 196 4592 cttat
220 4540 306 4606 fides,
322 4560 383 4612 spes
396 4546 476 4627 erigit
491 4587 498 4610 ,
514 4548 633 4602 citaritas
642 4547 730 4616 jungit
745 4566 751 4602 :
769 4549 847 4609 Derts,
863 4565 911 4618 per
964 4550 1036 4603 vitiis
1049 4548 1280 4608 emendationem,
1302 4548 1335 4602 de
1356 4547 1505 4614 futurisque
1518 4548 1635 4615 peccatis
1657 4549 1752 4618 largiri.

128 4623 208 4677 quem
222 4613 352 4669 vincimus
374 4615 523 4678 irntnteutn,
551 4627 577 4671 te
597 4619 736 4686 deprecor,
759 4619 840 4680 licus,
863 4635 910 4687 per

128 4694 207 4747 quent
221 4683 369 4752 accipimus
391 4701 423 4739 ιιι
447 4689 555 4741 otnttino
566 4703 717 4756 pereamus.
733 4690 812 4751 Deus,
827 4706 841 4742 a
855 4704 909 4756 quo

128 4750 304 4806 admouentur
326 4764 355 4808 ιιι
378 4757 537 4825 vigilentus;
555 4758 634 4821 licus,
658 4773 705 4826 per
738 4773 797 4810 rtem
810 4759 908 4812 bonna

127 4819 205 4873 malis
219 4839 379 4892 speratnus;
396 4824 467 4880 Deus
479 4842 526 4894 per
540 4843 619 4896 quent
633 4830 703 4881 mala
718 4773 859 4897 dugirnus',
882 4836 909 4882 ιι

126 4887 197 4970 botta
210 4894 364 4962 sequimur;
376 4896 456 4960 licus,
471 4912 607 4966 perquem
618 4913 670 4951 non
681 4897 802 4952 laedimur
813 4900 908 4952 adver-

126 4962 268 5028 sttatdtus;
284 4964 354 5018 beos
370 4982 416 5035 per
429 4982 508 5035 quem
523 4968 589 5020 bene
598 4967 729 5020 servimus
742 4975 769 5021 et
781 4969 848 5022 bene
861 4969 909 5023 do-

126 5029 279 5110 ιιιιιιιιιιιιιι;
293 5035 374 5100 licus,
388 5052 529 5106 perquem
542 5037 667 5098 dicimus,
682 5037 767 5090 aliena
779 5051 906 5108 esseque

125 5097 269 5169 aliquando
280 5114 372 5159 nostra
383 5115 411 5160 et
423 5115 513 5160 nostra
526 5121 586 5160 esse
597 5122 656 5176 quae
666 5106 809 5175 aliquando
818 5109 906 5162 aliena

125 5172 297 5291 putabamus,
313 5178 420 5239 exaudi,
436 5176 543 5239 exartdi,
557 5177 652 5229 exaudi
669 5192 722 5240 me,
738 5177 808 5231 lleus
819 5194 903 5242 nteus,

137 5242 238 5297 lumine
252 5260 347 5306 meus,
363 5245 417 5298 ilex
431 5263 516 5307 tracus,
529 5245 608 5300 Pater
622 5262 697 5300 mens
709 5286 716 5310 ,
729 5261 809 5300 cansa
823 5264 881 5301 urea
895 5289 901 5309 ,

126 5323 169 5363 res
183 5328 254 5375 men,
275 5313 361 5367 honor
376 5331 462 5378 varrus,
475 5317 569 5370 doinus
585 5332 654 5378 mea,
670 5317 757 5385 patria
778 5332 846 5375 urea,
864 5334 907 5371 sa-

125 5377 166 5432 lus
181 5396 248 5446 tuen,
261 5382 304 5434 lux
318 5399 389 5446 ntea,
402 5385 456 5438 vita
472 5400 542 5448 ntea,
553 5387 660 5449 eraudi,
683 5386 792 5449 exaudi,
808 5387 905 5441 estutdi

125 5463 177 5508 nte,
195 5450 406 5512 [fundaminum
422 5464 468 5509 tun
480 5455 526 5508 illo
537 5456 629 5523 paucis
640 5455 789 5511 notissimo.
804 5455 864 5511 lam
880 5466 907 5511 ιι

125 5517 213 5572 solum
230 5535 301 5584 amo,
316 5530 342 5576 tc
356 5522 441 5577 solum
459 5539 567 5592 sequor,
584 5536 609 5580 ιι
623 5525 708 5579 solum
731 5542 833 5595 quaero,
858 5526 906 5581 tibi

125 5586 183 5670 soli¹
199 5590 302 5670 servire
316 5603 425 5660 paratus
439 5610 497 5649 sum
512 5634 519 5658 ,
534 5594 596 5674 quia
611 5603 638 5649 ιιι
651 5595 804 5665 solusjnste
817 5596 905 5650 domi-

125 5674 210 5716 uarts.
226 5660 276 5718 'lui
286 5663 356 5733 pur-ts
367 5679 426 5720 csse
443 5664 532 5734 euplo,
543 5665 619 5734 tube,
634 5680 733 5736 quaeso,
755 5675 834 5738 atque
855 5666 907 5722 ιιιι·

963 4619 1081 4688 digneris
1095 4620 1253 4674 custodiam.
1267 4619 1335 4671 Deus
1346 4619 1392 4685 qni
1404 4618 1533 4686 praescius
1544 4633 1573 4670 es
1583 4616 1747 4683 futurorum,

962 4691 1008 4758 qui
1021 4697 1155 4744 transacta
1171 4688 1242 4741 velut
1255 4688 1394 4757 presentia
1409 4688 1552 4756 conspicis,
1568 4697 1605 4752 tu,
1623 4688 1751 4750 [ιιιιιιιιιιι

961 4759 1054 4814 oeulos
1068 4762 1156 4814 cordis
1170 4759 1222 4812 mei
1237 4757 1342 4826 apterire
1360 4758 1485 4827 dignare,
1506 4765 1534 4810 ct
1551 4759 1745 4827 acceptabilem

962 4830 1009 4885 tibi
1029 4831 1073 4884 fac
1088 4831 1205 4882 animant
1218 4843 1316 4890 meant,
1333 4837 1361 4880 nt
1374 4841 1479 4895 semper
1492 4837 1554 4882 tuns
1564 4842 1639 4880 atuor
1652 4838 1745 4898 pectus

960 4914 1050 4954 meum
1065 4899 1227 4961 inflammet,
1251 4907 1278 4951 et
1299 4913 1348 4966 per
1367 4898 1437 4951 diem
1452 4905 1541 4952 tecum
1561 4897 1597 4952 sit
1617 4897 1748 4952 fabulatio

958 4986 1030 5036 ntea,
1046 4979 1074 5025 ct
1090 4985 1138 5037 per
1155 4977 1260 5024 ttoetem
1277 4967 1457 5022 visitationem
1473 4977 1545 5022 tuam
1559 4983 1717 5037 cognoscam
1737 4987 1743 5020 ι

957 5043 1021 5111 qttia
1043 5038 1130 5093 dulcia
1147 5048 1208 5092 sunt
1227 5039 1333 5108 eloquia
1348 5046 1411 5096 tua,
1434 5038 1556 5102 llotuine,
1580 5040 1605 5092 in
1622 5038 1746 5094 faucibus

957 5111 1042 5175 meis„
1058 5109 1163 5177 suscipe
1176 5110 1298 5178 spiritum
1315 5124 1405 5162 meum
1420 5108 1448 5160 in
1463 5117 1507 5160 tua
1522 5117 1652 5178 perpetua
1667 5124 1742 5177 pace.

958 5181 996 5234 Te
1010 5183 1117 5242 invoco,
1135 5179 1257 5242 llontine,
1273 5179 1317 5231 eui
1337 5179 1468 5233 assistunt
1481 5194 1576 5232 ornnes
1590 5179 1664 5233 ebori
1686 5195 1745 5233 san·

956 5258 1078 5314 ctorum,
1096 5257 1123 5302 ιι
1136 5248 1286 5319 glorificant
1299 5264 1367 5302 eum,
1380 5248 1476 5302 timore
1489 5257 1516 5301 et
1536 5257 1652 5304 tremore
1667 5267 1673 5302 ε
1690 5250 1746 5304 noli

958 5319 1143 5388 derelinquere
1161 5318 1278 5372 animam
1296 5333 1401 5382 ineam,
1424 5328 1525 5372 utnon
1544 5320 1698 5373 dominetur
1719 5321 1744 5375 ei

957 5405 1037 5458 quem
1052 5397 1079 5442 tn
1097 5387 1240 5443 confudisti
1254 5388 1427 5442 indesiderio
1442 5398 1497 5442 tuo.
1518 5387 1556 5442 Te
1572 5389 1667 5442 invoco
1680 5389 1742 5443 illu--

957 5460 1117 5513 minatorem
1131 5458 1270 5513 hominum
1281 5466 1309 5512 ιι
1319 5459 1480 5513 salvatorem
1493 5467 1521 5513 et
1535 5458 1740 5527 redemptorem.

956 5526 1049 5583 Clamo
1068 5529 1101 5583 ad
1116 5537 1151 5594 te,
1166 5527 1264 5582 exaudi
1277 5542 1338 5593 nte,
1358 5528 1528 5592 licinium&
1543 5528 1617 5583 sobe
1635 5530 1742 5583 vinnola

956 5607 1127 5667 peecatorum
1142 5613 1279 5666 meomru,
1295 5597 1321 5652 in
1339 5599 1437 5667 quibus
1453 5600 1614 5655 constrictus
1634 5609 1745 5666 ιιιιιοι,
1832 5644 1834 5651 ,

956 5668 1002 5737 qtd
1017 5684 1077 5722 curn
1090 5667 1185 5736 Patre,
1195 5677 1248 5724 ete.
