3780 6120
137 328 185 388 Ε
476 325 687 386 ὮΟΕΜΛΤΙΕΑ.
707 355 742 367 ·-
760 322 840 381 ant.
860 323 1010 380 ttttcttt
1026 323 1115 379 ΜΒΝ
1136 323 1189 381 t'tt.
1210 356 1245 366 -
1260 327 1323 382 tta.
1343 328 1397 383 ttl.
1654 331 1661 345 '
1701 328 1754 386 226

134 443 239 516 qualem
262 438 366 515 [forta
375 440 555 515 inequalem]
580 443 778 497 venerationem
791 441 837 495 llei
853 437 920 494 Filio
934 443 956 500 Α
971 446 997 494 et
1009 439 1165 508 applicatus,
1188 456 1241 496 non
1255 442 1326 512 qnod
1340 458 1401 498 νοτε
1416 443 1451 496 sit
1466 437 1537 498 Deus
1547 441 1587 496 rel
1600 441 1683 498 Filius
1696 444 1753 509 Dei,

131 533 194 591 teu
212 531 323 588 Christo
342 531 432 587 iacere
453 533 561 598 audent,
578 548 660 588 tinam
673 532 749 602 quasi
768 547 860 586 reram
873 531 920 586 Dei
971 530 1018 584 sed
1032 539 1142 600 propter
1160 547 1243 596 enm,
1262 541 1291 585 ut
1302 533 1392 588 dicere
1410 532 1490 598 soles,
1510 549 1590 603 aquo
1603 545 1756 604 assumptus

130 622 230 685 Verbo,
246 622 360 676 alteram
374 635 438 677 vero
449 624 525 691 qnasi
535 623 586 678 sub
597 624 704 678 nomine
715 621 922 696 nunenpationis
970 627 1028 683 est;
1053 620 1168 675 alterum
1189 622 1248 677 sine
1268 624 1348 679 duhio
1360 625 1496 680 aestimans
1508 637 1697 687 assumentem.
1713 642 1757 682 as·

128 712 234 767 pomini
247 719 397 781 assumppo,
422 711 467 766 pp
479 727 543 781 ergo
558 725 570 752 ι
585 730 591 765 :
616 732 626 762 ,
641 711 671 766 si
684 712 744 780 φής
754 719 921 782 assumptum
971 715 1107 776 sumptum
1119 709 1243 764 alterum.
1258 711 1326 777 Quia
1339 707 1361 767 si
1376 728 1514 769 assumens
1526 729 1606 769 verns
1619 723 1660 769 est
1672 714 1756 779 Deus.

129 800 270 856 hominem
285 802 426 855 coadorari
440 811 565 873 oportere
580 801 635 857 Deo
649 802 748 868 Verbo,
767 811 794 856 et
815 802 922 874 congio·
971 801 998 848 θῑ
1010 806 1164 867 assumptus
1178 815 1230 854 non
1243 815 1322 855 uerus
1336 802 1422 868 Deus,
1447 819 1588 860 lteclel'lls
1601 805 1756 869 filiumd-

128 890 233 945 rihcari
247 898 375 958 tanquam
390 890 504 944 alierum
518 891 545 944 in
557 892 654 955 altero,
668 899 695 946 et
706 908 758 945 non
769 894 858 962 potius
868 908 921 947 rma
971 885 1089 940 cessario
1112 887 1223 960 intelligi
1247 889 1341 955 datur,
1360 892 1430 960 quod
1451 894 1518 948 duas
1533 895 1558 948 in
1578 912 1661 949 unum
1678 896 1757 953 Chri-

127 980 290 1036 mmaqone
304 981 421 1035 pompm
435 981 607 1048 nummum,
624 990 651 1037 ει
662 997 743 1036 unam
753 983 777 1037 ep
792 981 923 1053 glorifica.
971 980 1041 1027 stum
1056 983 1144 1031 tentas
1158 977 1337 1044 introducere,
1359 982 1406 1036 sed
1420 982 1487 1036 lalsa
1505 983 1679 1052 professione.
1696 1002 1757 1056 per-

128 1071 231 1125 emnem
258 1071 387 1140 appeller,
414 1072 564 1126 secundum
585 1072 659 1142 quoq
681 1087 745 1126 οπο
768 1071 854 1127 sacrus
869 1080 920 1138 est,
971 1075 1051 1119 sonas
1068 1082 1074 1116 τ
1091 1081 1153 1121 nam
1176 1069 1229 1124 dno
1246 1078 1308 1124 sunt
1328 1072 1437 1126 omnino
1451 1088 1531 1128 uerus
1551 1083 1579 1128 et
1599 1091 1754 1132 nonuerns.

127 1164 333 1218 anathemasti,
362 1162 470 1234 syllaba
482 1164 555 1218 emm
570 1180 600 1218 ω
612 1160 799 1234 superadjecta
812 1165 863 1220 νιος
877 1179 922 1220 00.
970 1154 1079 1222 Quodsi
1092 1157 1170 1212 heata
1182 1160 1264 1232 llirgo
1275 1177 1368 1217 rerum
1383 1179 1434 1217 non
1447 1166 1538 1235 genuit
1552 1166 1645 1231 Derim,
1661 1167 1756 1223 Filium

126 1254 167 1321 git
178 1251 307 1322 intelligi,
322 1252 393 1321 quod
408 1253 484 1322 qnasi
499 1253 567 1306 alter
587 1254 613 1306 in
626 1253 723 1309 aliero.
740 1274 749 1305 r
767 1254 800 1308 Er
810 1254 878 1309 mim
890 1257 920 1311 b:
970 1245 1027 1306 Dei,
1045 1249 1178 1315 quomodo
1193 1251 1227 1303 ab
1237 1253 1362 1306 omnibns
1386 1261 1458 1307 reete
1472 1255 1642 1310 credentihns
1657 1257 1682 1310 in
1696 1257 1756 1311 uni-

129 1338 187 1394 «εί
207 1341 271 1409 quis
284 1341 367 1411 igitur
381 1343 528 1396 coadorare
541 1342 626 1407 (licii,
650 1350 681 1396 m
695 1343 830 1397 {ronanam
851 1359 922 1398 sem.
969 1337 1067 1392 uersali
1083 1340 1164 1394 totius
1178 1342 1252 1396 orhis
1266 1342 1385 1397 Ecclesia
1408 1344 1454 1398 lici
1476 1345 1597 1400 Genitrirt
1609 1355 1756 1401 veneratur

124 1441 199 1494 uum,
216 1428 304 1484 altero
317 1440 416 1499 prreter
433 1445 493 1484 eum
504 1422 635 1485 existente
647 1431 701 1487 tteo
715 1432 814 1499 Verbo,
828 1441 856 1487 et
869 1449 921 1488 non
969 1438 997 1485 et
1011 1432 1149 1487 creditur?
1172 1434 1219 1487 vet
1233 1435 1255 1487 si
1270 1449 1330 1488 eam
1342 1434 1389 1488 uer
1409 1435 1572 1492 Gcnitricem
1590 1452 1687 1507 negare
1702 1452 1755 1491 non

124 1521 278 1576 seeundum
291 1537 384 1577 reram
399 1524 529 1577 unitatem
544 1522 666 1580 adunans
687 1541 769 1579 unum
785 1525 922 1582 Christum
970 1518 1062 1583 11111111,
1077 1528 1150 1575 11111
1165 1521 1301 1590 publicum
1314 1522 1418 1576 1111311111
1438 1524 1563 1580 Ecclesia!
1578 1526 1756 1595 111111111111·

122 1623 155 1668 α
170 1614 269 1668 filium
285 1614 482 1685 hominumque
502 1631 555 1670 „m
576 1618 733 1673 adoratione
746 1619 829 1691 35ss
841 1619 922 1690 gropp.
971 1615 1049 1677 teque
1072 1609 1260 1677 demonstres,
1284 1616 1437 1669 necessario
1462 1615 1529 1670 duos
1544 1617 1615 1670 illanr
1631 1617 1756 1687 genuisse

124 1703 203 1768 licat,
216 1703 309 1758 uirtuti
322 1705 503 1759 anathematis
512 1705 731 1774 insternuntur.
747 1728 756 1760 τ
773 1710 807 1763 Ει
819 1709 918 1764 treme:
969 1694 1141 1761 (1101νῦ111111
1163 1714 1255 1754 11111111
1273 1699 1309 1774 [F
1311 1713 1365 1756 1111
1375 1703 1449 1774 suppl
1453 1745 1470 1767 ··
1485 1714 1512 1758 91
1527 1705 1641 1759 1111111111
1653 1720 1757 1761 111111111-

130 1793 185 1848 «5ῑ
199 1795 273 1849 enim
288 1804 329 1850 051
341 1804 369 1850 m
382 1797 454 1852 mem
468 1796 539 1853 [aeus
551 1798 630 1852 simu}
647 1807 675 1853 ρο
687 1800 776 1865 homo,
791 1801 920 1856 adoram„
935 1795 955 1853 Β
970 1785 1100 1858 patirum]
1113 1785 1190 1842 lateri
1203 1793 1316 1859 cogeris.
1335 1791 1389 1845 hut
1401 1793 1423 1846 si
1437 1794 1489 1848 hoc
1498 1793 1545 1849 tihi
1559 1794 1629 1848 sicut
1642 1803 1670 1850 et
1678 1795 1757 1850 nohis

124 1884 218 1953 parim
231 1893 362 1953 tanquam
375 1901 445 1939 anas
457 1887 612 1942 adoratione
622 1904 692 1954 una,
712 1898 740 1944 m
752 1907 805 1946 „011
819 1893 920 1948 00240.
970 1880 1116 1937 absurdum
1144 1899 1204 1941 esse
1231 1887 1371 1951 rideatur,
1399 1886 1485 1942 latere
1508 1889 1647 1945 nobiscum
1671 1888 1756 1944 Deum

127 1984 217 2039 ratur,
232 1990 282 2029 uec
295 1975 614 2044 coappellaturlleusut
628 1995 681 2034 aron
700 1981 780 2036 homo
791 1982 920 2052 simplici.
970 1972 1045 2028 illnm
1061 1989 1158 2030 rerum
1171 1979 1303 2033 ueraciter
1315 1980 1365 2034 dici
1380 1988 1407 2034 ct
1421 1993 1492 2043 esse,
1505 1995 1558 2033 non
1577 1980 1757 2051 nuncupative

125 2075 169 2120 ter
190 2068 358 2131 commanis,
383 2077 410 2122 et
435 2071 581 2124 secundnm
602 2086 652 2124 nos
674 2072 833 2128 Emmanuel
860 2088 920 2129 esse
970 2066 1045 2138 nngt,
1068 2076 1096 2123 et
1121 2072 1268 2141 nuncupari
1292 2074 1363 2143 quol
1376 2087 1429 2130 uon
1451 2080 1502 2126 cst.
1520 2072 1698 2143 lncongruum
1715 2079 1757 2128 cst

125 2157 256 2211 credatm
266 2156 355 2211 dirirrn
370 2158 454 2228 gloria
469 2160 646 2230 participatus
658 2177 707 2232 per
718 2163 852 2231 gratiam:
873 2162 920 2219 sed
970 2159 1042 2212 enim
1060 2168 1087 2214 et
1103 2162 1179 2214 ualde
1191 2163 1318 2233 ineptum.
1332 2164 1419 2218 lietrm
1431 2163 1543 2234 aliquid,
1555 2165 1626 2232 qnod
1641 2180 1693 2218 non
1710 2164 1755 2227 sit,

126 2246 290 2301 confitemur
313 2249 398 2318 magis
412 2248 496 2304 ileum
512 2251 538 2304 ln
560 2266 642 2306 cartre
662 2263 772 2323 propter
793 2269 843 2308 nos
856 2269 920 2310 νετο
970 2251 1033 2316 dici,
1049 2252 1119 2307 sicut
1133 2261 1160 2307 et
1175 2270 1274 2325 negare
1284 2255 1355 2325 qnod
1369 2264 1421 2322 est,
1435 2256 1547 2326 impium
1560 2263 1588 2311 et
1598 2254 1757 2310 detestabile

126 2338 269 2392 hominem
283 2337 392 2402 lachim,
408 2356 460 2395 non
477 2343 590 2396 transitu
606 2353 709 2399 nature
732 2360 780 2415 pcr
795 2348 921 2403 mutatio·
969 2354 1030 2395 esse
1043 2341 1217 2413 dignoscitur·

125 2443 190 2482 oenr
204 2437 231 2483 et
244 2432 458 2496 consensionem,
470 2433 517 2488 sed
532 2436 645 2489 unitatis
658 2437 916 2507 dispensationem.»
1005 2433 1072 2490 xltl.
1093 2434 1157 2491 Post
1180 2437 1332 2492 testimonia
1360 2437 1442 2506 igitur
1461 2445 1616 2493 sanctorum
1633 2439 1755 2502 Patrnm,

123 2515 156 2571 to
175 2516 290 2586 prelato
312 2533 418 2590 quoqne
441 2522 510 2577 lihro
531 2533 624 2579 contra
637 2525 810 2582 Maximinum
822 2528 920 2584 bratus
969 2540 1028 2595 quae
1041 2525 1123 2579 multa
1139 2527 1261 2594 quidem,
1278 2534 1306 2581 et
1320 2527 1440 2596 quedam
1454 2527 1534 2580 ctiam
1549 2541 1612 2582 vere
1631 2528 1755 2597 posuisti,

124 2607 294 2679 Augustinus
308 2612 447 2667 verissime
462 2623 577 2670 testatur
598 2616 694 2671 Filium
711 2617 758 2672 liei
778 2620 915 2674 hominem
969 2615 1016 2670 sed
1031 2615 1192 2671 omnimodis
1216 2617 1376 2681 catholicis,
1400 2633 1451 2671 non
1477 2619 1610 2673 ltereticis
1627 2617 1755 2684 larentia,

125 2697 248 2754 amm:
268 2709 296 2756 et
311 2717 374 2757 νοτε
384 2702 462 2771 juxta
478 2706 651 2774 apostolicam
664 2723 758 2763 vocem
771 2710 918 2765 exaltatum
969 2702 1097 2772 prrusnles
1120 2719 1227 2775 qnoque
1246 2706 1432 2776 llispaniarurn
1455 2706 1574 2771 inducis,
1591 2722 1657 2776 qnos
1670 2716 1698 2761 tu
1709 2723 1756 2762 or-

127 2805 210 2862 supra
224 2807 307 2848 omne
321 2808 440 2862 nomen,
467 2798 537 2866 quod
558 2807 599 2852 est
612 2800 639 2853 m
657 2801 725 2854 cmm
746 2809 792 2855 am
807 2803 833 2856 jn
848 2812 919 2858 mm
970 2793 1101 2847 thodoros
1123 2795 1209 2849 dicis:
1226 2795 1252 2849 in
1272 2796 1315 2850 his
1334 2811 1392 2866 quae
1406 2797 1519 2866 posuisti
1533 2798 1700 2852 orationibus
1714 2797 1756 2852 in-

126 2879 243 2950 (Parim
258 2896 286 2942 n,
301 2882 339 2952 9).
363 2883 441 2939 illoc
452 2899 525 2956 ergo,
542 2887 630 2956 inquit
643 2886 719 2959 (cap.
736 2890 774 2960 Ξ),
788 2891 824 2944 itti
838 2891 919 2945 dona.
970 2881 1125 2936 dubitanter
1138 2882 1257 2939 haeretici
1271 2900 1329 2940 esse
1342 2886 1544 2956 dignoscuntur.
1578 2887 1634 2942 h'tsl
1648 2889 1716 2942 sorte
1728 2895 1755 2942 et

57 2967 61 2987 ⁸
125 2978 184 3024 tum
196 2979 280 3025 estut
292 2973 411 3040 homini,
434 2978 579 3033 seeundum
603 2994 683 3049 quem
700 2979 787 3036 sacrus
803 2991 845 3036 ρει
857 2983 921 3038 0p0.
968 2985 1063 3024 eornm
1077 2971 1159 3037 dicta,
1175 2973 1245 3027 sicut
1257 2984 1283 3027 et
1295 2974 1321 3028 in
1336 2975 1441 3029 canteris
1455 2975 1571 3040 solebas,
1586 2977 1752 3045 deprimaris,

125 3061 205 3116 diens
226 3078 313 3133 usque
338 3065 371 3119 ad
385 3075 497 3121 mortem
512 3069 620 3132 crucis,
643 3069 713 3138 qnod
729 3067 786 3135 jam
803 3071 920 3127 hahebat
970 3060 1072 3114 scilicet
1084 3071 1113 3115 ut
1125 3065 1196 3131 quorl
1210 3063 1248 3117 illi
1262 3064 1329 3119 bene
1343 3065 1477 3127 dixerunt,
1492 3066 1556 3120 tuin
1571 3065 1754 3132 adjumentum

125 3150 185 3219 'mse
196 3150 291 3225 [idem]
308 3153 356 3208 [tei
368 3153 461 3220 Filius,
476 3156 547 3212 opus
563 3157 597 3212 dp
610 3158 666 3212 ⁰00
679 3167 758 3214 „mus
769 3161 889 3230 aequgps,
905 3182 914 3214 ,
930 3139 953 3198 C
968 3151 1070 3205 erroris
1085 3153 1123 3205 tui
1137 3162 1250 3218 mutare,
1275 3163 1302 3207 rt
1329 3153 1442 3209 alterum
1464 3169 1512 3225 pro
1538 3155 1624 3210 altero
1648 3158 1755 3216 mittere

124 3240 153 3295 Si
167 3257 235 3310 ergo
251 3244 303 3298 hoe
323 3245 348 3300 ei
363 3247 490 3301 donanim
504 3256 547 3302 ese
563 3249 588 3302 m
600 3249 691 3303 camis
706 3251 914 3322 dispensatione,
968 3253 1050 3294 ansus
1069 3240 1116 3292 sis.
1135 3240 1266 3295 asserunt
1287 3242 1358 3296 enim
1384 3243 1492 3311 qrridam
1514 3258 1547 3298 ex
1566 3243 1618 3299 illis
1630 3244 1756 3304 Patribus

123 3335 262 3403 quodiam
277 3344 340 3391 ante
355 3338 470 3392 habehat
488 3340 513 3393 in
536 3341 684 3396 divinitatis
700 3353 813 3407 natura,
831 3353 916 3400 restat
968 3327 1004 3400 [1ν
1005 3346 1035 3382 111
1036 3339 1070 3393 111
1086 3330 1230 3403 partihnsl,
1242 3331 1287 3386 11111
1301 3339 1328 3385 ¹¹¹
1344 3331 1445 3396 11111311,
1460 3330 1502 3386 111
1516 3333 1698 3402 111011101111,
1711 3338 1753 3393 111

126 3435 156 3478 nt
165 3425 239 3480 idem
263 3426 319 3496 ipse
339 3443 419 3483 uerus
443 3428 526 3484 Filius
540 3430 586 3483 [tel
599 3442 678 3485 natus
691 3448 723 3485 ex
734 3434 841 3503 uirgine
856 3450 916 3489 cre-

126 3515 208 3570 datur
227 3524 257 3571 et
276 3516 444 3573 confiteatur.
465 3518 549 3574 Deum
561 3536 625 3592 ergo
639 3522 705 3577 dicis
719 3538 788 3588 esse,
804 3525 851 3579 sed
863 3541 915 3578 non

126 3623 221 3662 verum
243 3607 341 3663 Filium
354 3651 362 3672 ,
379 3609 411 3681 [1
426 3610 473 3679 qui
489 3626 548 3666 esse
561 3628 614 3666 uon
627 3611 737 3684 negasl,
752 3616 798 3669 sed
813 3615 917 3685 adopti-

126 3711 201 3760 vum,
221 3704 314 3750 elnon
331 3714 434 3752 νετνιτττ.
455 3698 519 3765 Quae
533 3708 622 3753 autem
638 3709 679 3754 est
698 3703 747 3756 ista
766 3719 835 3758 nova
850 3705 916 3760 ldie-

126 3786 191 3840 tatirt
203 3787 368 3840 introductio
380 3787 407 3840 in
418 3786 542 3843 Christo?
559 3788 642 3842 Deum
654 3790 727 3844 illnrn
741 3793 806 3847 dicis
817 3809 876 3849 esse
889 3803 917 3849 et

127 3890 181 3930 uon
205 3889 301 3931 renam
321 3877 403 3946 :quis
425 3886 467 3932 est
482 3878 544 3932 talis
572 3877 778 3950 nuncupationis
796 3881 915 3948 linctus,

127 3965 173 4021 ubi
186 3966 378 4021 detrimentum
388 3975 431 4020 est
443 3968 582 4022 ueritatis?
599 3969 632 4023 Et
647 3972 779 4040 quomodo
795 3973 821 4026 in
839 3973 917 4028 Chri-

127 4065 169 4111 sto
187 4065 232 4111 est
253 4058 342 4111 omnis
364 4059 484 4123 veritas,
507 4060 529 4114 si
545 4061 596 4114 hoc
608 4061 704 4126 solnm,
718 4066 788 4131 qnod
801 4066 917 4121 maxime

128 4145 267 4201 latendum
280 4154 337 4209 est,
352 4148 498 4202 secundum
520 4158 638 4205 rostram
658 4152 809 4220 opinionem
823 4169 915 4209 rerum

129 4253 182 4293 non
195 4251 257 4291 esse
267 4238 433 4293 credendum
450 4239 508 4293 eat?
520 4240 560 4294 'lu
576 4251 665 4296 autem
679 4243 856 4299 certissimam
869 4261 916 4301 νο-

967 3421 1083 3490 aloptiri
1097 3422 1223 3485 hominis,
1237 3437 1284 3477 cos
1295 3423 1395 3476 dixisse
1406 3437 1455 3493 pro
1469 3421 1632 3497 [adoptione]
1647 3441 1753 3481 assum-

966 3511 1095 3580 ptioncm,
1107 3521 1135 3567 et
1147 3528 1196 3582 pro
1209 3514 1327 3585 adoptivi
1338 3515 1486 3585 assumpti:
1501 3523 1530 3569 et
1545 3516 1572 3570 in
1584 3517 1635 3572 hoc
1647 3532 1754 3588 quoqne

966 3611 1011 3656 tua
1036 3603 1167 3658 malevola
1190 3606 1311 3675 arguitur
1332 3606 1491 3675 pertinacia.
1527 3605 1556 3662 Si
1578 3610 1649 3663 enirn
1664 3609 1690 3663 in
1708 3618 1752 3665 tna

966 3696 1120 3762 sententia,
1141 3697 1218 3764 qnasi
1238 3698 1388 3752 inveritate
1402 3699 1566 3763 confideres,
1583 3715 1752 3768 nequaqnam

966 3798 998 3839 ea
1012 3800 1071 3854 qum
1087 3783 1120 3838 ab
1131 3784 1191 3838 aliis
1204 3785 1273 3839 ltene
1286 3787 1356 3841 rlicta
1371 3796 1452 3852 snnt,
1476 3789 1502 3842 in
1520 3803 1631 3857 pravum
1644 3803 1752 3843 sensum

966 3884 1102 3941 mutares;
1125 3875 1226 3930 veritas
1241 3877 1328 3940 enim,
1346 3879 1496 3946 ubicunqne
1510 3888 1565 3941 est,
1580 3881 1752 3949 semetipsam

966 3964 1095 4020 defendit.
1117 3963 1170 4019 Sed
1182 3965 1239 4019 sive
1254 3975 1375 4030 mutata,
1396 3967 1453 4022 sire
1467 3976 1496 4020 nt
1507 3969 1542 4022 ab
1554 3969 1593 4023 cis
1607 3979 1669 4024 sunt
1682 3971 1753 4026 dicta

967 4057 1024 4111 hace
1044 4056 1137 4111 eadem
1160 4055 1313 4109 testimonia
1337 4070 1352 4108 a
1378 4063 1404 4110 te
1426 4056 1507 4127 857
1523 4058 1684 4128 sintposita,
1699 4077 1752 4116 non

966 4159 1128 4214 magnopere
1151 4145 1298 4199 curandum
1323 4154 1379 4206 est:
1403 4161 1453 4201 nos
1475 4148 1546 4202 enirn
1560 4148 1678 4205 llomana
1692 4151 1754 4221 plus

967 4236 1127 4290 anctoritate
1148 4250 1229 4305 qnam
1252 4233 1386 4304 llispana,
1411 4238 1526 4292 ueritate
1551 4241 1708 4296 assertionis
1725 4252 1754 4299 et

129 4329 241 4382 τίνοιοτττ
266 4327 303 4381 ita
321 4342 353 4382 es
370 4326 489 4383 relutare
514 4338 647 4394 conatos,
671 4339 701 4384 ut
715 4331 819 4389 diceres
833 4333 916 4388 Deum
967 4327 1028 4382 ildei
1041 4336 1139 4381 nostrae
1159 4324 1247 4381 luleiri
1270 4326 1473 4395 desideramus,
1499 4328 1561 4384 licet
1584 4345 1633 4385 nec
1652 4331 1695 4385 illa
1710 4348 1754 4387 re·

129 4419 261 4475 ldroesse
275 4417 377 4471 dictum
391 4416 540 4485 Christum,
553 4420 616 4490 quia
635 4420 690 4476 Deo
702 4420 860 4490 conjunctus
875 4433 916 4480 est
967 4416 1123 4490 probemus,
1150 4415 1177 4470 in
1199 4415 1242 4470 his
1267 4422 1356 4471 umen
1380 4430 1441 4485 quae
1464 4419 1596 4476 catholice
1613 4420 1750 4478 dicuntur.

162 4604 176 4632 ⁸
196 4591 229 4646 S.
245 4588 337 4661 Cyrilli
361 4599 452 4647 tentus
476 4594 527 4649 hoc
550 4595 607 4650 loro
630 4595 772 4651 admodum
789 4599 915 4655 mendose

129 4669 316 4719 recensentur.
360 4662 413 4718 Eos
435 4662 565 4720 hlcuiuns
588 4666 730 4735 descripsit
760 4670 857 4738 partim
882 4686 915 4726 ex

128 4731 312 4803 Explicatione
325 4747 363 4786 ru
376 4731 515 4802 Capitnm,
534 4750 593 4804 quae
607 4743 695 4790 eistat
709 4744 772 4790 tom.
790 4738 820 4792 lll
832 4738 914 4807 (iper.

128 4802 157 4856 S.
171 4801 267 4872 Cyrilli
279 4815 339 4872 paq.
357 4803 418 4865 t5t‚
439 4806 537 4886 partim
560 4820 593 4859 ex
615 4805 733 4875 Epistola
749 4807 915 4889 apologetica

128 4874 257 4928 curemus
285 4872 693 4944 Theodoreumeprehensiones
714 4892 751 4930 ττι
779 4874 914 4946 Cupitum.

128 4941 236 4997 Primus
256 4942 340 5013 igitur
360 4943 435 4998 locus
454 4953 497 4999 est
518 4943 611 5015 Cyrilli
624 4944 873 5003 anathematismus
886 4951 913 5014 8,

128 5012 173 5082 qui
188 5012 225 5066 ita
240 5020 321 5066 sonat
336 5032 343 5066 :
369 5031 378 5063 r
393 5012 496 5084 Siquis
513 5015 603 5070 dicere
613 5019 703 5078 audet,
720 5016 855 5071 hominem
871 5034 915 5073 as-

127 5093 265 5151 sumptum
279 5097 332 5136 una
352 5096 412 5137 cnm
425 5083 471 5138 tter
486 5083 574 5138 Verbo
588 5086 754 5141 adorandum
767 5094 795 5140 ct
808 5089 917 5158 conglo-

127 5151 307 5217 rificandum,
328 5160 355 5205 et
376 5152 460 5206 [terrm
481 5161 609 5223 tanquam
628 5157 742 5209 alterum
757 5171 819 5210 enm
832 5156 917 5213 altero

127 5221 375 5277 mnneminandnm
388 5238 448 5277 esse
464 5223 473 5292 l
481 5225 553 5278 lrnnc
570 5227 640 5280 enim
653 5224 816 5280 intellectum
829 5229 917 5295 parti·

125 5290 189 5347 cula
200 5308 271 5354 cam,
291 5289 396 5359 adjecta
415 5302 544 5362 perpetuo
555 5309 587 5350 ac
602 5295 756 5350 necessario
775 5294 875 5366 alleri),
889 5304 919 5352 et

126 5374 183 5416 nou
205 5361 296 5429 potius
318 5375 371 5414 oua
396 5363 552 5418 allocutione
573 5364 774 5419 Emmanuelem
790 5366 916 5432 honorat,

126 5445 266 5498 nnarnque
298 5431 335 5485 illi
361 5430 582 5500 glorificationem
613 5435 767 5499 attribuit,
783 5442 916 5505 quatenns

127 5499 248 5554 i'erlnrru
260 5499 360 5554 inituim
375 5510 418 5555 est
434 5518 507 5565 caro,
523 5507 663 5558 anathema
682 5504 726 5557 sit.
741 5523 750 5555 τ

166 5571 179 5608 1
200 5569 249 5624 Ηίε
269 5570 339 5625 alter
360 5577 447 5627 textus
462 5581 552 5627 exstat
566 5574 593 5628 in
617 5573 797 5628 declaratione
831 5574 916 5630 raesati

125 5640 357 5695 Anathematisnri
380 5643 408 5705 ll,
429 5642 475 5762 qni
502 5641 537 5696 ild
563 5643 598 5696 ita
623 5641 761 5696 redditur:
781 5662 789 5693 r
811 5591 838 5696 gi
854 5646 916 5714 quis

125 5725 195 5780 crgo
213 5709 287 5764 illum
308 5710 387 5765 simul
413 5714 517 5765 aerari
542 5713 606 5766 dicit
628 5721 753 5780 tanquam
778 5713 914 5769 hominem

966 4611 1099 4662 seorsum,
1114 4609 1175 4652 eum
1189 4595 1245 4649 lieo
1256 4592 1345 4647 Patris
1361 4591 1460 4651 Verbo.
1476 4600 1603 4662 tanquam
1617 4593 1702 4652 altero
1716 4597 1753 4653 ab

967 4668 1036 4736 ipso,
1051 4675 1078 4721 et
1100 4682 1152 4720 non
1174 4664 1320 4720 secundum
1336 4677 1429 4716 reram
1445 4663 1570 4717 unionem
1586 4663 1753 4737 conjungens

966 4738 994 4792 in
1005 4753 1087 4792 unum
1101 4736 1239 4792 Christum
1258 4733 1392 4788 etlilium
1406 4738 1434 4784 et
1447 4731 1608 4799 hominnm,
1624 4750 1677 4790 una
1689 4739 1753 4791 atlo-

966 4808 1071 4863 ratione
1083 4807 1218 4872 honorat,
1234 4804 1307 4873 juste
1320 4803 1415 4857 uirtuti
1430 4803 1510 4873 hujus
1526 4802 1752 4862 tnathemansrnt

967 4875 1117 4931 suh'icitur.
1134 4895 1143 4927 τ

1003 4892 1025 4984 ο]
1036 4944 1142 4999 Tertius
1163 4944 1208 4998 hie
1231 4942 1305 4998 locus
1324 4942 1439 4998 habetur
1459 4943 1485 4999 in
1500 4943 1654 5000 defensione
1671 4944 1751 5014 hujus

965 5015 1191 5071 anathematismi
1213 5014 1345 5068 adversus
1370 5016 1606 5084 reprehensionem
1630 5014 1753 5071 Theodo-

967 5086 1027 5146 reti,
1044 5085 1061 5137 l.
1078 5085 1124 5139 eit.
1135 5101 1196 5154 pag.
1212 5083 1274 5148 226,
1288 5093 1316 5137 et
1333 5085 1371 5138 ita
1386 5085 1421 5138 ihi
1440 5093 1536 5139 sonat:
1555 5084 1643 5137 «Nam
1669 5086 1753 5154 siqui·

967 5157 1027 5211 dem
1041 5155 1096 5224 ipse
1113 5155 1184 5209 Deus
1206 5153 1285 5209 simul
1299 5163 1327 5209 et
1342 5155 1436 5214 homo.
1454 5157 1583 5209 adoratur
1595 5154 1665 5209 sicut
1681 5171 1752 5212 unna

967 5225 1123 5279 adoratione
1136 5240 1198 5284 una,
1211 5230 1240 5277 et
1253 5239 1305 5278 non
1321 5225 1483 5279 coadoratur
1495 5230 1523 5278 et
1538 5222 1618 5278 simul
1633 5225 1751 5294 appella-

968 5295 1112 5349 tnrlleus:
1137 5308 1172 5347 ne
1186 5294 1343 5348 Emmanuel
1363 5294 1491 5348 credatur
1509 5306 1569 5347 esse
1590 5292 1671 5348 homo
1685 5295 1751 5349 sim-

967 5365 1073 5433 pliciter
1086 5371 1113 5417 et
1127 5365 1278 5418 eommunis
1299 5365 1370 5418 sicut
1384 5377 1449 5425 nos,
1471 5370 1499 5416 et
1517 5377 1566 5432 per
1598 5365 1693 5418 ratium
1708 5365 1751 5418 di·

966 5435 1035 5488 νίιτνο
1048 5432 1138 5503 gloriae
1148 5434 1297 5501 particeps;
1313 5434 1360 5488 sed
1379 5433 1557 5487 conliteamur
1569 5377 1643 5487 iflum
1660 5435 1750 5505 potius

967 5502 1051 5557 Derim
1077 5504 1102 5556 in
1127 5517 1208 5557 earne
1223 5510 1332 5570 propter
1353 5517 1412 5566 nos,
1436 5503 1462 5557 id
1475 5510 1527 5567 est,
1539 5517 1601 5559 νοτε
1614 5504 1751 5560 hominem

967 5573 1076 5632 laetrrm,
1092 5588 1146 5626 non
1161 5572 1307 5625 mutatione
1325 5580 1428 5626 naturae
1450 5571 1597 5628 secundum
1612 5573 1751 5630 alteratio·

967 5657 1027 5698 nem
1044 5651 1071 5695 et
1082 5643 1245 5705 versionem,
1259 5641 1306 5696 sed
1316 5643 1424 5698 unionis
1437 5643 1647 5714 dispensatione.
1663 5664 1672 5696 i

1001 5712 1013 5750 1
1035 5711 1099 5778 Qrue
1113 5713 1188 5766 rancis
1203 5711 1305 5765 inclusa
1320 5723 1382 5767 sunt
1396 5712 1546 5767 redundare
1562 5712 1699 5769 ridentur.
