3780 6120
132 246 192 338 rrsv

440 392 554 450 caron
568 391 600 447 v.

495 246 501 259 ’
546 277 578 334 s.
597 278 629 336 r.
650 248 763 335 tremi
783 278 849 337 sno
868 279 1007 356 arentur
1026 277 1167 337 cronon
1186 276 1275 338 otus
1293 275 1327 334 r.
1352 236 1356 240 ’

1704 271 1754 331 itt

1277 388 1390 446 CAPUT
1408 388 1442 444 Χ.

134 489 269 555 Quomodo
294 488 367 543 illuni
383 486 452 542 idem
472 487 562 542 beatos
572 486 640 558 popo
653 487 796 558 honorifice
818 496 916 543 troeto-
967 477 1043 546 Quot
1054 479 1087 535 W
1088 479 1238 535 iiiihrorriut
1250 478 1409 533 Fresonibut
1419 477 1564 548 prodiente
1576 491 1696 532 retertur
1706 487 1753 547 eat,

167 561 214 681 git,
233 567 257 613 et
272 557 392 612 ordirtoto
411 573 504 611 nomen
517 559 640 628 imposuit
661 556 917 623 clementorum

187 637 286 682 ttosset.

167 739 270 795 Annuit
279 741 409 811 angelicis
422 739 532 795 monitis
546 755 607 795 mox
618 755 686 810 papa
698 741 806 808 beatus,
866 795 871 801 ,

131 830 220 899 Atque
232 828 280 884 liei
293 828 421 883 iarnnluru
435 828 560 883 tractavit
572 836 663 884 mente
674 829 800 901 benigna.

131 918 168 974 Ut
180 917 268 974 inerat
277 919 379 989 jussus,
391 917 571 988 compleverat
583 919 674 974 omnia
686 927 838 989 promptus,

130 1007 343 1077 Pontidecmque
356 1006 431 1061 illurn
444 1022 542 1077 magno
552 1008 670 1063 sacrarit
679 1008 795 1071 honore,

1089 580 1093 587 ·
1109 567 1203 620 eosque
1216 549 1251 603 nti
1262 548 1341 617 ficiem
1358 547 1456 602 Christi
1469 549 1606 601 conoertit.

1000 641 1076 697 Tunc
1086 641 1130 695 vir
1142 640 1313 711 evangelicus
1325 654 1448 695 remeans
1458 638 1652 695 willibrordus
1664 647 1694 695 et
1703 639 1754 697 illis

966 733 1055 790 Verba
1069 732 1239 798 ierensritae,
1254 747 1332 787 sacro
1345 739 1373 787 ct
1382 730 1544 802 baptismate
1553 731 1646 797 tinxit,
1670 742 1672 747 ·

966 824 1039 892 Quos
1050 823 1112 880 fidei
1127 824 1205 881 donis
1221 827 1309 895 primo
1324 839 1401 880 saner
1414 824 1510 879 imbuit
1523 824 1614 892 almis,

966 913 1001 970 lit
1012 914 1058 969 lux
1070 923 1129 970 orta
1141 914 1192 970 luit
1203 916 1333 971 residenti
1345 915 1441 970 mortis
1461 915 1488 970 in
1501 914 1598 970 umbra

966 1004 1262 1078 iamqneoiupopu10;
1278 1022 1359 1063 verus
1374 1008 1414 1062 sol
1431 1006 1555 1064 Christus
1568 1007 1671 1079 ubique

130 1098 246 1155 Nomine
259 1097 424 1154 Clementem
448 1098 535 1168 patria
559 1097 656 1168 [lini.,
668 1098 769 1170 patrio]
782 1096 918 1168 jussitque
967 1095 1069 1163 illuxit,
1083 1097 1173 1153 subito
1184 1099 1305 1154 tenebris
1316 1099 1475 1154 cedentibus
1487 1099 1566 1153 atris.

777 1204 881 1255 rocarr,

130 1281 165 1337 Et
175 1295 341 1350 quocunque
354 1279 421 1349 petit
431 1287 541 1334 sanetus
551 1278 615 1345 sibi,
630 1278 742 1334 tradidit
758 1187 808 1344 illi,

130 1368 249 1424 Plurima
268 1377 427 1424 sanctornm
441 1376 575 1438 praestans
588 1368 613 1423 ci
624 1369 692 1424 dona
704 1370 821 1438 piorum.

434 1473 548 1532 CAPUT
564 1475 609 1531 Vl.

130 1565 206 1633 Quot
220 1566 317 1622 oirliei
333 1568 453 1620 remearit
465 1567 493 1619 in
504 1565 529 1620 F
531 1569 658 1634 ronciont,
672 1578 696 1622 ct
712 1570 840 1625 instanter
855 1587 919 1624 cort-

261 1637 308 1690 ctis
321 1634 492 1706 Eooopettom
509 1634 605 1690 Citritti
616 1638 778 1707 proedieooit.

163 1747 211 1803 llis
226 1746 294 1802 actis
308 1744 415 1801 Domini
430 1745 546 1800 famulus
558 1746 690 1802 remearit
703 1746 737 1801 ad
755 1748 821 1803 orbe

127 1836 304 1902 Francorum,
315 1836 428 1893 veniens
439 1836 562 1892 firmatus
575 1852 687 1894 munere
697 1854 804 1895 summo

128 1929 161 1983 Et
175 1937 247 1985 totus
261 1930 392 2000 gaudens,
406 1928 520 1998 populus
535 1936 600 1984 tune
611 1930 709 2000 accipit
722 1930 806 1996 illum,

126 2017 250 2074 Flumina
264 2015 510 2088 mellillnaeupiens
519 2018 629 2075 haurire
644 2019 758 2075 salutis:

128 2109 194 2177 Quae
206 2108 286 2163 Pater
293 2107 417 2178 egregins
428 2107 535 2162 cunctis
547 2107 716 2178 impenderat
727 2109 808 2174 ultro,

127 2198 200 2254 liure
214 2198 305 2275 rigans
317 2212 415 2271 supero
427 2206 587 2253 cunctorum
601 2206 710 2268 pectora
723 2199 834 2267 Christi,

126 2287 161 2343 Et
174 2301 336 2358 quocunque
352 2286 414 2358 pius
425 2287 553 2344 veniebat
569 2286 640 2344 iorte
655 2288 791 2357 sacerdos,

125 2375 283 2433 Auxiliante
295 2377 350 2433 lieo
363 2377 467 2436 irnctus
480 2380 611 2450 carpebat
621 2395 752 2438 amoenos.

128 2465 295 2539 [Catholicae
307 2466 368 2525 ddei
380 2468 469 2526 donee
483 2470 642 2539 impleverat
652 2473 736 2526 nrbes

98 2614 103 2619 ,
126 2556 270 2630 hgnittone
284 2558 343 2623 Dei,
358 2557 446 2625 uillas,
466 2567 547 2629 atque
558 2558 668 2628 oppida,
683 2557 779 2630 rura]

427 2665 541 2723 CAPUT
560 2667 616 2724 Vll.

181 2757 258 2824 Quod
277 2755 472 2813 Fresonitroset
482 2758 567 2813 Dotis
583 2758 727 2830 prodicere
738 2758 854 2815 tentabat

161 2867 217 2926 Nee
228 2869 271 2927 his
281 2879 426 2927 contentus
437 2871 603 2928 Francorum
618 2872 727 2938 linibus,
741 2873 811 2928 ultra

133 2959 267 3034 Spargere
284 2963 332 3018 sed
343 2969 452 3019 tenmns
465 2962 547 3019 divini
561 2963 663 3020 semina
675 2963 761 3029 uerbi,

127 3053 260 3109 Gentibus
271 3052 383 3122 antiqno
399 3053 484 3124 captis
497 3068 590 3108 errore
599 3052 761 3119 Fresonnm,

126 3142 176 3199 Vel
188 3142 282 3207 banis,
297 3140 412 3197 multum
424 3141 523 3213 populo
533 3157 582 3213 per
596 3141 674 3198 saecla
694 3141 788 3208 lcroei,

126 3230 200 3298 Quos
214 3241 280 3287 tunc
294 3231 365 3287 haud
378 3232 466 3301 potuit
478 3230 569 3304 (reges
587 3231 649 3302 quia
663 3229 733 3286 iorte
749 3230 881 3287 scelestos

125 3319 166 3378 llli
179 3321 297 3376 habuere
312 3319 429 3392 quidem)
449 3319 483 3375 ad
501 3318 562 3375 fidei
577 3306 737 3376 cunnertere
749 3318 860 3374 donum.

419 3428 532 3486 CAPUT
552 3428 618 3485 vill.

128 3541 204 3606 Quod
224 3538 325 3610 aliquos
350 3538 489 3616 baptizarit
503 3556 536 3595 eo:
548 3539 599 3595 iilis
616 3541 643 3595 in
662 3558 714 3606 oto,
726 3552 750 3597 et
763 3540 863 3615 aliquid
880 3545 915 3599 ti·

236 3625 346 3680 qnorum
362 3607 461 3680 socient
476 3620 639 3665 reoersnsert
654 3609 807 3666 Frontiom.

161 3720 215 3776 Sed
229 3720 300 3776 Deus
315 3720 486 3790 omnipotens
501 3721 606 3778 animas
619 3720 768 3778 donaverat
777 3722 829 3786 illi,

125 3801 257 3869 Cen'tibns
268 3826 301 3866 er
314 3810 381 3882 ipsis
392 3810 507 3881 aliquas,
519 3820 547 3867 et
560 3813 628 3867 mira
638 3813 742 3885 peregit

125 3903 233 3973 Perque
243 3917 321 3957 sunm
337 3916 445 3957 serrum
455 3902 578 3973 quaedam
591 3921 597 3957 :
613 3904 698 3974 quiin
709 3920 775 3976 paee
788 3921 914 3964 reversus

124 3992 167 4049 ad
176 3990 305 4061 populum
317 3988 424 4045 Domini
440 3998 567 4060 spectans
581 3992 737 4062 regionibus
746 3993 807 4048 istis

124 4080 211 4137 ianua
221 4089 370 4151 perpetuat,
385 4077 494 4137 Christo
505 4081 651 4151 pandente,
662 4082 757 4139 salutis

123 4171 194 4227 llum
204 4179 277 4228 esset
286 4180 379 4242 aperta
390 4171 443 4242 piis
455 4173 576 4239 monitis,
591 4174 638 4229 sed
659 4190 766 4245 semper
779 4176 879 4248 ubique

124 4259 265 4315 Firmahat
274 4267 406 4326 ennetns;
420 4257 552 4331 Pippinns
562 4269 684 4332 tempora
695 4265 756 4319 ritae

123 4349 430 4423 Praesentiscomplens‚
443 4343 540 4408 Carolo
552 4368 600 4408 sua
614 4368 698 4426 regna
709 4355 848 4429 relinquit.
880 4327 881 4330 Ἴ

434 4461 548 4521 CAPUT
564 4464 600 4520 lit

125 4579 203 4646 Quod
213 4578 332 4648 Carolus,
343 4578 586 4704 Froneorutztuduu,
596 4591 697 4654 pentem
706 4583 852 4644 Fretortttrn
862 4590 913 4648 tibi

459 4667 489 4706 su
503 4663 578 4722 yectt.

158 4757 210 4825 Qui
228 4774 290 4814 mox
305 4760 432 4816 nobiliter
444 4761 550 4833 regales
561 4762 773 4834 reuithabenas,

122 4848 299 4919 implilieans
312 4850 393 4917 lines,
407 4861 503 4923 gentes
516 4855 668 4924 superando
681 4857 825 4928 triumphis

121 4936 269 5006 Externos,
284 4939 367 4995 etiam
377 4941 447 4996 bello
459 4943 579 5013 vicitque
590 4943 735 5014 Fresones,

122 5033 158 5088 Et
170 5032 271 5088 serrata
289 5048 371 5103 super
384 5032 444 5090 illos
462 5044 592 5104 carpenta
607 5039 724 5109 subegit,

122 5125 161 5181 lie
172 5125 297 5180 manibus
312 5123 410 5180 tulerat
424 5125 521 5179 horum
532 5141 640 5196 quoque
653 5127 730 5183 irena
748 5130 853 5186 tributi.

158 5248 170 5276 ¹
185 5239 213 5293 ld
224 5246 275 5303 est,
290 5238 462 5304 otonosteriu,
475 5237 576 5295 blabill.
588 5248 617 5294 et
628 5240 754 5314 llueange
768 5242 857 5300 Gloss.
874 5246 915 5301 in-

121 5306 178 5361 iim.
194 5309 283 5362 Latin.

1268 1186 1382 1243 capnt
1401 1187 1447 1242 lii.

968 1274 1045 1342 Quod
1063 1276 1173 1331 &redes
1197 1293 1211 1332 e
1229 1277 1350 1348 iseopoiit
1373 1279 1400 1332 in
1419 1278 1540 1350 Trojeeto
1566 1280 1675 1336 castello
1692 1282 1754 1337 doto

1049 1356 1097 1411 est,
1111 1358 1135 1400 et
1145 1363 1197 1418 qno
1226 1364 1272 1416 per
1289 1345 1346 1401 loeo
1359 1348 1520 1419 presbyteros
1536 1350 1675 1420 disposuit.

1003 1436 1080 1492 Tune
1093 1437 1155 1492 data
1166 1436 1287 1508 pontifici
1301 1446 1343 1493 est
1358 1438 1481 1510 Trajecto
1491 1440 1571 1497 sedes
1585 1442 1611 1496 in
1624 1444 1702 1509 urbe,

968 1526 1002 1582 Et
1016 1543 1083 1599 gens
1094 1535 1150 1584 tota
1165 1527 1246 1584 simul
1256 1528 1406 1584 Fresonnm
1420 1532 1544 1588 subditur
1555 1533 1605 1599 illi,

969 1618 1091 1673 hisceret
1104 1627 1134 1673 ut
1146 1634 1243 1688 magno
1254 1617 1316 1674 lidei
1327 1620 1488 1675 documenta
1507 1623 1646 1678 ministro.

822 1763 849 1803 m
931 1706 1030 1783 flldox
1041 1714 1197 1762 constructa
1211 1707 1266 1764 heo
1279 1708 1423 1777 viguerunt
1434 1707 1532 1779 templa
1542 1712 1668 1781 perenni,

968 1796 1020 1852 Per
1034 1796 1093 1852 loca
1106 1805 1169 1852 sunt
1178 1798 1258 1868 positi
1271 1807 1299 1854 et
1311 1798 1437 1856 doctores
1450 1801 1534 1857 multa
1545 1802 1651 1870 fideles,

967 1887 1019 1955 Qui
1032 1896 1155 1959 regerent
1168 1889 1307 1958 populum,
1320 1890 1382 1944 vitae
1396 1891 1442 1960 qni
1454 1891 1537 1946 rerba
1551 1891 1693 1962 docerent,

968 1977 1019 2045 Qui
1030 1977 1163 2048 baptisma
1175 1979 1281 2045 darent,
1295 1980 1357 2036 coeli
1367 1981 1412 2050 qui
1423 1996 1493 2051 pane
1503 1982 1628 2041 cibarent
1641 2000 1650 2052 3

967 2068 1007 2125 Ne
1019 2069 1095 2139 plebs
1112 2070 1237 2127 esuriens
1251 2087 1266 2127 a
1283 2087 1311 2128 se
1324 2071 1416 2144 jejuna
1431 2075 1543 2142 rediret,

967 2158 1021 2215 Sed
1033 2161 1138 2216 cunetis
1149 2161 1273 2219 Christus
1285 2172 1377 2234 potus,
1390 2164 1467 2221 cibus
1480 2174 1553 2223 esset
1566 2167 1717 2226 abundans.

1220 2252 1300 2325 198
1315 2252 1429 2312 curor
1446 2256 1503 2312 tu.

963 2342 1046 2415 ‚Quod
1058 2344 1221 2402 teretissant
1233 2347 1338 2402 uerbum
1356 2349 1405 2403 Dei
1420 2367 1467 2420 per
1483 2349 1572 2407 omnio
1588 2352 1647 2410 loeo
1658 2356 1765 2425 prndi—

1231 2433 1291 2473 eure
1306 2418 1457 2488 festinebat.

1002 2505 1060 2562 lloc
1073 2521 1141 2577 opus
1150 2509 1202 2564 hoc
1216 2509 1305 2565 inerat
1314 2512 1444 2581 praelum
1454 2514 1568 2584 praesule
1582 2532 1702 2590 semper,

967 2595 1087 2653 Plurima
1097 2599 1169 2669 qnod
1180 2599 1263 2656 lerret
1276 2604 1428 2658 animarum
1442 2603 1516 2660 lucra
1529 2607 1659 2675 Tonanti,

967 2685 1002 2740 Et
1016 2685 1130 2755 Domino
1145 2688 1178 2744 ad
1191 2703 1285 2746 servos
1297 2701 1429 2747 remeanti
1443 2706 1601 2752 occurreret
1610 2697 1695 2765 ultro,

968 2775 1143 2848 Multiplicata
1159 2778 1384 2837 ierens'mnnibus
1398 2784 1522 2854 utrisque
1535 2785 1649 2843 talenta.

969 2864 1073 2922 Circuit
1086 2867 1188 2924 idcirco
1201 2869 1264 2940 vigil
1278 2870 1329 2925 huc
1341 2873 1474 2929 tutamine
1486 2875 1616 2932 mandras
1632 2888 1659 2944 ¹,

968 2955 1126 3014 Nominibus
1138 2958 1244 3016 meritis
1255 2968 1287 3016 nt
1299 2960 1400 3018 Christi
1411 2976 1524 3036 augeret
1532 2967 1615 3034 ovile,

928 3065 953 3129 c
969 3047 1003 3101 Et
1015 3063 1175 3119 quocunque
1190 3049 1251 3119 pins
1264 3053 1384 3121 perrexit
1394 3069 1483 3124 praeco
1494 3056 1601 3124 salutis,

968 3135 1062 3193 Gratia
1072 3138 1229 3194 celsithroni
1241 3158 1350 3212 semper
1362 3148 1495 3215 praerenit
1505 3155 1628 3215 eunom,

967 3225 1098 3285 Effectum
1110 3229 1234 3287 tribuens
1248 3229 1327 3291 iactis
1341 3232 1485 3308 verbisque
1500 3237 1633 3295 docentis.

1260 3321 1374 3381 CAPUT
1393 3326 1460 3382 lllll.

969 3408 1046 3477 Quod
1060 3427 1112 3466 nort
1124 3411 1213 3467 omnio
1224 3429 1283 3484 qun
1293 3414 1363 3538 idiem
1375 3418 1494 3488 pontifex
1504 3419 1577 3489 tecit,
1591 3439 1669 3479 nerto
1680 3441 1760 3481 enor-

1261 3500 1309 3539 ron
1331 3498 1458 3542 cessent.

1000 3568 1119 3626 Plurima
1131 3586 1233 3642 perque
1247 3588 1326 3629 suum
1341 3573 1406 3634 iecit
1422 3578 1552 3637 miracula
1567 3597 1692 3651 sermm,
1716 3600 1720 3608 ·

966 3658 1031 3727 Quae
1044 3676 1117 3717 nnnc
1127 3676 1182 3716 non
1195 3662 1273 3719 libuit
1285 3681 1365 3722 versu
1383 3682 1546 3737 percurrere
1558 3683 1658 3729 cuncta
1673 3694 1681 3732 ε

967 3747 1020 3805 Sed
1033 3750 1148 3806 strictim
1160 3753 1283 3822 quaedam
1293 3767 1449 3826 properanti
1462 3768 1573 3832 tangere
1587 3763 1707 3834 plectro,

966 3838 1001 3894 Et
1015 3840 1098 3911 gestis
1110 3842 1202 3899 titulos
1214 3846 1308 3913 paucis
1322 3847 1463 3921 praeirgere
1475 3855 1572 3920 musis,

965 3931 1006 3986 ad
1018 3947 1182 4004 prosamque
1193 3949 1282 3990 meum
1292 3935 1420 3994 lectorem
1433 3944 1544 3999 mittere
1554 3947 1687 4017 primam,

965 4021 1024 4077 lllic
1037 4023 1219 4091 inveniettam
1229 4023 1335 4094 plenius
1346 4030 1437 4085 omnia
1449 4040 1538 4103 gesta,

966 4111 1108 4169 Pontilieis
1118 4114 1208 4186 magni
1223 4115 1357 4183 studium,
1373 4119 1534 4179 documenta
1546 4128 1685 4199 magistri,

965 4200 1139 4295 Progeniem,
1170 4204 1274 4273 vinna,
1302 4222 1411 4277 mores,
1436 4223 1596 4286 mentesque
1621 4217 1762 4294 benignas

1251 4295 1348 4369 [liot.,
1363 4310 1538 4375 mentemque
1549 4307 1720 4385 benignam].

925 4415 954 4481 n
966 4382 1150 4458 Devotnmqne
1163 4388 1219 4446 lieo
1230 4403 1338 4462 semper
1350 4408 1398 4448 cor
1409 4396 1536 4454 omnibus
1544 4398 1632 4466 horis,

965 4472 1082 4547 Legibus
1094 4476 1123 4531 in
1133 4479 1218 4536 saeris
1232 4481 1365 4538 meditans
1379 4495 1528 4558 noctesque
1540 4490 1665 4563 diesque.

1254 4570 1369 4629 CAPUT
1388 4574 1455 4631 llll‘.

965 4656 1041 4723 Quod
1054 4658 1345 4744 confringentisomoio
1362 4664 1523 4790 Deijllab„
1540 4669 1618 4736 Quod
1633 4676 1757 4746 confrin-

998 4728 1251 4852 peloponnesum]
1263 4732 1354 4802 [onum
1365 4752 1415 4805 qno
1434 4738 1506 4803 dom,
1516 4741 1633 4811 glodioo
1660 4747 1758 4802 andorn

998 4798 1062 4920 'edi
1085 4799 1133 4880 )in
1149 4810 1226 4870 eepnt
1243 4817 1381 4872 percussus
1394 4846 1402 4872 ,
1415 4807 1460 4862 sed
1482 4808 1537 4864 Deo
1551 4811 1609 4882 dese
1650 4826 1708 4870 ente
1720 4817 1759 4872 nil

1009 4883 1101 4922 etune
1113 4877 1166 4922 retu
1180 4868 1297 4938 ferientis
1308 4876 1399 4929 sensit.

998 4954 1069 5011 Ecce
1083 4956 1140 5012 heo
1151 4959 1250 5015 charus
1261 4962 1360 5030 praesnl
1368 4963 1425 5036 jam
1439 4975 1560 5039 ternpore
1575 4972 1694 5042 quodam

965 5044 1098 5102 Tentabat
1112 5054 1197 5118 perse
1209 5052 1344 5121 quoddam
1356 5055 1527 5130 confringere
1542 5059 1648 5129 lanum,
1727 5051 1731 5057 ⁸

964 5134 1021 5190 lloe
1035 5152 1152 5194 cernens
1165 5140 1229 5196 idoli
1243 5151 1336 5199 eustos
1352 5145 1378 5213 b,
1395 5163 1544 5207 succensus
1561 5153 1591 5208 in
1606 5155 1662 5222 ira,

964 5255 1053 5330 turum
1081 5253 1247 5336 carminibus
1273 5269 1420 5341 occurrunt
1444 5266 1622 5337 castigatione
1649 5271 1759 5343 digna,

965 5334 989 5373 sr
1012 5321 1045 5376 ad
1073 5337 1218 5379 severioris
1247 5329 1379 5397 prosodiae
1408 5331 1481 5404 leges
1510 5339 1600 5393 omnia
1627 5356 1760 5400 revocare

157 5375 257 5430 blood
269 5387 365 5460 costos.
389 5377 630 5464 Licentiapoetica
650 5382 747 5465 mediae
773 5383 916 5440 latinitatis
965 5388 1042 5443 reiis.
1060 5390 1128 5472 ‘linc
1150 5404 1254 5463 spectat
1277 5397 1431 5456 observatio
1456 5403 1588 5478 scaligeri
1614 5410 1643 5463 in
1666 5411 1715 5467 lib.
1736 5431 1758 5470 u

121 5443 181 5498 dum
194 5446 304 5515 syllabae
316 5464 423 5517 priores
438 5466 466 5504 tn
480 5466 547 5506 enee
558 5449 624 5505 rdott
635 5462 819 5522 corripiuntur
831 5494 839 5519 ,
853 5471 915 5509 cnm
965 5458 1090 5526 Ausonn,
1105 5477 1165 5532 cap.
1183 5465 1216 5519 il
1233 5483 1239 5519 :
1257 5483 1267 5516 t
1293 5465 1455 5538 llabebont,
1483 5475 1591 5546 inquit,
1615 5481 1759 5549 peculiare

120 5514 233 5584 produci
251 5516 384 5572 debeant:
400 5521 560 5575 sieutetiam
570 5519 735 5579 Prudentius
748 5531 775 5578 et
790 5524 918 5580 Walalri·

965 5527 1056 5583 Latini
1069 5541 1166 5599 poete,
1193 5545 1222 5589 nt
1247 5551 1301 5590 non
1315 5538 1401 5594 solum
1426 5542 1533 5602 Craecas
1559 5548 1760 5609 declinationes

121 5581 174 5636 dus
189 5581 286 5639 Strabo
295 5597 420 5657 correpta
437 5590 556 5645 secunda
568 5590 647 5648 totto
671 5592 808 5649 dixerunt.
823 5593 917 5651 Sedet
966 5597 995 5652 in
1006 5597 1107 5656 Graecis
1124 5602 1298 5675 negligerent,
1327 5607 1414 5665 sedet
1433 5618 1612 5683 quantitatem
1627 5621 1666 5675 ita
1681 5636 1760 5680 erer-

121 5649 176 5707 nlia
189 5652 273 5708 multa
285 5654 313 5711 in
326 5656 446 5729 Morini,

472 5659 642 5733 aliorumque
661 5661 732 5722 illius
760 5663 918 5738 eriserit·

945 5742 954 5748 ἢ
967 5675 1066 5741 terent,
1084 5679 1240 5732 ottocento
1262 5675 1335 5734 illam
1349 5687 1454 5740 tantum
1464 5686 1626 5744 metirentur
1641 5731 1647 5745 .
1667 5709 1679 5744 t
