3780 6120
119 281 166 337 aii
536 271 569 326 it.
586 271 618 326 F.
637 268 751 324 assisii
771 266 836 324 SEU
856 264 993 321 Alesiai
1011 261 1152 320 OPERUAl
1170 258 1260 316 PARS
1276 259 1318 316 iii
1693 255 1747 312 233

121 392 284 463 praecipuum
299 388 402 443 hahens
419 385 481 450 hoe,
494 383 600 454 quod...
614 382 696 438 ieret
711 377 908 449 copulationem
923 386 945 442 Λ
959 372 1071 436 Christi,
1091 371 1137 440 qni
1155 385 1188 426 ex
1207 369 1321 424 dirersis
1340 366 1479 421 christiani
1501 364 1607 433 imperii
1625 365 1748 434 partibus

120 480 291 552 adoptionem
303 478 477 549 participans.
493 496 502 529 i
958 469 1154 525 convenerant,
1175 467 1275 514 aeterno
1291 458 1463 511 anathemate
1482 456 1629 510 damnata:
1653 455 1709 510 imo
1721 464 1750 510 et

157 570 215 627 xii.
235 569 348 632 Videte,
369 567 422 622 riri
443 566 559 629 iratres,
582 565 670 619 ridete
691 559 841 631 periculum
861 571 909 611 re·
959 568 974 606 a
990 552 1076 605 lreatae
1092 549 1229 603 memoriae
1245 547 1363 602 Adriano
1381 561 1460 616 papii,
1478 547 1523 614 qui
1538 555 1602 600 tune
1619 545 1750 614 temporis

123 674 229 726 sertim,
252 670 282 719 et
302 660 410 716 tandem
431 658 575 729 aliquanto
595 655 745 724 resipiscite
765 655 799 708 ab
819 665 911 706 errore
960 649 1059 697 sanem
1090 638 1217 693 humana
1247 637 1374 691 Ecclesiae
1406 636 1554 705 apostolice
1584 637 1750 692 susurnam

123 753 298 817 infidelitatis,
319 752 467 806 devitantes
486 748 636 803 doctrinam
656 745 792 800 dualitatis
808 743 841 796 de
860 742 912 794 lle-
961 738 1070 786 rexerat
1088 728 1189 793 sedem,
1210 727 1332 781 iunnicus
1351 728 1548 782 fflfflssiiialsst
1570 729 1656 783 donec
1678 729 1750 783 idem

125 845 389 915 ,pe111pq.,ae1,05q0‚
420 841 474 894 ,quc
499 839 521 893 si
549 854 581 892 ex
605 836 738 893 catholica
758 843 913 890 sanctorum
960 822 1036 878 Felix
1055 819 1199 875 infeliciter
1219 819 1252 874 ad
1273 828 1376 873 uestras
1398 817 1534 889 refugiens
1545 829 1635 889 partes
1647 820 1752 888 sopitos

125 936 237 989 pagrum
264 933 454 1002 pfaegqcaqone
479 945 532 984 ⁰0„
554 927 655 994 vulgis,
680 927 722 982 ,ql
743 943 775 983 gx
797 924 913 980 Nsssqorii
963 911 1129 966 infidelitatis
1142 911 1345 974 eineres,rohis
1358 911 1574 976 exhortantibus,
1587 914 1752 968 resuscitare

126 1025 208 1094 impia
229 1022 434 1084 incredulitate,
463 1029 491 1074 ot
511 1019 584 1088 justa
607 1020 778 1073 damnatione
797 1025 914 1072 vestram
964 1003 1087 1058 lflwflffli·
1111 1001 1159 1056 0¹¹3
1175 1017 1225 1072 ⁰i'0
1239 1003 1265 1055 5¹¹
1282 1003 1331 1056 ΜΒ
1346 1003 1491 1056 ³¹¹V0⁰5⁰¹¹⁸
1505 1014 1597 1072 paries
1612 1005 1756 1059 chilim&

127 1114 253 1183 corrigite
274 1113 455 1176 sententiam,
479 1111 601 1165 canalem
624 1108 795 1178 adoptionem
816 1107 843 1160 in
865 1106 916 1159 hu·
965 1095 1069 1150 eaiarno
1092 1094 1232 1164 epistolam
1256 1095 1486 1157 exhortatoriam,
1510 1101 1541 1147 ut
1562 1109 1592 1149 se
1613 1095 1755 1151 catholicae

129 1205 259 1258 inanitate
276 1202 377 1258 Christi
397 1202 557 1256 affirmantis
577 1200 656 1273 [Cod.
668 1198 769 1264 Paris,
782 1198 917 1252 aihrman·
961 1185 1087 1256 ι’ΰῐῑιιθῐθῑ
1105 1186 1213 1251 ”nimis
1234 1186 1351 1255 dirigere
1371 1185 1472 1240 Olmii·
1495 1183 1544 1239 Cui
1563 1185 1608 1241 ille
1625 1201 1680 1240 1¹⁰ss
1696 1186 1755 1256 epi·

129 1293 200 1365 tesi,
227 1294 298 1349 sieut
317 1294 344 1348 in
367 1294 438 1348 illius
456 1294 546 1348 rerhis
565 1293 658 1347 audire
679 1291 811 1362 potestis,
837 1303 917 1359 quant
967 1279 1061 1334 SlOlitii'
1082 1279 1223 1343 brevitate.
1245 1279 1293 1333 sed
1313 1277 1394 1332 lihelii
1419 1277 1571 1347 prolixitate
1590 1279 1776 1365 responderet

129 1393 220 1439 restra
242 1383 368 1453 pertinax
394 1383 546 1455 ignorantia
571 1381 706 1435 affirmare
731 1380 836 1434 nitiiur.
856 1377 920 1431 Dis·
968 1372 1043 1427 uisus
1062 1380 1114 1437 esi,
1128 1379 1208 1441 atque
1226 1371 1252 1425 in
1267 1386 1300 1426 eo
1318 1384 1411 1425 omines
1422 1368 1541 1439 perfidiae
1552 1376 1650 1424 vestre
1663 1366 1758 1424 loreas

130 1474 222 1544 perdet
238 1476 307 1529 euim
323 1473 425 1546 [Forte
439 1474 510 1547 eum]
526 1473 665 1537 Dominio,
688 1471 753 1528 dieii
772 1470 918 1540 Propheta,
969 1467 1087 1524 maricae
1106 1466 1220 1536 aperuit,
1242 1478 1365 1519 asserens
1383 1464 1519 1519 Christum
1536 1470 1696 1518 cirotecam
1708 1462 1759 1518 ho-

131 1562 286 1634 megistrum
299 1572 323 1617 ei
336 1562 494 1634 discipulum
507 1563 648 1618 docentem
669 1561 732 1615 talia
747 1558 875 1631 (Mataei.
887 1573 919 1621 u,
970 1559 1071 1615 minem
1089 1572 1159 1622 csse,
1180 1564 1208 1611 et
1224 1556 1434 1625 nuncupativum
1449 1555 1544 1619 Deum,
1561 1562 1590 1609 et
1602 1553 1760 1623 adoptivum

32 1688 38 1697 -
132 1648 188 1725 iil.
210 1651 264 1708 Sed
279 1661 308 1708 et
322 1651 432 1724 angelus
448 1652 553 1707 Domini
564 1653 654 1706 vibrat
669 1649 786 1722 gladium
797 1649 921 1703 vindicte
972 1648 1068 1713 illium,
1090 1657 1118 1703 et
1135 1646 1252 1703 secunda
1271 1646 1419 1717 indiguisse
1439 1645 1655 1715 regeneratione,
1668 1650 1695 1699 ei
1706 1643 1760 1699 alia

132 1758 214 1814 super
231 1750 313 1814 eaput
324 1751 453 1806 restrum,
468 1752 498 1796 ut
518 1742 618 1797 diuidat
628 1757 687 1805 ros,
704 1740 727 1795 si
738 1755 786 1794 ros
802 1738 923 1794 diriditis
937 1722 959 1781 Β
972 1740 1087 1810 plurima
1108 1738 1298 1795 ecclesiasticae
1313 1738 1443 1792 doctrinae
1462 1736 1688 1791 inconvenientia.
1709 1733 1760 1791 Crri

133 1835 271 1893 Christum
296 1837 322 1891 in
343 1837 482 1908 proprium
505 1835 589 1891 hlium
611 1844 639 1890 et
657 1836 832 1905 adoptiuum,
857 1847 922 1903 par·
973 1831 1062 1888 libello
1073 1830 1131 1899 ejus
1143 1839 1246 1900 septem
1264 1835 1364 1885 resine
1376 1828 1526 1885 devotionis
1538 1827 1637 1882 liheiiis
1649 1842 1762 1896 respuen-

134 1938 242 1998 temque
257 1927 340 1983 uestri
361 1936 443 1998 ponat
461 1942 525 1982 cum
545 1926 704 1998 hypocritis,
720 1925 766 1979 ubi
780 1925 833 1979 erit
846 1922 923 1978 iletus
974 1921 1074 1985 dimus,
1087 1936 1182 1976 omnes
1192 1928 1288 1975 restrae
1305 1919 1446 1990 prauitatis
1462 1932 1598 1972 evacuans
1612 1917 1762 1972 doctrinas.

134 2031 163 2075 et
174 2019 273 2075 stridor
284 2019 415 2074 dentium.
427 2018 461 2072 Et
477 2027 515 2082 iu,
527 2018 679 2072 verrerande
691 2016 771 2070 Pater
784 2014 922 2084 Elipande,
974 2011 1025 2080 Qui
1044 2012 1126 2066 etiarn
1144 2021 1244 2066 nostrae
1258 2010 1408 2065 denotionis
1424 2022 1563 2064 sermones
1580 2007 1643 2063 lecti
1661 2015 1725 2063 suni
1737 2015 1765 2063 et

135 2120 231 2167 caneto
251 2123 286 2165 ne
303 2109 426 2178 juniores
447 2108 521 2164 retati
551 2116 605 2162 tuae
634 2107 764 2161 insultent
788 2115 816 2160 et
834 2106 925 2160 dieant
974 2102 1080 2171 prohati
1105 2102 1132 2155 in
1155 2103 1297 2170 presentia
1323 2101 1413 2156 domni
1442 2101 1512 2169 regis
1539 2107 1567 2156 et
1592 2099 1764 2156 sacerdotum

136 2217 198 2257 eum
215 2200 343 2256 Daniele:
365 2200 510 2254 inueterata
529 2199 631 2252 dicrum
651 2196 871 2262 municissimum
883 2212 927 2251 oe·
975 2194 1089 2250 Christi.
1118 2193 1171 2250 Sed
1193 2203 1220 2250 ei
1242 2194 1313 2250 idem
1335 2194 1409 2249 Felis
1432 2209 1505 2248 anno
1526 2192 1632 2263 praelati
1654 2193 1766 2263 gloriosi

136 2302 231 2347 nerunt
246 2301 353 2363 peccate
368 2300 424 2354 tuo,
442 2307 500 2361 quie
515 2289 667 2360 operaberis
686 2287 924 2360 priusillomui,
974 2291 1105 2362 principis
1132 2290 1270 2344 tricesimo
1296 2289 1414 2344 secundo
1440 2290 1588 2344 advocatus
1612 2287 1767 2343 voluntarie

135 2381 190 2453 δι),
214 2383 374 2438 suhiertens
395 2381 451 2435 rias
471 2379 666 2442 innocentium,
688 2395 743 2435 non
766 2386 839 2434 reete
859 2392 927 2448 prce-
976 2382 1087 2435 ueniens
1112 2380 1145 2434 ad
1166 2378 1250 2447 Aquis
1276 2375 1425 2442 Palatium,
1457 2376 1548 2446 ibique
1572 2375 1767 2446 inpraesentia

137 2472 232 2529 dicans
250 2473 284 2527 de
301 2471 442 2526 Salvatorc
463 2470 566 2525 mundi.
589 2468 798 2539 Octogcuarium
813 2477 839 2524 te
851 2468 927 2522 audi·
977 2470 1067 2525 donini
1080 2470 1151 2539 regis
1163 2478 1190 2523 et
1200 2468 1360 2537 optimatum
1381 2468 1452 2522 iilius
1468 2468 1524 2522 sire
1536 2467 1706 2523 sacerdotum
1717 2466 1767 2522 Dei

137 2562 225 2616 rimus
235 2576 294 2617 esse
305 2560 332 2614 in
343 2560 554 2631 epistola,quani
562 2560 675 2630 prelato
682 2560 764 2615 Felici
773 2561 925 2616 direxisti·.
978 2560 1175 2616 rationabiliter
1194 2560 1310 2624 auditus,
1332 2568 1360 2615 et
1376 2560 1508 2614 veraciter
1522 2559 1672 2626 convictus,
1685 2568 1769 2630 atque

138 2651 208 2706 Audi
222 2649 359 2706 Christum
376 2650 538 2705 clamantem
553 2651 601 2706 tihi
615 2669 621 2704 :
637 2651 729 2705 Adhuc
742 2650 873 2704 nrodicum
887 2647 929 2702 iu·
978 2652 1034 2707 Deo
1054 2651 1122 2706 dans
1140 2650 1271 2718 gloriam,
1294 2664 1439 2718 seramque
1459 2648 1597 2705 muressis
1617 2648 1717 2716 idem,
1740 2650 1768 2705 ιιι

138 2758 197 2798 arten
210 2743 238 2795 iu
251 2751 274 2795 ie
288 2750 337 2806 est,
351 2756 437 2806 curre,
459 2741 522 2794 dam
540 2742 622 2795 luceru
640 2741 746 2804 hahens,
766 2757 798 2795 nc
816 2741 928 2795 tenebre
977 2754 1072 2811 pacem
1088 2741 1228 2797 catholicae
1244 2739 1431 2794 unanimitatis
1442 2754 1567 2795 reversus
1584 2747 1626 2795 est
1637 2755 1698 2796 cum
1711 2741 1771 2798 suis

139 2842 163 2886 te
174 2830 539 2902 compreirendaat:quiequi
550 2830 666 2886 ambulet
678 2831 837 2898 interreiric,
848 2832 928 2886 nescit
979 2831 1126 2902 discipulis,
1149 2831 1195 2901 qui
1213 2831 1250 2886 ihi
1272 2838 1335 2885 tune
1356 2831 1485 2900 temporis
1504 2839 1582 2886 erant
1600 2839 1770 2901 praesentes:

139 2938 191 2992 quo
213 2920 293 2976 cedit.
314 2916 384 2974 Dum
398 2919 482 2974 lucem
503 2920 609 2986 lichena,
633 2921 708 2975 erede
731 2922 759 2975 iu
781 2920 874 2987 iucem,
900 2928 929 2975 ιιι
978 2924 1056 2993 eujus
1077 2933 1104 2980 te
1124 2938 1185 2978 eum
1205 2925 1260 2980 tuis
1277 2923 1428 2993 discipulis,
1445 2922 1596 2978 uenerande
1614 2922 1706 2990 Pater,
1721 2923 1772 2979 hu·

139 3015 209 3086 filius
221 3017 257 3070 ais
271 3014 336 3070 lueis
347 3010 615 3087 (terminasse).
630 3014 765 3086 Quidquid
779 3015 805 3070 in
817 3015 928 3084 epistola
981 3018 1122 3073 militatem
1135 3016 1234 3072 sectari
1249 3017 1362 3070 suadeo.

139 3104 222 3176 882
238 3114 283 3161 tua
299 3104 332 3160 de
350 3106 491 3160 tenebroso
511 3106 600 3161 cordis
617 3107 655 3161 tui
674 3121 755 3161 sensu
769 3064 965 3176 produxisti,G
1016 3108 1097 3164 iiiii.
1115 3107 1237 3179 Aggrega
1248 3108 1362 3175 teipsum
1376 3120 1436 3159 eum
1449 3105 1544 3160 orihus
1559 3105 1607 3160 tihi
1618 3104 1774 3161 commissis

140 3205 226 3251 toturn
244 3212 277 3251 ex
294 3195 490 3252 maledictionis
501 3196 543 3252 rel
557 3196 685 3253 salsitatis
700 3196 761 3252 ielle
778 3198 930 3253 derivatum
982 3202 1009 3256 iu
1024 3202 1094 3256 orilc
1104 3201 1265 3256 Christianae
1279 3199 1429 3263 charitatis,
1444 3213 1491 3267 per
1504 3213 1565 3252 euin
1581 3198 1627 3265 qui
1640 3198 1697 3252 ait:
1713 3196 1773 3269 Ego

141 3301 202 3342 esse
222 3288 399 3359 dignoscitur.
420 3287 474 3343 Sed
492 3287 561 3343 iorte
578 3289 706 3359 ignorans
717 3289 869 3355 veritatem,
881 3287 931 3344 iai·
981 3308 1039 3347 suin
1052 3293 1157 3355 estium,
1178 3307 1224 3361 per
1242 3307 1282 3344 me
1302 3290 1324 3344 si
1341 3290 1398 3359 quia
1412 3288 1555 3353 intraverit,
1571 3288 1726 3351 salvabitur,
1749 3297 1774 3343 ιι

140 3377 248 3432 sitatem
268 3377 412 3447 protulisti.
435 3377 513 3433 Disce
533 3379 619 3448 prius,
639 3387 666 3434 et
686 3387 780 3449 postea
800 3380 876 3444 doce,
897 3395 931 3434 ne
982 3383 1142 3453 ingredietur
1155 3392 1180 3436 ei
1195 3381 1341 3452 egredietur·
1355 3379 1446 3450 (ioan.
1462 3396 1489 3444 x,
1503 3379 1541 3450 9).
1566 3380 1774 3435 Praeridendum

143 3465 271 3536 magister
289 3464 415 3521 efficiaris
434 3467 545 3522 erroris.
569 3467 663 3523 llelior
682 3477 723 3523 est
741 3469 879 3524 humilitas
891 3469 932 3523 di·
982 3486 1024 3532 esc
1039 3475 1088 3530 tihi
1100 3483 1178 3530 cunta
1192 3473 1381 3537 sollicitudine,
1397 3488 1431 3527 nc
1443 3473 1481 3528 sis
1494 3488 1527 3527 ex
1540 3486 1633 3527 eorum
1647 3488 1772 3539 numero,

144 3556 255 3623 scendi,
277 3572 357 3627 quam
379 3557 517 3612 temeritas
536 3557 660 3612 docendi.
691 3556 750 3611 Noli
772 3558 932 3613 inscientia
983 3564 1135 3634 dequibus
1157 3563 1337 3633 ipsallcritas
1359 3563 1387 3617 in
1409 3564 1503 3617 eodem
1528 3561 1667 3630 suhjuuxit
1689 3562 1772 3619 loeo:

144 3657 190 3702 tua
203 3646 306 3702 extolli.
328 3646 445 3702 Seieittiu
459 3648 549 3716 inlini,
566 3647 680 3700 sicuritas
694 3648 808 3716 aedificat
828 3647 854 3719 (i
868 3647 930 3702 Cor.
985 3655 1090 3720 Ouium,
1105 3655 1239 3724 iuquiens,
1264 3646 1389 3724 quotquot
1412 3662 1546 3718 verterunt,
1570 3652 1642 3723 {urea
1663 3663 1725 3708 saint
1747 3663 1776 3708 et

144 3757 204 3808 riri,
220 3741 257 3814 i).
276 3741 309 3795 lit
323 3742 366 3813 qui
380 3757 407 3794 se
420 3739 528 3804 exultet,
544 3740 738 3806 heraciliuiitar,
749 3750 773 3795 ct
786 3741 830 3813 qui
843 3758 870 3795 se
883 3741 933 3795 iiu-
983 3745 1098 3799 latrones
1112 3743 1205 3816 (iiie,
1220 3743 1264 3816 8);
1290 3744 1336 3813 qui
1350 3751 1491 3808 verterunt,
1506 3744 1553 3809 ait,
1568 3758 1621 3801 non
1636 3744 1681 3814 qui
1697 3744 1777 3799 missi
1793 3757 1794 3760 ’

144 3835 241 3899 miliat,
253 3832 411 3888 exaltabitur
424 3832 530 3906 (dietih.
544 3849 622 3898 xxiii,
635 3832 690 3905 ia).
984 3847 1056 3892 suut.
1074 3837 1108 3891 Et
1120 3836 1263 3906 Apostolus
1276 3855 1282 3890 ι
1300 3836 1435 3901 Quontodo
1448 3837 1637 3907 predicabant,
1653 3838 1704 3892 uici
1717 3839 1778 3893 mie-

180 3923 249 3979 Ati.
269 3921 404 3980 Adinnnes
424 3939 467 3979 me
487 3939 540 3979 riou
561 3924 614 3993 pio,
638 3933 668 3979 ut
687 3923 803 3989 ridetur,
823 3924 931 3989 anirno,
984 3939 1076 3985 center
1086 3928 1172 4002 (Rom.
1184 3945 1211 3996 r,
1224 3929 1287 3999 liii?
1300 3926 1366 3994 Quis
1380 3936 1415 3992 te,
1428 3944 1444 3982 o
1455 3927 1535 3982 Pater
1547 3928 1687 3999 Elipande,
1700 3928 1777 3984 misit

146 4014 193 4069 scd
206 4029 300 4070 serora
311 4014 471 4070 invectionis
481 4015 668 4083 castigatione,
682 4015 828 4086 gloriosum
842 4030 933 4088 regem
984 4021 1132 4091 predicare
1147 4019 1318 4089 adoptionem
1333 4019 1360 4072 in
1373 4017 1483 4073 Christo
1497 4018 1544 4074 Dei
1557 4018 1644 4073 Filio?
1661 4019 1734 4088 Ergo
1748 4018 1777 4073 si

145 4103 271 4160 Carolum
291 4095 343 4160 tion
362 4119 545 4174 corrumpere·
567 4104 626 4159 Nou
645 4119 694 4174 ego
714 4104 789 4159 iilum
809 4120 933 4161 eorrum·
985 4112 1058 4168 nuiio
1070 4112 1193 4165 initiante
1205 4125 1253 4180 per
1265 4118 1292 4164 te
1306 4110 1403 4164 uenisti
1421 4118 1449 4164 ei
1462 4110 1626 4179 praedicasti,
1639 4109 1682 4164 tur
1696 4108 1779 4165 eiia-

144 4212 209 4269 pere
227 4197 289 4252 reni
311 4197 338 4252 in
357 4197 509 4258 Francius.
533 4197 580 4265 nui
600 4197 737 4267 corrumpi
758 4213 812 4253 non
834 4205 932 4267 potest,
986 4214 1028 4261 tro
1041 4205 1209 4260 convinceris
1223 4219 1293 4259 esse.
1320 4201 1377 4256 Far
1390 4219 1441 4257 iton
1455 4204 1537 4267 uenit,
1557 4203 1606 4256 nisi
1618 4212 1646 4255 iu
1662 4201 1776 4270 inerunt,

146 4291 194 4346 sed
210 4289 337 4359 adinrare
354 4289 382 4342 in
398 4287 449 4342 hdo
461 4287 602 4352 catholieo,
618 4288 643 4341 in
657 4304 710 4358 qim
721 4288 766 4342 ilie
779 4290 812 4343 ah
824 4289 935 4343 ineunte
985 4306 1080 4351 maciei
1096 4304 1120 4349 ei
1132 4295 1233 4366 peritae.
1249 4293 1369 4349 Careant
1383 4293 1507 4363 discipuli
1520 4294 1568 4357 tui,
1580 4307 1613 4346 ue
1627 4307 1676 4362 per
1690 4300 1717 4345 te
1728 4306 1779 4347 oe-

148 4392 226 4437 atate
253 4379 369 4435 rupilius
389 4378 458 4443 sitii,
489 4387 515 4432 il
537 4379 637 4449 optime
661 4395 675 4432 1¹
696 4377 935 4434 Cllt'islialtisssimis
950 4421 973 4479 υ
986 4389 1112 4444 cidantur
1129 4397 1156 4442 et
1175 4394 1297 4456 pereant.
1323 4385 1417 4440 illelius
1431 4394 1473 4439 est
1488 4385 1541 4439 iliis
1557 4383 1664 4439 oculum
1680 4399 1780 4440 eruere

146 4473 304 4543 parentilus
324 4479 352 4524 et
371 4468 508 4540 magistris
529 4467 670 4522 maliuolis-is
689 4467 809 4521 eiicietus.
833 4467 936 4538 impos·
987 4481 1037 4536 sipi
1050 4481 1191 4543 pegasum,
1210 4494 1291 4549 quam
1306 4478 1410 4546 inqegro
1424 4490 1537 4546 corpore
1549 4475 1618 4529 mirri
1633 4475 1659 4529 jn
1673 4473 1780 4542 gehen.

148 4564 225 4620 sibile
246 4571 288 4618 081
306 4563 388 4625 essim.
408 4569 438 4615 ¹¹1
458 4569 646 4630 corrumllffl'l
666 4576 682 4614 ἃ
704 4575 849 4628 quoquam,
872 4560 935 4629 (1⁰5³
987 4589 1050 4628 nam
1075 4571 1154 4642 ignis.
1175 4570 1269 4626 Caecus
1284 4572 1308 4625 si
1322 4586 1422 4625 emerim
1435 4570 1524 4632 ducit,
1542 4568 1642 4622 cadunt
1654 4567 1732 4620 aurito
1747 4564 1780 4624 iu

148 4656 298 4710 catholicus
318 4661 359 4710 cst
381 4653 408 4708 in
429 4653 499 4718 lide,
523 4668 569 4707 res
591 4653 618 4706 in
641 4661 790 4722 potestate,
814 4651 936 4720 pontifex
987 4660 1093 4717 foveam
1107 4660 1214 4735 (ιιαιιιι.
1228 4677 1275 4727 riu,
1289 4661 1342 4733 ii).
1362 4660 1431 4715 Audi
1445 4660 1528 4714 etiam
1541 4660 1650 4714 beatum
1663 4656 1782 4726 Aposto-

148 4748 176 4802 in
193 4747 392 4816 praedicatione,
411 4746 493 4817 juder
514 4746 541 4800 in
562 4747 697 4816 aequitate,
718 4745 891 4816 philosophus
908 4746 935 4801 in
989 4752 1044 4807 lum
1065 4752 1136 4807 inter
1153 4751 1271 4821 hloysem
1291 4759 1318 4805 et
1336 4749 1474 4804 Christum
1491 4748 1699 4811 discernentem,
1710 4761 1781 4815 quus

148 4838 306 4895 lihcralihus
326 4837 441 4904 studiis,
467 4839 581 4910 inclytus
604 4840 631 4894 in
653 4839 793 4905 rnorihus,
816 4847 844 4894 ct
863 4840 936 4895 omni
989 4852 1018 4898 tu
1030 4842 1131 4898 similes
1140 4841 1250 4905 asseris,
1262 4840 1308 4894 uhi
1320 4839 1507 4894 excellentiam
1520 4836 1668 4906 majestatis
1678 4834 1782 4890 Christi

148 4931 291 4987 honestate
303 4927 462 4998 praecipuus.
484 4927 636 5001 Antequam
651 4947 712 5003 ego,
724 4931 818 4986 eodem
831 4932 938 5002 sapien·
988 4933 1107 5003 praetulit
1124 4931 1225 4986 larnulo
1243 4946 1292 4987 suo
1306 4931 1400 5002 hloysi.
1427 4928 1530 4999 liogsec
1544 4938 1650 4993 nutent,
1673 4926 1781 4996 inquit,

150 5022 255 5077 tissirno
274 5035 337 5091 rege
352 5017 448 5074 Carolo
462 5018 582 5088 juhcnte,
596 5022 730 5076 venissem
743 5023 771 5076 in
782 5021 937 5086 Franciam,
988 5034 1113 5094 tranquaut
1124 5021 1239 5092 [amulius
1249 5022 1333 5090 fidelis·
1344 5022 1393 5092 [uit
1404 5021 1430 5074 in
1441 5030 1494 5074 teta
1505 5019 1581 5073 dorato
1592 5016 1784 5085 cumdiuisiacs

152 5114 210 5169 haec
224 5107 327 5169 ‘eadem
347 5111 431 5166 uestri
454 5113 555 5168 erroris
578 5121 671 5177 metir,
701 5115 795 5170 eodem
821 5114 938 5185 glorioso
989 5125 1075 5170 nutem
1092 5125 1219 5187 toriqeem
1232 5114 1304 5183 filius
1323 5111 1349 5166 iu
1367 5112 1444 5165 doario
1462 5128 1510 5165 surr
1525 5110 1617 5181 (ilcir.
1631 5126 1672 5173 ιιι,
1689 5109 1715 5173 5,
1730 5107 1782 5180 ii):

150 5204 272 5274 principe
292 5200 463 5272 presidente,
476 5213 608 5271 presente
620 5201 719 5267 Felice,
733 5218 812 5273 quern
826 5203 938 5258 muitum
990 5204 1098 5276 lloysen
1120 5204 1251 5260 famulum
1273 5203 1436 5268 nominans,
1460 5210 1489 5257 et
1509 5201 1649 5257 Christum
1669 5199 1784 5255 Filium.

152 5293 262 5348 laudare
282 5292 369 5360 soles,
393 5302 491 5348 uestrae
509 5294 594 5363 partis
613 5300 678 5348 tune
697 5293 827 5362 temporis
844 5291 938 5349 deicu-
991 5296 1127 5363 Quantum
1140 5305 1181 5351 est
1195 5296 1267 5351 inter
1279 5293 1407 5348 larnrrlum
1422 5291 1624 5363 quattrisiamilias
1637 5298 1665 5344 et
1677 5289 1785 5355 iilium,

152 5397 223 5449 sure,
241 5385 369 5439 ventilata
390 5394 432 5440 cst
453 5385 479 5439 in
499 5384 674 5442 celeberrimo
693 5384 762 5449 loeo,
780 5384 826 5454 qui
842 5383 942 5439 dicitur
992 5394 1096 5442 tantum
1105 5393 1147 5441 est
1158 5386 1228 5441 inter
1240 5385 1349 5456 lloysen
1359 5394 1387 5439 et
1396 5384 1542 5439 Cinistum.
1554 5380 1699 5452 Nunquam
1709 5377 1786 5435 eninr

154 5472 372 5546 ilaiginisllnrg,
396 5486 423 5532 ct
444 5476 565 5548 synodali
587 5477 749 5533 arretoritatc
769 5476 939 5532 sacerdotum
992 5478 1025 5532 de
1045 5477 1135 5548 hloyse
1155 5477 1226 5532 idem
1243 5474 1398 5547 Apostolus,
1422 5475 1469 5529 scil
1490 5475 1523 5528 dc
1540 5471 1650 5529 Christo
1670 5469 1786 5542 inquii?

153 5587 346 5715 “iisqc'admlg‘i
363 5589 441 5647 terti
463 5590 660 5664 copulationem
681 5597 708 5647 et
730 5587 938 5646 dominationem
1027 5591 1118 5647 ⁸l'ide
1131 5591 1202 5647 hane
1214 5589 1355 5661 epistolam
1369 5588 1469 5646 l‘atrol.
1489 5597 1508 5644 ι.
1524 5584 1616 5653 xcii,
1629 5584 1682 5642 eol.
1696 5582 1763 5644 sio.

153 5678 171 5731 p
216 5676 276 5730 irp.
305 5678 353 5713 ..r
992 5690 1016 5711 ·.
