3780 6120
120 282 173 341 sta
540 278 569 333 tt.
589 278 621 333 F.
641 276 755 333 ,tttttn't
774 274 840 331 set*
858 274 997 329 sild'll'lh'l
1015 272 1157 332 OPERUll
1175 274 1265 332 etus
1281 273 1325 331 ΙΙΙ.
1701 276 1756 333 380

120 392 273 448 Nestorium
288 388 399 456 ejurante
413 398 456 439 :itit
470 388 669 457 ,ιιιιιιῑςςιιιιιιιιιΙ
681 393 726 439 atrt
737 400 867 455 seqnaees
877 386 912 441 ab
926 392 948 445 Α
963 386 1149 451 humanitatis,
1163 395 1193 441 nt
1207 402 1284 442 saera
1300 386 1407 456 elonttia
1421 394 1566 454 testantur,
1581 386 1652 444 filius
1669 389 1758 447 llarid

120 467 172 519 liae
189 474 304 515 eensnra
323 459 424 512 ideireo
443 456 612 519 statement,
627 458 698 525 qrtnd
712 457 872 525 qirilmsdom
883 457 911 511 in
965 466 1017 521 est,
1029 463 1057 511 et
1077 456 1160 511 Filius
1176 458 1233 512 liei.
1249 458 1325 524 Qtrod
1339 466 1482 527 utrumqne
1496 471 1591 513 verum
1609 467 1652 515 est
1664 478 1670 513 :
1682 460 1758 531 quoe

119 535 186 589 loeis
206 531 240 585 de
262 530 365 603 unitate
387 542 509 597 persona
527 528 554 579 in
569 528 698 609 rnpsterin
716 527 914 582 incarnationis
965 535 1055 581 tamen
1067 542 1119 581 nnn
1130 528 1246 582 absurde
1256 529 1429 596 ‹ponerendnrn
1441 537 1492 593 est,
1504 532 1640 598 prrornodn
1654 531 1758 589 ineunt

121 618 186 657 sana
211 600 316 655 ratione
339 599 410 667 lemni
434 599 535 652 inerint
555 597 615 660 visi,
635 611 697 650 enrn
718 596 782 651 alibi
800 606 848 652 ant
865 612 916 667 per
965 604 1109 681 ntrarmqne
1132 598 1284 652 conveniat.
1309 596 1400 667 Neque
1423 599 1495 653 enim
1517 600 1577 653 heri
1600 607 1708 671 potest,
1723 609 1758 657 ut

121 675 191 728 liano
205 672 336 725 unitatem
351 685 404 721 ιιοιι
420 670 471 721 nisi
489 668 620 721 trinitatem
640 664 751 720 :rlltaetns
766 667 916 751 intelligen·
964 682 1034 722 uttns
1058 667 1128 721 hlins
1148 667 1306 723 naturaliter
1326 668 1393 723 elutos
1412 675 1504 738 patres
1526 670 1627 725 habere
1647 674 1756 740 possit:

121 746 182 797 darn
200 756 262 795 esse
284 748 377 809 aperte
398 739 530 801 dixerint3
551 746 598 789 arn
616 752 648 791 ea
668 736 762 791 saltem
780 738 914 808 principia
965 752 1047 791 unum
1061 746 1152 791 tamen
1164 752 1212 806 per
1226 746 1360 800 naturam,
1372 738 1456 793 alium
1471 746 1560 793 mrtem
1606 741 1759 813 radoptin-

121 812 280 875 statuerint,
296 811 394 879 qtrihns
414 809 507 877 positis
523 808 579 876 jam
595 807 687 859 rinitas
706 822 829 877 perseam
851 822 914 863 rere
965 822 1027 862 nem
1048 822 1159 877 prorsus
1171 816 1268 877 potest.
1283 828 1292 860 r
1309 806 1368 862 Lib.
1384 824 1414 863 ιιι
1425 817 1520 863 eontra
1534 809 1571 863 Fe
1582 811 1662 875 leem,
1682 827 1709 866 n.
1728 812 1756 866 l.

122 884 192 945 talis,
208 890 236 936 et
248 884 276 935 in
292 896 374 935 sensu
389 878 516 933 llari-lesia
526 877 673 931 subsistere
687 878 790 946 rreqnit.
802 877 838 930 ht
849 892 914 933 vern
964 876 1082 932 Rursum
1096 878 1134 931 nit
1151 878 1222 934 idem
1236 877 1331 933 Felix:
1346 895 1355 928 ι
1376 878 1405 933 Si
1426 879 1488 947 quis
1505 888 1624 935 anostra
1646 882 1758 951 proles-

121 954 216 1007 eadem
230 961 258 1005 et
271 950 370 1005 Felicis
384 964 416 1003 ue
431 946 554 1018 Elipnmli
573 962 632 1001 sors
648 954 705 1009 est,
728 962 796 1017 qnos
816 948 914 1004 morito
964 948 1040 1003 sione
1054 947 1191 1001 declinare
1210 948 1278 1013 vult,
1292 948 1414 1018 proterat
1425 961 1502 1017 teque
1526 948 1637 1005 idoneos
1656 959 1756 1021 testes,

121 1024 149 1077 in
172 1036 286 1077 numero
305 1019 528 1077 Nesmriannrnm
552 1017 587 1069 ab
608 1016 722 1071 hleuino
744 1026 913 1089 eomputatos
963 1014 1757 1091 quialhrmeutqnodeuuterorerusReussiteoneeptus,

121 1093 205 1147 inisse
219 1093 253 1145 ad
270 1090 377 1143 nenlnm
396 1088 515 1157 patebit,
533 1085 597 1141 dum
617 1086 727 1141 relaturi
741 1087 798 1157 iam
818 1104 852 1143 ex
868 1103 915 1143 on·
963 1097 990 1141 et
1004 1101 1085 1142 serris
1098 1088 1134 1142 sit
1147 1086 1231 1143 Filius
1244 1088 1301 1143 bet.
1315 1107 1323 1140 r
1338 1089 1371 1143 Et
1384 1088 1467 1143 alibi:
1483 1106 1493 1139 ι
1508 1087 1587 1145 Nullo
1601 1092 1682 1146 modo
1693 1104 1760 1147 sre-

120 1163 194 1223 dine,
210 1162 329 1228 ipsorum
341 1172 448 1228 quinque
462 1164 582 1222 asserta,
598 1156 656 1211 trae
669 1159 852 1213 omnimodam
864 1156 915 1213 ha-
964 1156 1081 1211 dandum
1094 1165 1146 1223 est,
1158 1164 1190 1211 ut
1201 1158 1373 1229 omnipotens
1387 1158 1459 1213 Reus
1472 1158 1563 1222 Pater,
1577 1160 1624 1231 qui
1641 1160 1758 1231 spiritus

121 1232 184 1285 here
195 1231 352 1284 numitorem
364 1229 538 1283 ostendemus
553 1242 614 1281 enm
628 1226 690 1291 illis,
706 1242 766 1299 quae
779 1227 916 1283 Nestoris·
963 1237 1015 1289 est,
1030 1228 1063 1281 de
1076 1228 1221 1297 semetipso
1233 1242 1343 1283 earnem
1358 1237 1478 1299 generet.
1491 1249 1500 1280 i

121 1302 164 1354 nis
194 1301 281 1370 rnpria
298 1298 380 1354 inisse
397 1298 537 1368 hueusque
553 1299 732 1353 narravimus.
998 1296 1069 1352 xlx.
1084 1296 1458 1369 dapnntemunturddoptioni
1468 1315 1501 1353 es
1512 1298 1633 1354 sanione
1643 1298 1756 1357 canen.

184 1370 237 1425 l'll.
251 1370 372 1423 Cirristns
384 1386 436 1440 qno
447 1369 524 1422 lromo
537 1384 554 1420 a
569 1364 651 1421 Patre
661 1379 758 1423 aterno
771 1368 915 1423 secundant
963 1398 999 1407 -
1009 1367 1137 1431 Rursum,
1154 1366 1225 1422 sient
1244 1368 1278 1423 de
1297 1367 1466 1423 Nestorianis
1485 1368 1610 1431 diximus,
1627 1370 1712 1425 etiarn
1727 1370 1758 1427 ln

120 1442 252 1510 episcopos
267 1439 404 1509 llispnnirr
419 1454 471 1492 noa
486 1448 523 1492 est
540 1438 657 1507 penitam
673 1439 742 1492 ande
760 1454 812 1492 non
827 1436 914 1492 Filius
964 1440 1100 1501 tinctione,
1116 1452 1175 1505 qnae
1187 1437 1213 1491 in
1228 1436 1377 1507 Scripturis
1389 1438 1498 1494 Christo
1511 1438 1650 1505 tribuitur,
1660 1441 1688 1495 in
1701 1438 1757 1495 ba-

120 1513 252 1581 proprins.
267 1538 303 1549 —
314 1509 466 1571 bisinam,
483 1517 512 1561 nt
525 1506 677 1572 hominem,
694 1523 747 1563 non
764 1508 912 1577 proprium,
962 1509 1062 1577 ptismo
1074 1522 1155 1576 quem
1169 1508 1297 1577 suscepit,
1310 1516 1338 1563 et
1351 1508 1378 1562 in
1393 1524 1538 1579 progressu
1552 1524 1631 1578 quern
1646 1511 1757 1635 insn-

121 1584 168 1633 sed
181 1582 336 1649 asopus-nm
349 1579 535 1633 tantummodo
545 1592 607 1632 esse
616 1578 664 1633 net
677 1578 772 1643 hlium,
786 1579 913 1646 palmaris
964 1579 1000 1633 tia
1012 1586 1039 1631 et
1050 1578 1181 1647 sapientia
1196 1577 1292 1633 lenisse
1308 1578 1416 1646 legitur,
1429 1579 1531 1634 erroris
1544 1580 1586 1633 sui
1598 1580 1678 1649 prresi
1698 1580 1757 1635 iutn

121 1664 188 1704 sane
202 1650 324 1719 Elipandi
343 1657 371 1703 et
388 1648 485 1704 Felicis
503 1648 619 1704 assertio
633 1647 698 1713 luit;
715 1662 765 1703 nee
779 1664 848 1719 opus
870 1657 913 1703 est
963 1648 1119 1719 qrrmrehant
1143 1646 1290 1715 Elipnndns
1314 1648 1425 1717 ejrisqne
1449 1650 1525 1705 socii.
1553 1648 1759 1733 «singulariter

121 1720 148 1775 id
161 1720 252 1774 turritis
269 1719 456 1788 comprobare,
467 1734 529 1773 eum
539 1718 702 1788 praeeipuam
717 1732 811 1774 eornm
824 1719 915 1789 dispu-
931 1748 952 1804 B
966 1732 1091 1787 nemone,
1105 1717 1144 1772 ait
1157 1716 1245 1781 Felix,
1259 1716 1355 1773 bratus
1367 1718 1465 1775 Retrus
1481 1720 1618 1788 apostolas
1631 1736 1659 1775 tn
1671 1736 1706 1776 eo
1719 1720 1756 1776 si·

121 1790 251 1845 tationem
265 1790 293 1844 in
304 1788 590 1859 hoeeapitehaesisse;
603 1797 660 1843 tam
672 1788 836 1858 exipsorum
847 1789 915 1844 seri·
966 1788 1022 1842 mnl
1034 1790 1101 1842 ‹tms
1115 1796 1227 1842 rratnras
1241 1787 1269 1842 in
1285 1804 1338 1843 una
1354 1804 1469 1859 persona
1483 1790 1540 1845 Deo
1552 1790 1604 1845 sibi
1618 1790 1758 1847 revelante

120 1860 190 1929 ptis,
205 1876 287 1931 qnam
301 1859 433 1914 relatione
447 1860 636 1914 historioormn
650 1866 766 1914 constet.
786 1875 795 1910 ι
813 1857 871 1913 Νοιι
887 1860 915 1913 in
966 1857 1105 1913 euniessus
1120 1858 1159 1912 ait
1170 1874 1177 1909 :
1190 1855 1229 1911 ln
1243 1873 1270 1911 es
1292 1858 1412 1914 Christus
1427 1858 1515 1915 Filius
1536 1861 1585 1915 Dei
1598 1862 1657 1915 uini.
1677 1861 1708 1917 ln
1722 1874 1757 1919 eo

121 1930 205 1997 etruria
225 1930 351 1993 deitatis,
376 1931 463 1999 inquit
481 1928 556 1984 Felix
575 1930 646 1999 apud
662 1929 806 1983 hleuinum
827 1929 873 1984 lib.
894 1945 914 1993 r,
964 1929 1047 1991 enim,
1063 1928 1197 1996 assederit,
1212 1928 1472 1993 tnest'hristns,ud
1490 1930 1683 1986 humanitatem
1696 1930 1759 2015 ejus

121 2014 195 2052 ιιιιιιι.
211 2001 255 2064 ts,
268 2000 314 2054 lnl.
328 2000 389 2063 tut,
402 2001 493 2071 inqua
507 2014 556 2069 per
566 1999 657 2053 otnnia
671 1998 768 2053 similis
778 2007 822 2054 est
830 1999 916 2065 Patri,
965 1998 1091 2068 pertinet,
1106 1999 1133 2051 in
1147 2012 1200 2067 qrra
1214 2007 1311 2053 trrtetus
1325 2007 1384 2065 est,
1399 2000 1426 2055 id
1446 2002 1518 2083 qrrod
1531 1999 1635 2055 addidit
1646 2020 1652 2055 :
1665 2000 1756 2057 Fihrte

121 2069 262 2125 dissimilis
274 2084 340 2125 vero
352 2070 425 2124 otrtni
440 2078 587 2133 ereaturam
602 2068 650 2123 sed
670 2070 698 2122 in
717 2068 774 2123 sola
792 2068 917 2124 littttttttri-
964 2068 1014 2122 ltei
1032 2068 1092 2131 aiei,
1106 2067 1140 2122 ad
1161 2067 1328 2123 divinitatem
1350 2070 1443 2140 ipsius.
1458 2087 1485 2125 m
1499 2086 1552 2141 qua
1574 2072 1758 2127 essentialiter

121 2145 191 2202 tate,
208 2140 235 2194 in
251 2156 304 2210 quin
318 2156 367 2210 per
383 2141 473 2194 urania
489 2139 585 2194 similis
604 2139 691 2193 laetus
705 2145 747 2194 est
765 2140 852 2205 nobis,
868 2154 916 2193 er·
965 2154 1045 2193 verns
1058 2137 1143 2192 Filius
1155 2137 1201 2191 liei
1217 2146 1269 2202 est,
1282 2140 1441 2195 coarenit.»
1456 2141 1534 2211 hpnd
1546 2141 1691 2196 Aleuinum
1705 2142 1756 2197 lib.

121 2220 199 2277 sepita
210 2208 235 2262 le
253 2212 403 2281 reponenti:
421 2209 520 2265 similis
533 2210 628 2280 irtiqne
647 2210 674 2263 in
689 2216 802 2272 natura,
815 2209 858 2263 eni
875 2217 916 2263 ta·
965 2223 992 2261 rr
1004 2218 1098 2263 eontra
1114 2208 1240 2263 Felicem.
1261 2208 1347 2263 Unam
1371 2211 1480 2279 nitidem
1502 2212 1548 2267 bie
1571 2212 1624 2267 loei
1646 2212 1758 2269 ridetur

121 2294 182 2333 naen
201 2226 289 2336 nullm
308 2281 404 2335 similis
423 2289 530 2345 exstat,
543 2280 587 2335 rel
599 2278 709 2349 oeqrtalis
728 2279 756 2333 in
792 2278 869 2335 loria.
884 2280 915 2333 ln
965 2279 1085 2347 protiteri
1100 2292 1243 2346 lausonam
1258 2280 1284 2333 in
1295 2280 1412 2344 Christo,
1429 2280 1501 2351 qnod
1511 2292 1538 2337 et
1548 2280 1611 2337 alibi
1624 2296 1687 2337 euru
1702 2296 1757 2337 sas·

120 2348 172 2403 hoe
187 2358 276 2421 animm
292 2349 367 2405 illum
385 2351 540 2421 adoptivam
560 2348 696 2404 credimus
710 2296 913 2419 aperientem,
965 2349 1025 2417 priris
1040 2348 1140 2429 iecisse
1157 2365 1210 2403 tion
1230 2350 1469 2413 dissitnnlabimns,
1485 2352 1566 2407 inodo
1587 2359 1693 2407 tantum
1709 2368 1759 2408 tro-

121 2419 148 2471 in
163 2434 217 2489 qno
230 2423 378 2477 secondum
401 2436 510 2476 carnem
532 2420 603 2474 hlius
622 2428 665 2474 est
684 2418 784 2483 bas-id,
805 2435 860 2474 non
877 2428 916 2473 ta·
966 2426 1064 2481 taotes,
1089 2419 1191 2473 idoneo
1216 2434 1248 2472 ex
1271 2419 1356 2474 istus
1378 2422 1512 2475 sentientia
1532 2421 1680 2487 Cltristum,
1701 2436 1757 2493 qua

120 2504 183 2544 rnen
207 2491 234 2544 in
255 2492 323 2557 hoe,
348 2492 419 2562 quoi
445 2490 574 2545 [lominus
598 2490 701 2545 existit.
731 2510 740 2541 ι
768 2489 915 2560 Elipamlns
965 2488 1101 2542 bominem
1121 2504 1174 2542 iton
1197 2502 1257 2543 esse
1279 2436 1376 2544 littam
1397 2491 1446 2545 liei
1468 2492 1619 2562 proprium,
1635 2490 1709 2561 quenl
1734 2492 1759 2547 is

121 2574 185 2613 sero
202 2560 229 2614 in
248 2562 362 2630 epistola
379 2576 427 2616 sua
444 2560 477 2614 ad
492 2560 616 2614 eumdem
636 2558 778 2613 hieninum
797 2559 842 2613 iol.
863 2560 915 2615 870
964 2559 1053 2626 qrrond
1075 2558 1271 2613 humanitatem
1294 2568 1391 2617 tinctus
1414 2561 1529 2617 dicatur.
1555 2562 1654 2617 Eodem
1674 2560 1759 2617 motin

121 2628 158 2682 ita
172 2631 371 2685 ratiocinator:
391 2649 401 2681 ι
417 2631 486 2685 Fere
497 2629 630 2693 Joaehim,
644 2629 720 2695 einins
734 2628 787 2682 tilia
799 2630 914 2701 gloriosa
965 2628 1145 2709 argumentati
1160 2627 1236 2684 hiere
1257 2629 1376 2700 episeopi
1392 2630 1528 2702 Hispaniae
1541 2632 1569 2686 in
1591 2632 1707 2703 epistola
1722 2632 1760 2687 ad

121 2697 169 2753 liei
189 2701 264 2771 virgo
283 2701 367 2755 ilario
384 2716 446 2755 esse
464 2700 642 2770 dignoscitur,
662 2698 788 2767 :trittptira
811 2698 913 2771 {Forte
965 2698 1345 2769 e·p1scopost}attia‚ete.‚nbt
1357 2702 1495 2771 sequentia
1509 2702 1671 2773 leguntnrtr
1686 2702 1760 2760 Con-

121 2768 274 2841 adnptivns}
284 2786 345 2827 esse
354 2771 483 2833 creditur,
495 2782 579 2839 qrrnre
592 2784 646 2823 non
658 2770 763 2825 dieatnr
774 2770 915 2840 adoptivas
965 2768 1106 2822 litemnr...
1127 2770 1294 2840 unigenitum
1314 2771 1342 2825 in
1362 2780 1476 2837 natura;
1496 2774 1707 2843 primogenitum
1729 2773 1761 2828 in

121 2837 252 2895 bomtnns
269 2840 350 2897 lesus
366 2842 400 2896 de
413 2840 508 2896 eadem
527 2841 689 2911 generatas?
708 2859 718 2891 a
742 2839 776 2895 Et
793 2840 820 2894 in
839 2838 916 2911 Sym-
964 2838 1253 2911 adoptioneetgratia.
1270 2839 1370 2911 benuo
1382 2840 1576 2913 Apostolussit
1587 2860 1594 2896 ι
1607 2840 1765 2915 namquo

121 2906 184 2963 boin
196 2925 261 2977 sno,
274 2914 345 2982 qtrod
360 2912 475 2966 babetur
491 2910 519 2964 in
538 2909 627 2979 Opere
646 2909 721 2965 lleati
742 2918 769 2965 et
788 2910 913 2965 Etherii:
964 2909 1095 2989 promitit
1118 2919 1143 2963 et
1167 2910 1360 2980 predestinavit
1381 2913 1528 2982 conformes
1552 2911 1612 2982 fieri
1632 2914 1761 2997 imaginis

124 2996 133 3027 ι
152 2978 204 3033 l‘er
214 2981 297 3036 istnm
311 2982 358 3037 liei
376 2980 496 3037 simulet
514 2979 632 3036 hominis
650 2981 745 3046 silitum,
760 2980 915 3050 adoptivum
967 2977 1032 3031 lilii
1045 2977 1114 3047 ejrrs,
1127 2989 1156 3033 et
1170 2981 1203 3034 sit
1213 2980 1267 3051 ipse
1277 2981 1463 3050 primogenitas
1474 2983 1503 3037 tn
1515 2982 1604 3037 meltis
1616 2982 1760 3053 frutribus.

121 3047 300 3117 humanitate,
309 3062 377 3108 etue
396 3066 513 3123 inaquam
522 3050 677 3121 adoptivum
686 3048 828 3106 divinitate
838 3065 916 3105 mun-
965 3047 1077 3103 Fratres
1088 3050 1192 3105 scilieet
1205 3064 1262 3116 eos,
1273 3051 1307 3105 de
1319 3051 1416 3118 nrtibns
1426 3051 1569 3107 Psalmista
1581 3054 1647 3108 dioit
1659 3070 1667 3107 ι
1681 3052 1760 3108 Ner-

121 3119 185 3173 dnrn
197 3122 322 3179 redemit.
342 3143 352 3175 ι
370 3069 448 3178 inm.
461 3120 483 3175 ll
498 3120 621 3176 Leetion.
637 3120 729 3191 datin.
745 3120 853 3176 llenriri
864 3096 952 3175 ila-G
967 3116 1030 3171 reto
1044 3132 1138 3174 nomen
1159 3128 1234 3174 tunm
1249 3120 1375 3189 [ratribus
1395 3124 1469 3177 resin
1489 3122 1564 3178 Unde
1579 3121 1690 3189 iratres,
1704 3123 1762 3179 nisi

121 3190 184 3245 nisii
195 3192 350 3265 oaeerlit.
362 3192 485 3265 Rasnage
498 3191 545 3246 inl.
555 3190 617 3245 tto.
629 3190 730 3245 Eadem
740 3192 845 3245 ratione
854 3204 916 3247 sese
968 3190 1001 3243 de
1015 3187 1072 3243 sola
1095 3190 1186 3245 earnis
1202 3189 1355 3259 adoptione.
1370 3206 1420 3260 per
1442 3191 1515 3262 quod
1536 3192 1636 3249 iratres
1649 3192 1763 3251 ‚benere

121 3262 403 3335 erprirnnntepiseopi
416 3261 551 3332 llispaniee
563 3262 590 3315 in
603 3259 716 3330 epistola
729 3262 763 3315 ad
775 3261 916 3331 episcopos
967 3258 1159 3327 dignatusest,
1173 3260 1208 3339 de
1222 3262 1320 3329 quibus
1342 3260 1460 3331 Spiritus
1477 3270 1587 3319 nannents
1634 3280 1649 3318 r
1672 3263 1762 3320 Dauid

122 3328 226 3395 cittis,
243 3342 310 3400 ete,
326 3335 388 3387 ditm
400 3335 514 3388 iliennt:
533 3348 542 3381 ι
560 3330 785 3387 Prosalnterero
803 3330 915 3385 hnmrml
968 3328 1073 3382 loeutus
1088 3336 1130 3384 est
1142 3348 1148 3382 :
1160 3328 1242 3383 basis
1260 3338 1285 3384 te
1300 3329 1380 3395 Rene,
1401 3331 1472 3388 Rene
1494 3342 1555 3387 tens
1576 3349 1634 3389 neo
1657 3332 1763 3389 letitie

139 3402 229 3455 arteris
252 3404 278 3456 in
300 3404 354 3458 line
372 3402 502 3471 temporis
519 3417 552 3456 eu
571 3400 616 3454 illa
633 3401 728 3455 intima
747 3408 775 3456 et
788 3398 915 3457 ineffabili
966 3398 1199 3468 preconantibus
1215 3401 1277 3454 tuis.
1299 3399 1445 3458 consortes
1458 3402 1517 3471 eius
1529 3412 1602 3469 strat,
1614 3404 1654 3459 de·
1699 3404 1763 3459 ibus

121 3416 211 3524 i‘atris
220 3472 370 3528 substantia
382 3472 532 3543 egrediens,
544 3479 572 3525 et
585 3486 601 3524 a
614 3470 694 3526 Patre
707 3485 762 3525 non
773 3470 914 3537 resedens,
966 3466 1085 3523 loannes
1096 3467 1241 3539 Apostolus
1261 3471 1300 3525 ait
1311 3488 1318 3524 :
1329 3472 1484 3528 Clenriesimi
1498 3489 1567 3527 anne
1587 3473 1639 3543 filii
1695 3474 1763 3529 'stt-

122 3537 201 3608 th'ns
216 3543 308 3597 rnundi
324 3543 416 3597 intima
431 3548 535 3612 peteris,
547 3541 581 3595 ad
594 3540 732 3609 pnhlionm
748 3538 858 3594 humani
872 3554 917 3611 ge·
966 3553 1035 3604 nter,
1047 3546 1072 3594 et
1083 3540 1199 3593 normam
1210 3542 1331 3620 opportuit
1349 3543 1413 3613 quid
1422 3544 1530 3607 snmus,
1543 3558 1602 3597 ιιιιιι
1612 3542 1763 3601 uidebimus

122 3612 197 3663 neris
214 3624 363 3679 apparens,
378 3610 521 3668 invisibilis
538 3608 644 3666 risibile
659 3625 757 3681 enrpns
774 3624 916 3667 assumens
966 3624 1027 3661 rem
1051 3609 1129 3662 aienti
1144 3620 1192 3663 est.
1218 3610 1327 3665 Similes
1340 3612 1433 3681 tuique
1448 3614 1475 3667 in
1489 3614 1580 3668 carnis
1600 3614 1760 3683 adoptione,

122 3674 156 3731 de
173 3678 281 3751 Virgine
294 3682 468 3739 ineffabiliter
480 3697 529 3752 per
547 3681 653 3805 integra
667 3680 805 3753 virginalia
821 3681 916 3739 inatris
967 3692 1020 3732 non
1034 3677 1172 3761 similesei
1186 3679 1375 3737 indivinitate.
1392 3682 1490 3738 llnetio
1499 3697 1565 3739 vero
1578 3684 1624 3738 illa
1679 3684 1762 3761 initus

122 3748 219 3803 errirns
239 3756 386 3809 seeundum
412 3752 585 3808 traditionem
628 3757 734 3817 atrnnt,
754 3750 916 3807 eonlltemnr
967 3749 1103 3813 muethm
1118 3764 1171 3818 qua
1186 3750 1305 3805 maxime
1320 3752 1346 3806 in
1360 3750 1429 3807 Fttio
1443 3752 1647 3809 haimeradum
1681 3766 1761 3809 uma«

120 3832 183 3871 eum
197 3820 298 3876 taenm
312 3840 346 3878 er
361 3824 481 3888 muliere,
497 3823 596 3876 laetam
609 3820 739 3893 sublege,
751 3835 916 3892 nongenere
966 3819 1089 3881 nitatem,
1101 3819 1241 3889 plnsnrram
1255 3822 1283 3875 in
1297 3821 1391 3878 eleetis
1402 3821 1470 3890 eius,
1482 3824 1554 3879 laeta
1565 3831 1607 3879 est
1617 3824 1759 3895 persepti·

121 3902 184 3943 esse
202 3888 285 3945 lilium
306 3893 370 3960 Rei,
391 3896 439 3950 sed
455 3893 614 3963 adoptione,
635 3906 724 3961 neqrre
741 3899 853 3957 natura,
868 3892 916 3949 ssd
966 3888 1079 3943 lormem
1106 3891 1285 3971 spiritualium
1308 3892 1502 3948 charismatum
1526 3894 1659 3964 gratiam,
1682 3892 1760 3951 iliam

120 3960 218 4027 gratia.
237 3962 364 4019 »Eadem
385 3970 497 4020 narrant
516 3963 593 4019 nobis
610 3971 638 4017 et
652 3961 789 4027 historiei,
803 3962 916 4032 quicun-
965 3972 1027 4015 esse
1050 3960 1204 4025 erednnns,
1226 3976 1306 4030 quiam
1328 3962 1412 4018 isaias
1434 3963 1568 4034 loquitur,
1583 3965 1678 4019 dieens
1689 3980 1697 4018 τ
1708 3962 1760 4019 lb-

119 4044 175 4097 qne
189 4030 223 4086 de
237 4031 290 4087 illis
301 4036 467 4105 temporibus
478 4034 657 4104 scripserunt,
669 4048 783 4103 quantum
793 4032 915 4088 testimo-
965 4032 1076 4099 quiescet
1091 4047 1169 4100 snper
1182 4047 1242 4085 enm
1256 4032 1363 4101 spiritns
1380 4031 1496 4099 Domini,
1509 4042 1562 4089 ete.
1583 4034 1761 4105 llanepleni-

122 4099 166 4151 nin
181 4100 215 4156 de
234 4118 264 4157 re
282 4104 389 4161 :tlirmde
403 4107 473 4176 apud
490 4118 585 4159 omrtes
602 4112 675 4159 certa
695 4104 828 4158 adducere
842 4102 916 4157 nolu-
967 4100 1086 4155 tudinem
1097 4102 1233 4157 unctionis
1243 4101 1271 4156 in
1284 4100 1342 4156 solo
1355 4102 1410 4157 lilio
1422 4103 1470 4159 llei
1481 4104 1608 4174 adoptive
1617 4112 1646 4160 et
1655 4106 1760 4175 prinse-

122 4184 199 4232 rnns,
222 4174 304 4228 visin-i
321 4174 376 4243 jain
402 4178 522 4234 tir-enter
540 4174 623 4229 etiam
645 4182 798 4237 ntontenta,
818 4173 916 4242 quibus
965 4169 1058 4241 genito
1082 4186 1143 4226 esse
1163 4172 1313 4236 credimus3
1332 4172 1359 4226 in
1381 4174 1488 4229 ceteris
1508 4189 1574 4229 uero
1598 4174 1702 4230 sanetis
1723 4174 1760 4231 ed

121 4238 192 4293 hane
203 4243 230 4295 in
241 4242 349 4300 Christo
360 4246 469 4301 hontine
478 4244 650 4315 adoptionem
664 4244 784 4300 stabilire
792 4243 915 4314 predicti
965 4255 1120 4295 mensuram
1133 4242 1196 4296 data
1207 4250 1249 4297 est
1258 4240 1411 4310 hrrjumtodi
1424 4244 1520 4315 gratia.
1537 4244 1576 4301 be
1585 4244 1655 4301 Filio
1665 4252 1759 4302 hasen

121 4312 240 4379 episeopt
252 4314 343 4369 conati
357 4318 423 4370 sint.
965 4311 1104 4381 unigenito
1116 4319 1145 4366 et
1161 4312 1220 4367 sine
1233 4312 1377 4383 adoptione
1389 4328 1441 4368 ror
1454 4315 1544 4371 Patris
1555 4316 1683 4385 inquiens
1694 4334 1702 4369 :
1715 4314 1760 4371 Fa

159 4380 249 4438 xvttt.
262 4384 322 4439 lam
334 4400 416 4456 snpra
427 4386 544 4439 (tisianus
556 4382 731 4438 Nestorianos
742 4382 913 4454 adoptionem
965 4390 1039 4435 atero
1052 4391 1113 4435 onte
1125 4381 1264 4451 lucilerum
1275 4384 1352 4451 benni
1365 4393 1400 4445 te,
1415 4394 1469 4440 etc·
1483 4404 1493 4437 r

122 4449 240 4507 hominis
254 4470 269 4508 a
283 4456 374 4509 Verbo
393 4454 523 4525 assumpt
541 4464 741 4524 propugnantes
752 4454 912 4523 primarium
927 4442 952 4501 θ
1000 4450 1058 4505 XX.
1075 4449 1141 4505 Item
1151 4468 1184 4505 es
1197 4451 1324 4522 baptismo
1334 4452 1532 4510 consta-tir
1542 4454 1679 4526 baptismo
1688 4470 1758 4527 ιιιιο-

121 4518 203 4591 hnjns
216 4526 350 4594 opinionis
363 4542 394 4580 ar
412 4533 549 4579 rrrrrentnm
570 4523 597 4576 in
611 4540 644 4577 eo
659 4524 826 4592 reposuisse.
841 4522 913 4593 quod
982 4535 1016 4576 ue
1029 4519 1130 4576 Christi
1142 4531 1330 4592 argumentum
1340 4538 1422 4579 stateo
1441 4525 1539 4580 inlunis
1553 4525 1757 4595 deprompsisse

121 4604 173 4645 nee
196 4592 322 4651 divinitas
337 4612 371 4651 ex
386 4542 512 4668 titi-gine,
530 4610 579 4648 nee
601 4593 754 4647 humanitas
773 4608 807 4647 ex
831 4593 912 4647 Patre
962 4536 1137 4673 gdoptianos,
1151 4591 1177 4646 in
1191 4600 1330 4662 comperto
1346 4602 1403 4658 est;
1422 4540 1575 4664 paterneque
1598 4594 1658 4664 ipse
1678 4594 1755 4651 Wal-

121 4668 224 4717 eetemn
245 4674 374 4736 generata
388 4668 439 4731 sit,
454 4682 485 4719 ae
504 4665 585 4747 proin
599 4664 679 4718 borno
703 4662 748 4717 ille
770 4660 841 4719 tilius
864 4662 912 4717 liei
963 4662 1052 4725 clitus,
1065 4660 1132 4717 alias
1146 4661 1228 4717 Felici
1240 4671 1268 4717 et
1279 4663 1409 4734 Elipandn
1429 4676 1484 4720 tam
1500 4665 1614 4728 amieis,
1626 4664 1759 4737 gmvissi-

122 4732 248 4801 proprios
258 4752 307 4790 seu
317 4739 449 4793 natttralis
460 4736 511 4791 tlirr
525 4742 649 4803 nequeat.
661 4732 696 4787 ht
706 4748 771 4787 rero
782 4734 809 4789 id
817 4734 912 4859 kipsum
964 4747 1038 4785 ratim
1048 4731 1132 4787 luisse
1142 4748 1236 4787 eorum
1249 4733 1283 4788 de
1293 4737 1496 4807 regeneratione
1508 4734 1609 4790 Christi
1621 4748 1756 4791 errorem.

121 4804 293 4867 postmodum
309 4807 398 4863 tacere
420 4806 576 4878 Elipandus,
590 4804 682 4868 Felix,
694 4804 794 4873 aliiqne
842 4804 912 4874 ispa·
964 4800 1033 4857 llist.
1049 4801 1147 4873 hdopt.
1161 4818 1191 4857 ea
1213 4802 1262 4859 ,2.
1282 4814 1349 4865 sect.
1364 4804 1390 4867 t,
1407 4821 1481 4861 num.
1496 4806 1523 4870 8,
1537 4820 1599 4875 pag.
1611 4804 1676 4861 255.
1699 4804 1757 4860 hn-

123 4871 230 4927 niarnm
244 4877 372 4947 episcopi.
390 4897 400 4928 ι
415 4876 491 4945 Quod
506 4876 529 4930 si
545 4875 617 4932 idem
631 4874 796 4945 Redemptor
809 4884 911 4941 noster,
963 4872 1162 4927 diamusuerba
1198 4873 1650 4943 elicis,prouteareierthlcninns
1663 4875 1759 4943 lihn,

123 4941 162 4995 ait
183 4944 254 5014 apud
277 4947 420 5002 hleuinnm
437 4946 527 5009 Felix,
545 4944 572 5001 in
592 4960 674 5001 earne
692 4960 750 5010 stra,
773 4960 854 5015 quam
878 4958 913 4999 ex
963 4958 1039 4996 nurn.
1055 4943 1122 4996 tn·
1142 4942 1171 4997 Si
1193 4944 1255 5013 quis
1277 4944 1348 5000 lintre
1370 4945 1519 5070 spiritalem
1540 4946 1754 5016 generationem,

123 5021 202 5069 utero
217 5016 336 5088 Virginis
354 5019 388 5073 ah
409 5018 467 5088 ipso
481 5015 606 5070 videlieet
627 5024 758 5085 conceptu
782 5014 911 5085 suseepit,
964 5027 1023 5082 qttae
1043 5026 1093 5081 per
1110 5012 1281 5083 adoptionem
1297 5014 1366 5081 tit,a
1392 5016 1488 5073 'bristo
1503 5016 1653 5073 meandum
1668 5016 1758 5071 borni-

123 5083 266 5156 adnptims
276 5088 347 5158 apud
358 5088 466 5142 Patrem
478 5102 531 5139 non
541 5084 649 5150 est,sed
660 5092 777 5139 rerrrset
787 5086 913 5155 proprios
963 5096 1023 5137 nem
1045 5083 1170 5137 abdicare
1184 5082 1249 5143 vult„
1273 5084 1348 5154 prius
1369 5100 1481 5143 neeesae
1494 5094 1545 5151 est,
1560 5094 1589 5139 nt
1606 5086 1681 5140 itlarn
1693 5100 1757 5157 qun

123 5150 218 5220 Filius,
232 5160 297 5227 qnid
321 5168 454 5229 superest,
471 5155 523 5210 nisi
546 5162 576 5209 nt
599 5154 693 5209 eadem
716 5170 781 5211 earo
806 5169 861 5209 nnn
880 5154 913 5211 tle
962 5154 1758 5218 seeundumearnemest,abeninnditusahseindat.Ramsl

124 5237 212 5279 nntssa
235 5229 345 5284 hnmani
370 5228 486 5301 genueris,
503 5240 590 5295 nenne
604 5227 637 5279 de
656 5240 738 5279 earne
761 5226 857 5279 matris
877 5224 912 5281 sit
963 5222 989 5275 in
1003 5222 1064 5283 ista,
1091 5238 1131 5277 uae
1143 5224 1273 5293 spiritalis
1286 5234 1337 5289 est,
1347 5226 1547 5282 nobiscnmnon
1560 5226 1758 5287 eommunicet.

124 5304 215 5349 ereata
230 5298 351 5363 etiamen,
365 5300 411 5355 sed
424 5300 457 5353 de
478 5296 628 5351 substantia
645 5292 735 5349 Patris
749 5297 819 5351 sient
831 5306 858 5350 et
871 5294 913 5350 di·
961 5292 1055 5362 proonl
1070 5238 1152 5349 irrisio
1166 5308 1254 5363 neque
1274 5295 1301 5349 in
1316 5296 1360 5350 illa
1374 5310 1436 5363 pua.
1457 5298 1573 5352 earnalis
1586 5304 1661 5351 est.»
1677 5294 1757 5353 Unde

126 5362 246 5421 sirritatis
269 5368 328 5437 ajin
355 5368 500 5441 generata?
514 5386 523 5418 a
539 5366 600 5421 Lib.
615 5380 635 5420 n
661 5373 757 5420 eontra
779 5366 909 5421 Felicem.
960 5370 989 5415 et
1001 5362 1130 5417 hieninns
1146 5364 1257 5429 ibidem,
1272 5381 1346 5419 num.
1363 5366 1405 5431 ts,
1422 5368 1478 5421 ait:
1492 5384 1503 5418 ι
1519 5366 1584 5423 Post
1598 5368 1658 5423 haee
1669 5366 1758 5421 etiarn

127 5428 203 5488 h'nde
221 5447 301 5505 prout
326 5442 390 5495 otim
418 5446 512 5494 auctor
534 5437 595 5492 libri
620 5442 714 5491 eontra
739 5436 912 5508 Synttsiastas
961 5434 1089 5501 praehens
1103 5433 1176 5487 Felix
1185 5448 1238 5489 nnn
1249 5434 1329 5505 plano
1337 5436 1417 5507 pede,
1425 5438 1758 5507 sedelandieantegreestt

125 5501 241 5568 dixerat.
256 5510 322 5563 duas
335 5510 523 5579 gerreratinnes
536 5510 621 5563 ὓειιιιι
634 5504 751 5561 ternum
765 5522 818 5560 non
833 5506 914 5561 susti·
961 5518 1010 5573 per
1023 5518 1132 5571 catapos
1145 5504 1293 5573 Seriptnrae
1307 5516 1409 5561 sanetae
1431 5506 1531 5575 eurrlt,
1545 5506 1632 5561 stulte
1652 5520 1758 5577 propo-

126 5572 226 5637 nnisse,
241 5576 315 5631 Felix
328 5594 363 5649 qu
400 5596 434 5633 ne
448 5579 577 5649 urgebat,
590 5590 674 5632 unum
688 5576 772 5631 hlium
785 5576 913 5632 duosna·
962 5588 1030 5627 nens
1051 5574 1203 5627 testimonia
1218 5590 1279 5644 qun
1293 5576 1350 5632 suis
1363 5578 1485 5657 partibus
1503 5592 1558 5633 non
1575 5576 1755 5641 mereniunt,

127 5646 252 5701 ruraliter
268 5596 490 5731 patns⁰iianere
519 5662 574 5703 non
596 5660 712 5716 posses
736 5646 817 5701 Certe
839 5646 912 5701 enirn
962 5651 993 5697 ut
1013 5656 1165 5699 sennonem
1179 5642 1288 5700 iecisset
1306 5646 1464 5718 longiorem,
1477 5662 1564 5717 usque
1577 5648 1756 5719 dureperre-

128 5708 221 5783 (t'erba
236 5715 310 5774 ithus
323 5720 396 5791 sinit)
409 5718 481 5774 idem
501 5718 665 5787 Redemptor
678 5722 770 5771 noster
786 5716 814 5771 in
825 5716 912 5773 torma
961 5714 1047 5770 nisset
1063 5712 1098 5768 ad
1110 5712 1268 5772 lardanioas
1281 5716 1378 5785 undas,
1390 5726 1421 5773 ut
1430 5718 1541 5775 Christo
1552 5716 1691 5791 baptizato
1704 5732 1756 5773 no·
