3764 6120
1006 130 1018 161 t

599 262 630 317 tt.
649 261 681 317 F.
698 256 810 316 bbltllll
829 255 895 312 Slill
914 249 1052 310 accolet
1070 245 1213 307 Dl‘lilllill
1230 244 1320 302 ratis
1336 243 1380 300 lV.
1763 234 1817 304 trit

984 371 1010 428 Α
1057 363 1098 416 Art
1108 360 1247 416 Comatam
1262 359 1432 427 Quaesumus,
1446 354 1561 410 Domine
1584 352 1657 409 Deus
1670 359 1774 420 noster,
1788 364 1819 409 ιιι

217 501 391 573 Dimipotens
401 497 562 567 sempiterne
573 494 656 559 Deus,
673 493 778 562 respice
789 489 925 562 propitios
937 487 971 552 ad
1022 457 1196 552 ⁸³⁰r9⁵³f¹⁰¹³
1218 448 1360 548 mistiriffi
1377 460 1438 516 ΨΜ
1456 458 1506 515 ⁹¹⁰
1518 442 1698 544 ‘waimis
1713 450 1819 544 ΜΨ

181 588 496 663 ΨΜΕΜΜΜΉ
514 585 547 640 ὼ
561 583 640 639 nobis
653 582 733 636 fldem
755 588 868 642 mam,
882 574 972 632 chari·
1022 553 1173 595 munimine
1195 535 1345 600 contulisti,
1363 543 1392 588 et
1414 548 1535 605 presens
1565 534 1643 588 nobis
1668 532 1819 587 remedium

182 693 265 739 tatem
280 679 439 751 perfectam,
454 675 632 732 bumilitatem
657 667 907 734 veramconcede,
922 666 974 723 Do·
1022 645 1085 686 ⁰⁸⁵⁹
1099 629 1225 684 s²⁰¹²⁸⁰²
1239 626 1391 729 summm-U
1428 716 1436 770 1

182 775 265 840 mine,
281 782 307 826 ut
324 770 359 825 sit
376 770 404 823 in
415 767 492 823 nobis
510 765 624 835 simplex
639 761 762 828 adactus,
775 759 906 830 patientia
919 756 975 814 lor·
1060 720 1129 776 mm
1143 719 1178 774 “d
1196 718 1335 774 cmm·
1361 717 1427 772 ΜΘ
1438 732 1468 772 ⁰⁸
1495 725 1565 783 1⁰⁰8,
1587 731 1752 786 quesumus,
1767 717 1822 773 Do-

183 865 219 918 ti's
253 860 406 917 obedientia
432 869 622 926 perseverans,
635 894 640 901 .
653 869 706 925 pair
728 860 870 922 perpetua,
898 863 975 904 inens
1025 813 1108 878 mine*
1124 811 1307 914 inffemedffloe
1322 810 1402 864 bem
1416 808 1500 912 ”fria
1515 817 1621 880 semper
1631 810 1746 915 lilssillssr
1760 826 1818 915 fttl'·

183 904 251 1026 ὦ
284 961 388 1008 ,ectum
402 958 430 1004 οἱ
449 949 578 1007 muudum
591 962 648 1011 mr,
667 944 792 999 ,omnm
815 943 897 1007 bom,
912 955 977 995 mn·
1025 917 1092 973 pore
1106 909 1210 1002 pariter
1235 908 1365 1002 enemente
1386 900 1509 1002 purifica,
1525 908 1556 1003 iit
1576 909 1622 954 tua
1642 911 1821 971 inspiratione
1846 992 1850 996 ᾗ

184 995 296 1101 scien'fia'
311 1048 416 1105 men,
432 1037 604 1108 compunctio
614 1035 755 1106 spiritalis,
770 1034 856 1087 vinus
867 1031 976 1096 animm,
1027 999 1181 1062 compuncti
1192 1005 1288 1044 noxias
1302 989 1495 1045 delectationes
1505 999 1593 1046 vitare
1612 992 1739 1059 raleant;
1755 1003 1783 1049 et
1793 1005 1822 1049 ut

184 1135 241 1188 rita
256 1129 438 1192 immaculata,
454 1127 652 1184 consommatio
679 1121 932 1194 irreprehensibilis,
948 1129 977 1174 ut
1026 1094 1123 1133 emm
1146 1093 1200 1133 ⁰⁰¹¹
1215 1093 1355 1148 ⁰³p¹³¹¹¹¹¹f
1378 1077 1520 1145 ¹¹¹⁶⁰⁸bf¹⁵t
1537 1088 1583 1134 ¹¹¹³
1603 1090 1705 1152 lussloes
1729 1098 1822 1153 lasci·

185 1224 300 1297 ririliter
323 1228 474 1282 currentes,
489 1218 517 1272 in
531 1225 608 1271 tuom
622 1214 739 1272 feliciter
764 1227 917 1268 mercamur
933 1211 973 1265 in·
1028 1184 1090 1224 Μ
1101 1167 1252 1223 duloedme‘
1268 1167 1329 1221 Per·

186 1316 270 1371 troiae
287 1327 409 1382 regnum.
430 1310 493 1364 Per.

225 1406 343 1461 Secreta.
360 1403 464 1459 oblatis
478 1403 538 1466 tibi,
552 1400 675 1465 Domine,
691 1398 865 1454 libaminibus
878 1394 980 1452 saciia-
1064 1392 1178 1447 Domine
1202 1392 1273 1448 Deus
1296 1401 1399 1460 noster,
1423 1409 1521 1463 magne
1540 1405 1568 1450 et
1580 1397 1761 1471 omnipotens,
1776 1401 1823 1468 qui

187 1496 302 1560 ciorum,
318 1494 422 1563 respice
437 1491 597 1547 humilitatis
615 1498 716 1544 nostrae
728 1481 937 1551 contessionem,
950 1494 979 1539 ιιι
1029 1500 1113 1540 sanas
1124 1485 1255 1562 contritos
1266 1486 1615 1557 cordc,corumquealligas
1633 1489 1823 1556 contritiones,

187 1583 246 1638 baec
257 1583 349 1639 oblata
367 1579 528 1645 sanctifices,
539 1594 600 1648 quae
615 1580 663 1632 tibi
676 1578 815 1633 oberimus
826 1592 875 1647 pro
889 1576 981 1630 remis·
1031 1583 1077 1629 tua
1094 1578 1218 1645 repletas
1232 1576 1421 1632 nobiselliciat
1435 1578 1604 1648 placabilem,
1620 1594 1688 1650 qnos
1705 1583 1825 1636 conditio

190 1674 266 1728 done
279 1681 453 1743 peccatorum
466 1678 632 1733 nostrorum,
658 1668 699 1722 vel
712 1667 900 1722 defunctorum
924 1663 980 1718 lra-
1032 1662 1184 1734 fragilitatis
1212 1666 1337 1719 liumame
1363 1667 1503 1720 constituit
1517 1667 1543 1721 iii
1565 1682 1692 1722 moerore.
1708 1669 1824 1735 siaul,

181 271 235 327 tra

397 356 480 439 area
497 380 580 436 runca
594 376 745 449 ‚immam

1190 1275 1257 1332 Item
1277 1279 1357 1334 mista
1380 1281 1464 1334 sancti
1481 1279 1632 1351 departiri.

188 1774 261 1820 trum
277 1765 381 1834 requie,
395 1771 423 1819 et
437 1771 467 1817 ut
482 1762 644 1816 sumentium
669 1761 821 1814 ariditatem
837 1768 889 1812 tuae
899 1757 981 1811 bene·
1034 1754 1157 1820 Domine,
1184 1770 1279 1825 preces
1303 1765 1422 1820 nostras,
1449 1765 1477 1811 ct
1490 1757 1545 1811 itini
1559 1766 1597 1814 tte
1620 1759 1699 1813 nuliis
1713 1768 1826 1813 cuncus

188 1854 314 1910 dictionis
328 1854 438 1907 ubertas
450 1860 590 1906 sustentet.
613 1849 665 1904 Per
679 1849 831 1903 Dominum.
1033 1847 1206 1902 offensiones.
1233 1846 1328 1901 llanus
1344 1857 1395 1901 tue
1421 1847 1578 1903 lortitiidine
1591 1865 1607 1903 a
1618 1851 1725 1906 conctis
1738 1865 1827 1921 angu-

226 1940 422 1997 P⁰⁸⁸⁶⁰mm¹¹lb
439 1940 522 2005 ⁰2⁰⁸,
547 1938 619 2008 apud
644 1936 723 2007 quem
746 1946 788 1992 est
799 1935 983 1991 misericordia
1034 1939 1095 1993 stiis
1108 1938 1264 2003 liberemur,
1278 1948 1309 1991 ut
1323 1954 1384 1992 cuin
1400 1939 1453 1993 tuis
1480 1941 1581 1996 sanctis
1592 1941 1637 1995 liic
1656 1949 1685 1995 et
1708 1942 1735 1996 in
1747 1951 1829 1996 aeter-

188 2035 307 2104 copiosa,
323 2032 424 2087 efficiat
438 2045 487 2085 iios
500 2030 551 2084 sibi
564 2045 628 2084 rasa
655 2028 843 2092 mundissime,
857 2036 885 2082 et
898 2027 981 2097 spiri·
1035 2045 1099 2083 num
1109 2027 1240 2082 letemur.
1254 2028 1307 2082 Per
1321 2028 1463 2084 Dominum
1477 2039 1607 2085 nostrum,

185 2127 290 2182 ⁴talibus
318 2125 423 2180 deliciis
451 2123 555 2178 reliciat
586 2121 771 2177 infirmitatem
799 2128 929 2183 nostram,
954 2127 985 2172 ut
1071 2118 1185 2174 Secreta.
1212 2120 1287 2175 llanc
1315 2136 1421 2192 quoque
1446 2122 1618 2187 oblationem,
1648 2124 1771 2190 Domine,
1789 2125 1830 2180 ili-

190 2217 273 2272 oerda
286 2224 378 2271 ”⁰⁵³³
390 2229 453 2269 ⁰⁰¹⁰
479 2227 587 2283 semper
599 2212 721 2268 ‘summ
746 2220 828 2280 ἨΜ
840 2209 944 2274 “maur
958 2218 986 2263 0²
1035 2225 1129 2283 gnare,
1143 2227 1308 2280 quaesumus,
1326 2213 1538 2268 misericorditer
1560 2215 1721 2270 benedicere
1732 2226 1763 2271 et
1774 2217 1831 2272 cle·

190 2316 252 2363 rota
267 2315 367 2361 nostre
392 2304 552 2360 humilitatis
570 2303 696 2359 clament.
713 2301 765 2357 Per
778 2300 923 2355 Domimm
937 2315 986 2354 no-
1037 2309 1141 2356 menter
1160 2300 1341 2363 sanctificare,
1366 2316 1447 2370 quam
1463 2302 1510 2356 tibi
1534 2303 1681 2358 obtulimus
1690 2319 1740 2374 pro
1753 2304 1830 2360 rico-

190 2405 277 2453 ’ΨΜ
291 2395 384 2451 'esum
397 2392 546 2449 Chfismffl·
1038 2410 1098 2451 rimi
1109 2393 1196 2448 salute
1217 2402 1245 2447 et
1259 2401 1428 2448 mortuarum
1452 2394 1561 2464 reqirie;
1575 2403 1602 2448 m
1618 2403 1663 2449 rua
1675 2395 1832 2451 sancitam.

483 2530 597 2587 quffl·
613 2529 657 2585 vn
1038 2484 1075 2538 tio
1090 2484 1125 2537 sit
1138 2483 1211 2538 salus
1226 2492 1255 2536 et
1264 2482 1385 2537 delensio
1398 2484 1559 2538 animarum.
1573 2484 1626 2538 Per
1634 2484 1791 2540 Dominum.

1075 2572 1211 2641 Proelaiio.
1239 2570 1352 2641 Dignum
1366 2581 1393 2626 et
1403 2573 1506 2641 justum
1521 2582 1573 2638 est,
1589 2590 1681 2644 arqiie,
1694 2589 1744 2644 per
1754 2573 1833 2629 Chri-

352 2637 465 2694 s⁰⁶ba⁸⁰
480 2638 560 2692 ’'⁸⁵⁸⁸‘'
575 2637 606 2691 αι
620 2646 710 2691 “ma‘'
726 2635 824 2689 um·
1039 2670 1111 2716 stum
1125 2660 1268 2714 Dominum
1282 2669 1414 2714 nostrum.
1431 2661 1482 2716 Per
1497 2661 1584 2732 ipsum
1606 2669 1642 2726 te,
1657 2663 1833 2732 omnipotens

234 2747 356 2803 Concede
368 2748 446 2807 nobis
466 2745 573 2801 famulis
599 2745 663 2811 tuis,
692 2760 854 2813 quesumus,
875 2743 989 2828 Domine
1039 2749 1111 2803 Deus
1125 2749 1215 2815 Pater,
1229 2750 1365 2819 supplices
1385 2765 1540 2815 exoramus,
1557 2752 1646 2806 utboc
1665 2751 1835 2808 sacrillciurii

193 2839 275 2903 Deus,
290 2847 422 2909 perpetua
434 2837 532 2892 mentis
547 2845 575 2891 et
600 2837 722 2906 eorporis
735 2835 916 2905 prosperitate
927 2849 990 2906 qau-
1041 2848 1164 2909 acceptes
1176 2841 1248 2910 qood
1276 2841 1323 2896 tibi
1338 2840 1485 2907 oderimus,
1508 2851 1536 2897 et
1550 2842 1629 2897 nobis
1654 2841 1766 2898 famulis
1779 2843 1835 2899 tuis

194 2933 269 2998 dere,
284 2942 313 2987 et
333 2931 450 3002 gloriosa
475 2931 561 2985 beate
582 2927 673 2982 llariae
701 2940 809 2996 semper
828 2925 940 2996 virginis
952 2925 992 2979 iit·
1040 2932 1150 3002 pietatis
1164 2942 1214 2986 tuae
1225 2932 1348 2987 solatium
1364 2934 1496 2988 concedas
1520 2935 1661 3004 propitius.
1677 2933 1767 2989 'laum
1780 2943 1835 3001 est,

193 3021 390 3078 teroessionea
412 3019 540 3090 presenti
566 3018 676 3072 liberari
699 3016 822 3080 tristitia,
846 3024 875 3070 ct
898 3015 989 3071 littura
1002 3055 1028 3124 c
1043 3018 1168 3085 Domine,
1189 3035 1286 3075 sanare
1301 3022 1432 3076 contritos
1443 3020 1535 3087 corde,
1552 3031 1626 3078 tuum
1641 3032 1684 3080 est
1696 3023 1836 3080 consolari

193 3112 296 3183 perlroi
306 3110 408 3165 laetitia.
422 3109 475 3164 l‘er
491 3109 637 3165 Dominum
647 3115 780 3162 nostrum.
813 3113 818 3122 '

231 3200 319 3255 Lectio
343 3199 402 3253 titii
419 3198 570 3269 Sapientior.
596 3197 637 3252 ab
661 3197 738 3252 initio
757 3204 861 3252 etante
885 3196 984 3251 saecula

194 3297 287 3344 creata
300 3304 371 3352 sum,
386 3296 414 3341 et
427 3302 513 3357 usque
523 3288 560 3341 int

231 3376 371 3449 Sequentia
389 3377 474 3430 sancti
499 3374 636 3445 Eneapeiii
663 3376 807 3430 recondam
831 3374 941 3429 Larem.
956 3373 986 3427 ln

197 3468 243 3523 illo
256 3476 386 3535 tempore,
402 3465 516 3519 intravit
527 3462 606 3519 lesus
622 3465 649 3518 iii
673 3465 809 3534 quoddam
833 3463 985 3521 castellum.

196 3564 224 3611 et
238 3554 344 3610 mulier.

233 3642 349 3698 Secreto.
363 3640 432 3707 Tua,
446 3640 569 3704 Domine,
583 3639 785 3710 propitiatione,
796 3651 824 3696 et
839 3640 923 3696 beatae
936 3639 988 3693 lla·

198 3735 244 3790 riae
258 3747 365 3803 semper
378 3731 490 3803 virginis
504 3730 707 3795 intercessione,
722 3731 756 3785 ad
775 3738 934 3800 perpetuam
947 3739 988 3784 at·

106 3848 110 3853 ·
197 3843 250 3898 qiie
262 3833 425 3898 praesentem
445 3824 502 3878 bec
523 3822 625 3878 oblatio
645 3823 723 3878 nobis
742 3823 867 3894 proliciat
880 3837 988 3895 prospe·

198 3918 316 3972 ritatem.
332 3915 385 3970 l‘er
396 3915 541 3969 Dominum
556 3922 689 3968 nostrum.

237 4007 433 4063 Porteomman.
464 4006 595 4076 Sumptis,
629 4005 750 4070 Domine,
780 4004 875 4061 salutis
890 4015 990 4060 nostre

198 4097 336 4162 subsidiis,
359 4097 403 4162 da,
431 4111 596 4167 quesumus,
618 4095 676 4163 ejiis
688 4097 845 4167 patrociniis
869 4112 918 4153 iios
932 4097 991 4151 ubi-

199 4205 251 4258 que
263 4189 376 4258 protegi,
391 4188 418 4242 in
433 4187 511 4255 eujus
525 4188 699 4244 veneratione
713 4189 770 4244 baec
780 4197 831 4244 tuac
845 4188 991 4243 obtulimus

103 4302 112 4313 ¹
201 4276 348 4345 majestati.
365 4275 425 4330 Per.

237 4368 289 4441 14
307 4368 393 4439 Super
406 4367 539 4438 papulam.
567 4367 742 4438 Omnipotens
766 4369 847 4434 Deris,
877 4369 1033 4453 lamuloan

201 4473 262 4519 tuos
273 4464 385 4518 dextera
401 4462 529 4533 potentiae
544 4471 595 4518 tua·
608 4479 623 4516 a
638 4464 743 4519 eunctis
757 4472 868 4534 protege
890 4465 995 4534 pericu-

129 4568 133 4573 ·
201 4553 244 4619 lis,
257 4562 285 4610 et
296 4555 376 4609 beata
390 4553 473 4608 llaria
488 4568 595 4624 semper
616 4553 719 4623 virgine
741 4553 937 4619 intercedente,
953 4554 996 4610 lac

202 4657 252 4699 nos
264 4643 391 4713 praesenti
406 4643 523 4715 gaudere
535 4642 717 4714 prosperitate
732 4649 760 4697 et
770 4650 882 4697 aetcrna.
898 4641 959 4696 Per.

251 4753 320 4808 ltem
332 4756 413 4810 missa
429 4756 456 4809 ia
473 4755 718 4809 commemoratione
730 4763 828 4809 rarrctoe
843 4753 945 4808 liarite.

240 4863 412 4918 Famulorom
427 4871 547 4930 tuorum,
571 4880 735 4934 quaesumus,
755 4862 862 4919 delictis
876 4864 995 4934 ignosce,

204 4957 288 5025 etqui
302 4955 409 5024 placere
423 4955 456 5010 de
471 4955 576 5009 actibus
591 4956 692 5010 nostris
707 4971 761 5009 non
776 4954 907 5018 valemus,
922 4953 997 5024 qeni-

206 5047 282 5102 tricis
297 5045 355 5100 Filii
371 5046 409 5100 tui
432 5045 538 5099 Domini
559 5047 644 5099 nostri
666 5043 731 5100 lesu
752 5044 852 5099 Christi
870 5045 998 5098 interces-

206 5139 368 5208 triolte,qtlae
390 5136 439 5190 tibi
471 5143 536 5189 sunt
560 5134 659 5204 placita
687 5150 794 5205 semper
824 5134 996 5199 meditantes,

208 5227 402 5282 miindoeorde
421 5225 522 5295 jugiter
535 5222 653 5277 etdictis
672 5237 852 5293 exsequamur
862 5230 891 5276 et
910 5221 996 5275 lactis.

244 5317 358 5373 Secreta
371 5317 558 5374 oblationibus
572 5315 682 5379 nostris,
694 5330 858 5384 quaesumus,
874 5314 997 5378 Domine,

209 5409 389 5478 precibusque
420 5407 562 5478 susceptis,
594 5406 777 5461 intercedente
805 5406 886 5460 beata
916 5403 999 5457 blaria

208 5510 316 5564 semper
329 5497 443 5564 virgine,
454 5506 566 5566 peccata
587 5509 681 5551 nostra
696 5496 870 5558 mundentur,
885 5493 958 5547 etad
974 5476 1006 5546 te¹

133 5620 140 5629 ,
210 5594 318 5641 nostras
328 5589 412 5642 etiarn
426 5590 540 5644 rebelles
550 5590 681 5659 compelle
692 5588 825 5658 propitius
834 5586 998 5650 voluntates,

212 5675 348 5746 ribiitiqoc
358 5678 435 5736 noliis
449 5677 548 5748 largire
560 5687 698 5733 eternam.
717 5678 775 5732 tter.

1041 3121 1198 3167 maerentes.
1214 3112 1324 3167 Placeat
1343 3112 1400 3181 jam
1418 3123 1469 3168 turc
1483 3114 1587 3184 pietati,
1603 3115 1709 3186 eripere
1723 3113 1838 3186 oppres

1041 3217 1096 3267 sos,
1112 3218 1241 3257 revocare
1263 3205 1393 3273 captivos,
1409 3205 1546 3259 letificare
1572 3206 1599 3261 in
1622 3206 1759 3276 angustiis
1772 3222 1838 3262 coii-

1041 3295 1158 3349 stitatos.
1174 3294 1226 3349 l‘er
1241 3295 1327 3365 ipsuni
1348 3304 1374 3350 tc
1388 3299 1508 3360 oramus,
1531 3313 1636 3352 summe
1651 3297 1743 3363 Pater,
1753 3313 1836 3369 querit

1041 3395 1130 3441 tecum
1141 3396 1170 3442 et
1179 3403 1240 3441 runi
1252 3396 1348 3442 sancto
1361 3388 1461 3459 Spiritu
1476 3390 1629 3445 collaudant
1655 3390 1778 3446 caelestia
1790 3407 1841 3462 pa·

1041 3478 1108 3531 riter
1120 3493 1152 3532 ac
1168 3485 1287 3543 terrena,
1303 3488 1331 3533 et
1348 3480 1419 3535 liiinc
1433 3482 1561 3556 hymnum
1582 3480 1653 3536 dulci
1667 3481 1831 3538 modulatio·

1042 3583 1077 3624 iic
1099 3568 1276 3638 proclamant,
1302 3571 1443 3625 dicentes:
1467 3570 1594 3635 Sanctus,
1615 3569 1745 3637 Sanctus,
1767 3568 1837 3626 San-

1042 3668 1112 3724 ctas,
1126 3659 1239 3714 Domine
1247 3660 1317 3715 Deus
1328 3659 1456 3716 Sabaoth.

1079 3748 1273 3806 postcommun.
1300 3752 1477 3822 Omnipotens
1491 3752 1573 3815 Deos,
1598 3752 1733 3823 propitius
1747 3752 1837 3808 cordis

1043 3842 1129 3896 nostri
1142 3841 1273 3911 adspiciat
1297 3843 1421 3912 gemitus,
1440 3852 1468 3897 et
1480 3843 1655 3913 petitionibus
1670 3843 1772 3898 nostris
1782 3857 1838 3898 sure

1042 3934 1150 4002 pietatis
1163 3948 1255 3987 aurem
1267 3933 1386 3998 inclinet,
1403 3940 1484 4003 atque
1496 3933 1531 3987 ab
1543 3934 1616 3987 omni
1632 3932 1762 3988 defensos
1770 3946 1838 3986 inoe-

1044 4039 1105 4078 rore
1130 4039 1179 4078 iios
1204 4021 1342 4087 laetificet,
1359 4032 1478 4078 mentem
1506 4033 1627 4079 nostram
1651 4023 1839 4079 miserationis

1044 4128 1100 4169 suae
1114 4112 1234 4168 subsidio
1256 4113 1372 4176 muniat,
1385 4123 1412 4168 et
1433 4115 1552 4169 remella
1564 4115 1654 4184 gan-lii
1666 4113 1838 4182 sempiterna

1046 4205 1123 4262 nobis
1137 4203 1286 4258 clementer
1304 4205 1441 4260 attribuat.
1470 4189 1522 4259 Per
1541 4205 1687 4261 Dominum
1715 4213 1839 4260 nostrum

1047 4292 1141 4348 lesum
1152 4294 1301 4349 Christum.

1331 4383 1444 4440 CAPUT
1459 4384 1524 4440 Vlll.

1185 4472 1267 4528 llirra
1279 4475 1307 4528 ia
1321 4477 1452 4530 ceratinae
1467 4477 1544 4530 uniar
1562 4475 1691 4546 Apostoli.

1076 4583 1339 4654 Deus,quilldelium
1346 4584 1844 4655 mentesanioselficisvoluntatis,ia-

1047 4675 1212 4730 tercessione
1239 4674 1311 4730 beati
1336 4677 1451 4747 apostoli
1479 4677 1527 4742 tui,
1554 4679 1587 4732 da
1603 4678 1681 4733 nobis
1695 4678 1723 4734 id
1746 4692 1842 4735 antara

990 4813 991 4816 ,
1046 4765 1118 4835 quod
1130 4766 1264 4836 precipis,
1281 4766 1307 4819 id
1328 4765 1482 4820 desiderare
1496 4768 1567 4837 quod
1593 4769 1741 4838 promittis,
1755 4777 1787 4824 ut
1800 4770 1842 4825 iri·

1048 4868 1088 4912 ter
1102 4859 1254 4913 mundarias
1276 4859 1423 4914 varietates
1438 4860 1474 4914 ibi
1490 4871 1582 4916 nostra
1597 4863 1654 4917 sirit
1668 4861 1723 4916 llia
1744 4862 1839 4927 corita,

1047 4952 1091 5006 irbi
1105 4967 1170 5007 vera
1185 4959 1250 5006 sunt
1261 4953 1366 5022 gaudia.
1385 4952 1435 5007 Per
1445 4953 1598 5007 Dominum.

1083 5042 1170 5096 Lectio
1189 5041 1315 5112 Epistola
1336 5041 1403 5096 beati
1422 5041 1501 5096 Pauli
1513 5042 1634 5114 apostoli,
1650 5043 1684 5097 ad
1698 5043 1841 5115 Epirotica.

1048 5132 1167 5199 Fratres
1180 5131 1237 5200 jam
1252 5149 1306 5187 non
1319 5135 1386 5188 estis
1397 5135 1516 5205 liospites
1527 5145 1554 5190 et
1566 5130 1691 5198 advene,
1703 5136 1752 5190 sed
1775 5138 1843 5193 estis
1856 5127 1859 5131 ⁸

1048 5226 1121 5279 eires
1135 5233 1303 5289 sanctorum,
1315 5234 1343 5279 et
1353 5225 1493 5280 domestici
1506 5225 1563 5280 Dei.

1083 5313 1224 5386 Sequentia
1239 5315 1323 5367 saneti
1345 5312 1482 5385 annqelii
1502 5316 1643 5370 recaredum
1655 5315 1797 5370 loannem.
1813 5316 1843 5371 ln

1049 5404 1095 5458 illo
1111 5412 1241 5472 tempore,
1269 5403 1337 5458 dixit
1352 5403 1444 5459 Simon
1472 5405 1569 5460 Petrus
1583 5408 1617 5461 ad
1630 5403 1724 5460 lesum
1743 5424 1749 5459 :
1771 5405 1843 5461 Ecce

1050 5508 1099 5547 nos
1110 5494 1267 5562 reliquimus
1279 5495 1381 5559 omnia,
1393 5504 1421 5549 et
1434 5496 1518 5550 secuti
1530 5510 1623 5550 sumus
1637 5504 1673 5551 te.

1088 5581 1139 5651 15
1155 5582 1271 5637 Secreta.
1287 5583 1336 5638 llis
1349 5586 1437 5650 nobis,
1452 5585 1574 5661 Domine,
1584 5586 1721 5656 mysteriis
1736 5584 1841 5657 suppli-

1051 5674 1158 5728 catione
1182 5674 1254 5728 beati
1276 5676 1390 5746 apostoli
1411 5678 1448 5733 tiii
1472 5676 1645 5741 conferatur,
1661 5691 1716 5738 nuo
1733 5686 1841 5732 terrena
