3780 6120
109 305 144 360 65
471 295 679 355 bodbnncn.
698 327 734 338 -··
751 295 814 352 llll.
836 294 879 350 DE
899 292 1133 351 Pnuebssieitn
1147 290 1176 347 S.
1197 288 1362 346 solutius
1694 290 1728 349 dd

106 425 148 470 esa
159 413 236 486 regni
246 413 419 483 gubemator,
431 420 491 464 rota
500 409 642 480 persolvit;
655 409 801 465 immensas
814 407 895 462 etiam
911 405 1026 472 APntre
1037 403 1158 473 Filioque
1171 403 1338 468 rulrstantiae,
1360 403 1432 472 quod
1454 404 1485 460 ab
1499 405 1620 477 utrisque
1635 423 1728 478 proce·

106 504 133 559 ni
144 502 251 574 agendo
261 501 364 573 gratias
375 513 425 572 pro
438 514 471 553 eo
483 499 555 569 quod
563 499 591 553 in
604 496 748 551 universali
764 495 894 562 Ecclesia,
945 495 987 549 dit
999 504 1027 550 et
1036 494 1160 550 mittitur.

108 611 168 666 quae
184 592 475 651 subexcelieutissimo
486 589 677 646 dominationis
696 595 793 643 restra
810 586 896 658 impe-
981 583 1178 658 mitratus
1202 597 1275 639 eorm
1297 585 1460 657 evangelista
1489 585 1575 643 Lucas
1597 587 1727 660 Spiritum
1774 595 1777 598 ’

109 687 149 741 rio
170 691 358 749 conversatur,
374 680 509 737 universis
532 680 579 735 liei
593 678 743 735 cultoribus
766 676 898 746 tranquil·
946 684 1069 730 sanctum
1092 675 1127 730 ab
1149 675 1287 747 unigenito
1312 676 1359 731 liei
1385 676 1465 741 Filio,
1484 679 1529 747 qui
1547 689 1591 735 est
1617 682 1730 736 rerbunr

108 779 212 834 pissima
223 790 276 848 pon
289 783 331 830 oss
340 782 369 830 ot
381 773 467 844 quies.
483 769 542 826 lion
559 769 644 826 solum
658 769 730 824 enlm
745 768 779 823 ab
797 767 897 837 impetu
946 764 1045 831 Patris,
1059 765 1204 832 procedere
1219 767 1244 819 in
1257 779 1302 820 ιιι
1311 766 1428 835 capitulo
1440 765 1543 840 [llere
1559 786 1619 840 cap.
1633 787 1670 835 rr,
1684 771 1730 845 ie]

107 867 248 939 gentilium
259 871 288 920 et
299 863 419 919 munium
431 857 578 916 Christiani
587 858 705 914 nominis
714 857 896 923 inimicorum,
945 855 1081 928 Evangelii
1095 858 1136 912 sul
1147 844 1363 914 nsumrdioer‘n
1378 875 1385 911 :
1403 856 1494 914 Omnis
1507 862 1583 916 torio
1596 863 1731 933 proretas

107 975 177 1031 qnos
192 957 299 1012 iouente
316 953 430 1009 Domino
441 959 530 1008 restra
547 949 699 1006 sublimitas
719 957 793 1004 tenet
815 956 898 1019 atque
945 965 1004 1003 eam
1017 960 1132 1021 tongere,
1154 953 1216 1022 quin
1229 954 1309 1007 oirtnr
1321 953 1353 1007 de
1370 953 1416 1007 ilio
1435 954 1522 1014 exitu
1537 955 1611 1020 ills,
1629 957 1732 1012 saleim

106 1049 265 1123 prosternit,
281 1054 343 1103 sunt
355 1045 482 1116 protecti,
504 1045 552 1099 sed
573 1057 623 1113 per
645 1041 728 1098 nestri
749 1041 855 1110 imperii
869 1048 898 1095 et
946 1039 1072 1112 aepiusi,
1087 1051 1111 1096 et
1124 1042 1234 1096 sanator
1248 1059 1345 1097 omnes.
1362 1042 1492 1117 Spiritum
1511 1044 1593 1117 igitur
1605 1056 1732 1103 sanctum

107 1142 248 1216 sapientiae
260 1137 460 1217 excellentiam,
472 1133 595 1191 adductis
619 1133 654 1189 ab
667 1132 800 1188 idolorum
823 1130 897 1186 cultu
947 1146 963 1183 a
976 1131 1045 1185 Filio
1058 1133 1203 1203 procedere
1220 1134 1246 1188 in
1261 1133 1313 1188 boc
1325 1134 1446 1190 declarat
1458 1136 1576 1207 capitulo
1595 1136 1708 1194 dicendo
1721 1157 1730 1193 :

108 1229 352 1289 innumerabilibus
372 1225 487 1300 populis,
502 1224 536 1281 ad
563 1222 626 1278 ildei
650 1221 791 1277 catholice
815 1228 843 1276 et
862 1221 898 1276 ad
946 1221 1008 1291 puin
1020 1221 1100 1275 rinus
1118 1221 1150 1276 de
1164 1221 1210 1276 illo
1231 1221 1334 1288 erilem
1353 1222 1470 1295 Spiritus
1482 1225 1553 1280 enirn
1569 1235 1678 1282 sauctus
1691 1237 1733 1283 cst

107 1324 190 1380 ,gigni
205 1321 293 1376 enlm,
312 1317 479 1389 agnitionem
489 1313 609 1384 quotidie
623 1312 649 1367 in
663 1311 772 1368 Christo
786 1309 898 1366 creden-
947 1309 1005 1379 ipsa
1016 1310 1111 1375 virtus,
1122 1325 1182 1380 qua
1194 1311 1228 1366 de
1240 1311 1287 1365 liei
1300 1311 1368 1368 Filio
1378 1313 1406 1368 iu
1416 1314 1468 1370 boc
1478 1316 1595 1385 capitulo
1608 1317 1732 1374 exiredl-

108 1416 175 1472 gum
187 1418 353 1486 propagant
369 1421 508 1471 numerus,
523 1415 552 1463 et
564 1405 661 1460 domus
674 1404 722 1459 liei
741 1403 768 1457 in
791 1401 898 1458 cunctis
946 1398 1026 1464 citur,
1037 1398 1109 1453 sicut
1119 1405 1176 1454 tam
1187 1399 1282 1454 beatm
1293 1399 1459 1470 Augustinus
1473 1404 1500 1458 in
1510 1419 1544 1458 ιι
1556 1405 1589 1459 de
1599 1404 1733 1461 Trinitate

109 1507 183 1576 regni
197 1504 280 1560 vestri
296 1499 419 1557 terminis
440 1498 532 1554 divino
549 1497 633 1553 cultui
646 1505 675 1551 et
688 1494 774 1551 sacris
787 1508 836 1565 pro
849 1507 897 1548 ro-
947 1486 1016 1543 libro
1027 1487 1159 1549 adirmat.
1172 1488 1249 1559 cujus
1264 1489 1347 1544 ctiam
1362 1491 1389 1545 in
1402 1493 1627 1564 subsequentibus
1640 1495 1732 1552 dcer-

110 1597 152 1652 bis
176 1593 345 1650 orationibus
359 1589 474 1663 implens
487 1602 587 1645 vacans
600 1586 718 1643 exsultat
737 1603 743 1640 :
762 1584 898 1641 cernendo
947 1579 1079 1648 positione
1092 1579 1170 1635 istius
1183 1580 1294 1652 capituli
1307 1582 1388 1637 rerba
1400 1583 1496 1640 dicturi
1508 1599 1612 1642 sumus.

111 1687 194 1740 emm
216 1699 263 1755 W
276 1690 374 1738 vem
387 1677 590 1753 gubmgong,
610 1675 805 1748 pmgggnggm
820 1671 898 1729 cnsp.
983 1668 1098 1725 Sanctm
1111 1684 1217 1742 quoque
1229 1668 1347 1727 loannes
1357 1673 1520 1745 evangelista
1535 1675 1563 1729 in
1577 1674 1630 1731 dne
1643 1677 1736 1742 Eran-¹

112 1777 259 1830 stianomm
283 1772 390 1827 turbam
414 1769 546 1824 immensa
569 1765 689 1837 qnotidie
708 1765 828 1835 recipere
850 1779 897 1818 2¹1·
912 1752 1009 1832 'Selii
1023 1760 1075 1825 ⁸¹¹5·
1090 1759 1181 1825 idest,
1199 1775 1277 1815 cmi
1289 1761 1406 1831 θψῑῑῑῑῐθ
1420 1759 1523 1834 [Nene‚
1542 1779 1586 1831 ¹¹·
1597 1765 1629 1820 Ἠ
1644 1767 1732 1841 “ii-l

111 1873 405 1938 manippum
417 1859 604 1916 hereticorum
622 1857 746 1929 dogmata
759 1871 821 1910 curs
834 1869 897 1924 per·
946 1851 1041 1918 relert,
1063 1851 1204 1907 boninum
1227 1861 1350 1907 nostrum
1368 1851 1460 1908 lesum
1479 1853 1616 1911 Christum
1636 1872 1669 1913 eo
1688 1859 1732 1915 ilie

111 1959 172 2013 ddis
185 1972 280 2012 eornm
296 1951 452 2011 ardoribus
466 1965 527 2006 esse
540 1946 792 2014 damnata,(2bristo
805 1947 897 2011 ctiam,
947 1959 1001 2014 quo
1015 1950 1210 2014 resurrexerat,
1228 1943 1255 1998 id
1277 1953 1329 2011 est,
1349 1944 1392 2000 die
1412 1945 1552 2001 [lominica
1562 1947 1664 2004 clausis
1687 1948 1733 2020 ja-

108 2051 156 2119 qu,
181 2047 265 2104 ,esui
279 2054 322 2105 ,gg
345 2044 436 2102 onnon
461 2055 617 2114 poscerem,
643 2055 694 2113 per
706 2055 755 2095 ros
779 2038 899 2110 deipsis
947 2034 1010 2090 auis
1022 2035 1056 2089 ad
1069 2049 1133 2090 suos
1155 2035 1281 2091 introisse
1303 2035 1448 2106 apostolos,
1469 2045 1496 2093 et
1515 2037 1616 2094 dixisse
1634 2039 1676 2096 eis
1690 2056 1731 2097 se·

109 2139 309 2210 triumphante;
325 2135 425 2207 quique
444 2133 526 2188 etiam
552 2133 736 2189 intercetera
761 2128 899 2199 gloriosis·
948 2122 1036 2178 cundo
1060 2141 1067 2177 ε
1093 2121 1154 2178 Poe
1173 2124 1252 2189 solis,
1278 2134 1306 2179 et
1329 2124 1479 2181 intrdisse:
1508 2125 1581 2182 Sient
1605 2130 1737 2186 misirere

107 2238 193 2298 sima,
206 2248 267 2304 ω
279 2232 353 2287 mhi,
362 2228 475 2299 mim,
488 2237 532 2282 ω
544 2221 900 2291 d0„2‚01oe110„pjgspmoer
949 2212 1040 2280 Peter,
1054 2223 1078 2268 et
1090 2230 1137 2286 ego
1151 2217 1226 2270 nsitto
1243 2232 1296 2270 ros.
1313 2215 1371 2270 Hoc
1384 2233 1443 2271 cum
1455 2216 1573 2284 dixisset,
1597 2220 1737 2291 insufflavit

106 2317 317 2396 incomparabili
331 2322 427 2377 divine
449 2327 478 2375 et
499 2318 624 2373 hnmana
642 2313 763 2370 scientiae
788 2326 900 2367 munere
948 2312 973 2358 et
981 2304 1050 2360 dieii
1063 2305 1100 2359 eis
1124 2318 1134 2357 .·
1154 2304 1409 2376 decipiteSpiritsrrn
1420 2316 1550 2374 macrum,
1565 2325 1677 2378 qaorum
1696 2326 1737 2365 re·

109 2435 158 2475 ros
166 2416 272 2479 ditarit,
285 2422 315 2470 ut
324 2428 378 2469 non
393 2409 479 2467 solnm
494 2407 531 2472 bi,
547 2404 768 2477 guibertinorum
779 2411 900 2456 restrum
949 2395 1073 2450 miseritis
1095 2406 1212 2467 peceato,
1230 2398 1397 2451 remittantur
1407 2398 1455 2464 eis,
1467 2409 1491 2452 et
1504 2416 1615 2471 psoram
1628 2402 1739 2458 retinea-

108 2507 229 2579 pnotidie
241 2501 442 2560 serenissimum
456 2494 613 2566 conspicere
624 2491 740 2555 uultum,
755 2487 899 2559 purissimo
948 2483 1018 2550 ritis,
1032 2494 1229 2540 reeulserant.
1254 2484 1331 2553 Quod
1349 2487 1430 2559 igitur
1445 2489 1581 2560 promisit,
1600 2491 1737 2561 expletum

108 2606 208 2654 nonore
231 2592 370 2664 sapientise
395 2588 469 2644 lonte
485 2587 541 2643 sint
559 2581 668 2648 reiecti,
684 2579 826 2637 sedetiam
851 2576 898 2648 gul
948 2584 1066 2642 esseut
1089 2576 1252 2633 inionibus
1275 2577 1430 2634 declaratur
1453 2581 1647 2650 apostolorum,
1671 2582 1738 2656 legi-

110 2690 189 2760 tnngn
199 2687 330 2756 {stegen
343 2688 432 2738 restra
445 2675 589 2751 presentia
603 2680 668 2756 sunt
680 2670 788 2734 remoti,
800 2667 900 2724 vesnia
948 2681 1025 2722 mus:
1038 2665 1208 2740 liepietisant
1220 2670 1389 2726 enimomnes
1401 2671 1737 2744 apostoliSpirisasnneto,

110 2775 255 2848 morigeris
265 2773 388 2829 moribus
397 2779 426 2827 et
437 2763 662 2826 excellentissimo
671 2768 768 2818 vestre
780 2759 900 2816 scientias
948 2768 973 2814 et
986 2772 1116 2831 ceperam
1129 2760 1201 2834 logsr'
1212 2761 1274 2818 aliis
1288 2763 1396 2835 linguis,
1409 2776 1492 2838 prout
1505 2764 1619 2840 Spiritus
1632 2780 1738 2827 sonata

111 2866 215 2921 ,mim
224 2863 371 2919 „dmm
949 2848 1128 2924 dairteiogai
1141 2853 1178 2906 eis
1192 2853 1262 2923 (Aet.
1277 2867 1309 2920 u,
1323 2853 1363 2927 l).

149 2955 249 3012 ΗΜ
261 2967 297 3008 01
310 2951 427 3007 ponens
440 2945 532 3002 mnndi
550 2943 674 3016 partibus
698 2950 727 2998 et
748 2937 900 3013 generatio·
982 2939 1056 2997 ldem
1079 2956 1188 3013 quoqne
1209 2943 1306 3001 beatus
1327 2943 1445 3002 munes
1462 2949 1627 3020 evangelista
1645 2953 1673 3010 iu
1688 2968 1737 3011 sua
1827 2980 1833 2989 ·

112 3046 194 3102 nibm
219 3050 312 3099 restra
326 3040 420 3103 etiam
443 3034 616 3091 serenissime
636 3031 773 3103 Auguste,
799 3029 900 3100 pietate
950 3030 1070 3100 Epistola
1088 3030 1192 3104 [quand
1217 3033 1251 3089 dc
1269 3033 1317 3090 llel
1335 3044 1363 3091 et
1378 3037 1494 3107 proximi
1512 3038 1655 3100 dilectione
1675 3060 1738 3101 con-

111 3143 228 3193 vocante
251 3126 460 3189 inuumerabiles
481 3125 515 3181 ad
537 3138 587 3180 ros
601 3121 721 3193 quoddie
735 3088 936 3176 concurruntC
952 3120 1072 3190 scripsit,
1083 3137 1123 3177 ιιι
1137 3128 1252 3178 nentur
1264 3125 1382 3195 capitulo
1399 3125 1499 3199 [Nare.
1514 3129 1524 3183 Ι
1544 3128 1622 3186 ioan.
1634 3150 1676 3200 ιιι,
1690 3136 1738 3204 aa,

110 3226 293 3301 wippone
309 3227 402 3278 nostra
426 3215 524 3288 regalis
545 3214 699 3285 benignitas
715 3210 849 3268 latissimo
871 3214 901 3265 et
950 3210 1007 3284 Eli,
1032 3214 1104 3282 qrrod
1118 3213 1271 3285 unigenitus
1285 3215 1333 3271 liei
1352 3216 1438 3274 Filius
1458 3217 1589 3289 Spiritum
1615 3233 1737 3282 metunt

111 3314 310 3390 gloriosissimo
325 3310 388 3367 sinu
401 3307 545 3377 recipiens,
565 3305 593 3361 in
606 3302 722 3375 spiritali
747 3311 777 3360 et
795 3299 901 3357 liberali
952 3303 1008 3359 suis
1020 3303 1093 3359 dedit
1111 3304 1250 3374 apostolis,
1264 3320 1317 3376 qno
1329 3307 1388 3378 ipse
1402 3308 1429 3364 ln
1440 3309 1480 3365 cis
1495 3322 1628 3380 maneret,
1641 3322 1670 3370 et
1687 3316 1740 3388 ipsi

111 3409 224 3467 erudire
241 3419 297 3462 non
308 3408 397 3460 cessat
410 3399 543 3465 scientim
572 3397 674 3454 idcirco
691 3403 788 3453 restrae
801 3394 902 3467 glorio-
951 3393 979 3450 in
991 3411 1035 3462 eo,
1053 3396 1123 3451 sicut
1137 3395 1207 3452 idem
1219 3395 1338 3455 loannes
1350 3401 1487 3472 apostolus
1505 3402 1621 3462 aillrurat
1642 3408 1679 3463 ita
1699 3409 1742 3466 di·

111 3491 506 3565 sissimaeettrsuquillissimae
517 3487 708 3545 dominationis
721 3484 816 3543 titulus
828 3483 902 3541 nulla
951 3501 1039 3543 cens:
1060 3486 1118 3543 lloe
1136 3498 1174 3544 est
1193 3491 1348 3547 momorum
1368 3494 1428 3561 Dei,
1443 3506 1472 3551 st
1486 3498 1624 3556 medones
1642 3503 1671 3558 in
1690 3520 1740 3559 no-

112 3597 206 3656 atate,
218 3587 291 3645 nulla
304 3585 386 3642 eliam
405 3588 541 3639 uetustate
561 3578 694 3644 abolente,
708 3578 737 3632 in
755 3575 902 3634 uniuersali
952 3578 1021 3634 nsine
1034 3577 1058 3632 F
1058 3579 1099 3634 ilii
1111 3581 1168 3651 ejus
1182 3580 1248 3636 desa
1260 3579 1368 3649 Christi,
1381 3594 1406 3639 et
1416 3585 1557 3658 diligamns
1572 3590 1739 3659 atrersrrnr,

114 3682 237 3740 manebit
247 3676 370 3735 Ecclesia
384 3692 391 3730 :
404 3673 468 3746 quia
479 3672 529 3730 sub
540 3668 691 3740 iustissimo
704 3676 801 3724 vestrae
815 3665 903 3723 domi·
951 3669 1019 3724 siem
1032 3670 1104 3724 dedit
1122 3672 1278 3727 mendorum
1291 3673 1375 3729 solis.
1399 3675 1434 3731 lit
1450 3679 1495 3749 gai
1511 3691 1597 3736 serunt
1613 3681 1741 3740 mandata

114 3772 235 3830 nationis
247 3766 361 3840 imperio
373 3763 445 3820 uuila
467 3763 495 3819 in
517 3776 550 3820 ea
563 3759 650 3825 lraus,
673 3758 746 3814 nulla
768 3771 903 3829 perversae
952 3764 1022 3835 ejas,
1035 3766 1063 3819 irt
1077 3764 1123 3821 illo
1137 3781 1241 3835 mones,
1255 3776 1280 3824 et
1294 3769 1349 3840 ipse
1368 3770 1397 3825 in
1415 3787 1455 3836 eo,
1475 3782 1499 3827 et
1522 3775 1551 3828 in
1571 3776 1620 3830 lroe
1632 3778 1739 3844 moros,

114 3864 247 3922 doctritn
256 3854 578 3932 mggesttoiaerennn
592 3853 639 3909 sed
657 3849 904 3910 omnesortbodoxi
952 3854 1077 3926 pmaiom
1103 3865 1190 3910 mones
1219 3857 1247 3911 in
1275 3858 1348 3914 noli
1372 3858 1405 3914 de
1427 3858 1549 3932 Spiritu,
1572 3879 1648 3935 poem
1668 3866 1741 3921 dedit

115 3962 207 4011 restra
217 3947 428 4007 luculentissima
440 3943 622 4001 admonitione
632 3940 767 4006 instmeti,
780 3948 904 3997 sanctam
953 3944 1038 4000 nodis.

115 4044 279 4103 catholicam
292 4036 508 4110 etapostolicam
520 4034 657 4105 sequendo
679 4047 712 4088 ac
735 4029 904 4088 deiendendu
988 4035 1042 4091 leo
1063 4048 1076 4078 ι
1106 4050 1214 4107 quoque
1241 4052 1309 4108 papa
1345 4037 1586 4097 reverendissimus
1613 4041 1742 4101 llomnna

117 4137 211 4200 iidem
230 4133 464 4189 dirinorucantur
481 4121 582 4200 [Forte
603 4123 710 4196 meant]
724 4122 818 4180 cultui.
832 4123 905 4180 inter
952 4128 1030 4184 urbia
1042 4125 1163 4196 pontifex
1183 4125 1328 4183 [lominum
1346 4135 1468 4185 ausuum
1487 4127 1578 4187 lesum
1592 4132 1740 4202 Christum,

118 4239 191 4296 qums
200 4239 249 4295 ego
261 4223 373 4293 exiguus
384 4226 536 4276 vestrorum
544 4216 669 4273 videlicet
681 4213 843 4271 lamulomm
856 4229 905 4271 ex-
954 4215 1085 4288 Spiritum
1105 4226 1229 4272 sanctum
1249 4217 1283 4272 ab
1303 4219 1537 4290 enprocedentcm
1552 4221 1616 4277 llatu
1632 4239 1691 4288 suo,
1711 4233 1742 4279 ut

120 4327 228 4373 tremus
237 4315 270 4370 de
282 4312 453 4385 processione
465 4317 493 4367 et
509 4307 638 4365 missione
656 4305 775 4378 Spiritus
786 4307 905 4362 mactis
954 4309 1049 4364 beatum
1072 4305 1190 4364 loannes
1212 4307 1241 4363 in
1262 4311 1420 4381 praescripto
1441 4313 1577 4387 Evangelii
1600 4317 1640 4372 sui
1660 4317 1743 4374 reiert

118 4408 242 4471 Psareet
255 4402 335 4470 lille
348 4411 377 4459 et
393 4400 428 4456 de
438 4414 482 4465 eo,
492 4398 564 4470 quod
575 4396 646 4454 idem
661 4397 779 4466 Spiritus
792 4404 905 4452 sanctus
919 4400 1083 4498 ⁰capitulo,
1109 4399 1239 4471 apostolis
1257 4401 1375 4468 dedisse,
1397 4404 1469 4460 alem
1485 4406 1514 4460 in
1536 4409 1663 4478 synodica
1686 4408 1744 4480 epi-

117 4498 211 4556 Patris
219 4504 247 4553 et
254 4494 312 4550 i'ilii
326 4493 355 4549 iu
368 4491 454 4549 sacris
462 4487 761 4546 rdrrminibusuocatur
768 4484 901 4558 Spiritus:
955 4492 1024 4549 stola
1036 4531 1044 4557 ,
1057 4505 1138 4562 quam
1152 4490 1280 4547 l'lariano
1297 4494 1500 4565 archiepiscopo
1517 4495 1743 4571 Constantinopo-

119 4591 209 4650 sancti
226 4589 306 4646 etiam
316 4583 453 4659 Evangelii
465 4583 644 4640 etbeatorum
662 4579 774 4635 Patrum
788 4577 907 4634 auctori·
955 4586 1041 4642 litano
1059 4585 1184 4655 scripsit,
1203 4592 1321 4640 testatur
1333 4585 1427 4641 dicens
1446 4604 1453 4640 :
1481 4605 1490 4639 r
1510 4587 1637 4647 llorrrinas
1657 4603 1746 4649 noster

120 4692 205 4740 talem
222 4687 333 4736 secutus
348 4671 634 4749 primosecundum
648 4679 745 4728 restra
758 4669 908 4727 sublimiia-
956 4677 1035 4733 deses
1048 4675 1169 4731 Claristas
1189 4684 1247 4746 post
1261 4677 1475 4731 resurrectionem
1494 4694 1569 4734 raom
1592 4680 1689 4738 elassis
1699 4684 1746 4756 js·

121 4772 325 4844 mmmm,
343 4764 491 4837 gonnor-ipsi
503 4763 633 4820 libellum.
957 4765 1018 4820 rttst's
1029 4781 1062 4819 oc
1075 4763 1220 4835 discipatios
1238 4779 1300 4818 seor
1317 4763 1457 4832 irttroilst,
1474 4776 1499 4822 et
1520 4769 1587 4840 puta
1600 4788 1647 4826 sao
1665 4772 1747 4829 dolet

371 4897 484 4957 CAPUT
506 4894 650 4953 PRIMUM·
958 4852 1085 4925 Spiritum
1107 4863 1246 4919 muctam,
1269 4863 1294 4909 et
1318 4855 1417 4913 donato
1445 4859 1623 4933 intelligentie
1647 4862 1747 4922 isariae

958 4953 1112 5000 moerorem
1124 4944 1322 5015 scripturaram
1334 4947 1437 5003 oeesltn
1447 4951 1587 5021 pandebat.
1610 4971 1620 5004 r

124 5045 164 5104 de
175 5061 216 5112 eo,
228 5047 298 5117 qaod
311 5039 426 5113 Spiritus
445 5044 551 5119 maetas
569 5050 586 5089 a
606 5030 687 5088 Putre
710 5027 832 5103 Filioque
851 5045 911 5102 pro-
994 5034 1605 5108 Beatusquogueilregoriusbliaaianaenus,
1621 5040 1663 5097 rel
1678 5041 1749 5118 Nys-

477 5105 553 5161 iss‘i‘i·
960 5129 1748 5199 muusepiscopusemditissimusdiuinommrolumluum

162 5247 292 5308 ,mm
312 5243 385 5302 enlm
407 5239 493 5298 meg
506 5235 659 5308 gwnggpg,
676 5241 704 5290 gg
724 5234 751 5290 p,
775 5233 912 5305 synodici,
961 5219 1136 5289 investigator
1158 5218 1186 5275 in
1199 5219 1327 5287 bomilia,
1351 5235 1432 5291 quam
1446 5221 1479 5275 de
1493 5221 1608 5278 adsensu
1631 5222 1751 5296 Spiritus

125 5341 268 5397 beatorum
280 5334 392 5391 Petrum
405 5330 537 5403 epistolis,
551 5336 580 5383 et
592 5328 620 5383 in
637 5324 729 5381 multis
742 5324 912 5380 eruditorum
962 5309 1050 5368 ⁸²⁰⁰st
1063 5323 1145 5380 ⁸⁰90?
1158 5310 1294 5382 ²90⁵¹0¹⁰⁸
1306 5310 1476 5380 0⁰⁰⁸&in
1495 5311 1589 5368 ΟΜΝ
1602 5329 1681 5371 “¹¹⁸¹
1694 5330 1752 5388 tpm

127 5427 279 5501 rnnrnnu
300 5419 636 5484 numerumnunerum
656 5416 798 5473 minione
821 5413 912 5473 ieeu-
962 5415 990 5463 e
1002 5401 1057 5461 ¹10⁰
1069 5418 1137 5475 nara
1151 5403 1294 5472 e¹u0⁰u¹²=
1308 5400 1449 5472 perenn
1462 5402 1599 5474 evimus
1613 5420 1752 5477 ‘nm

126 5530 217 5588 nm,
229 5518 347 5591 spiritus
360 5524 481 5584 mem,
495 5513 543 5585 qui
560 5512 640 5569 ungu,
663 5509 838 5581 ejusdemque
850 5521 912 5565 mm
962 5495 1110 5568 capitulum
1124 5492 1254 5558 affirmat,
1274 5491 1346 5563 quod
1361 5490 1487 5549 Salvator
1507 5502 1599 5550 noster
1618 5496 1752 5568 Spiritum

162 5654 251 5711 ¹beo
266 5669 334 5724 papa
349 5653 377 5708 in
391 5651 487 5711 concil.
509 5647 648 5714 Cbalccd,
663 5652 735 5703 tom..
750 5642 783 5704 lv
797 5639 910 5701 collect.
999 5632 1014 5673 b
1043 5630 1160 5687 Sanctus
1185 5625 1331 5698 Gregorius
1359 5625 1544 5698 Nazianzenus
1567 5628 1691 5688 sommis
1715 5645 1750 5688 ex

125 5723 224 5794 coleti,
238 5738 300 5798 pag.
311 5723 390 5780 ibib.
964 5711 1035 5762 urat.
1050 5701 1095 5771 tt,
1114 5713 1188 5755 num.
1205 5696 1249 5768 l'l.
