3780 6120
147 272 219 334 ibbb
492 266 566 327 OPP.
586 268 701 327 nubis
720 298 756 310 -
773 267 887 326 tbblbl
905 265 1094 324 CONFESSlO
1112 265 1212 323 leEl.
1231 298 1268 310 -
1285 267 1376 325 Psfts
1390 267 1413 327 l.
1711 272 1779 328 §illd

146 390 324 448 alternatione
354 388 406 444 diei
432 387 573 457 noctisque
601 399 771 456 nequaquam
797 382 929 438 variatur.
946 383 967 441 ι
982 393 1058 435 meus
1070 378 1141 449 pius,
1156 376 1213 434 fler
1229 395 1306 436 meus
1318 395 1441 452 magnus.
1458 381 1496 436 l‘e
1509 396 1591 436 unum
1604 381 1688 437 boum
1702 371 1775 450 crib»,

63 532 67 538 ,
145 481 218 538 peu,
231 480 277 536 qq,
291 496 366 547 gerg,
386 494 446 552 ΨΜ
467 479 524 535 „gne
545 493 656 535 accessu
669 493 711 542 gg,
723 492 784 548 φη
794 475 882 546 eggis,
903 474 935 531 ιι.
985 483 1067 522 rrnum
1082 467 1203 524 onmium
1219 477 1376 524 naturarum
1390 469 1560 540 principium,
1573 485 1587 523 a
1602 486 1656 541 quo
1668 474 1776 528 univcr-

144 572 257 636 lustras,
276 578 305 624 et
320 571 380 625 sine
393 584 501 626 recessu
512 584 554 632 ca,
573 583 632 638 qnae
645 567 761 638 respuis,
781 567 894 632 deseris,
908 573 936 623 et
984 556 1050 612 sitas
1063 565 1090 613 et
1101 557 1255 624 inchoatur,
1268 568 1296 614 et
1309 559 1457 630 perficitur,
1470 570 1497 616 et
1507 561 1677 618 continetur:
1692 578 1774 618 tinum

145 662 205 717 idco
218 661 246 715 in
262 669 288 715 te
303 660 393 716 nullus
409 659 531 716 defectus
550 660 739 715 mutabilitatis
759 659 842 714 venit.
863 655 935 712 bens
985 647 1086 714 beorn
1108 664 1124 705 1
1142 665 1316 721 1111111111,
1337 668 1386 724 111·
1399 669 1479 724 111111
1492 669 1601 720 111111,
1620 656 1775 727 1111111111·

143 750 190 821 qui
214 749 240 803 ln
265 749 406 818 temetipso
432 747 564 803 manendo
587 728 772 812 immutabilis,
796 747 835 802 sic
858 747 885 800 in
905 759 935 800 se
984 754 1053 802 ntus,
1070 754 1153 827 aquo
1167 740 1350 809 decessimus,
1363 744 1406 800 cui
1419 744 1564 802 dissimiles
1578 744 1644 804 facti
1658 764 1773 806 suetus:

144 839 313 896 transremttia
326 838 480 902 condidisti,
497 845 527 892 ut
539 837 609 907 apud
622 846 648 891 te
664 852 833 906 nequaqnam
847 845 935 891 trans-
983 828 1143 900 principium
1163 831 1197 886 11
1216 833 1289 903 quod
1309 833 1483 900 1111111111,
1506 844 1534 892 11
1555 835 1670 894 [0111111
1691 828 1774 911 cutm

143 928 183 982 ire
196 928 302 998 possint
313 945 320 981 ι
331 938 358 982 et
369 927 428 982 idco
440 927 468 982 in
478 938 626 997 conspectu
642 935 686 980 tuo
700 935 806 996 tempus
820 943 874 981 tren
888 926 934 981 de·
983 921 1133 991 sequimur,
1145 931 1173 978 et
1185 925 1300 995 gratiam
1315 941 1367 995 qua
1384 928 1606 986 reconciliamur:
1622 947 1705 987 unum
1720 947 1790 1004 qno·

142 1018 291 1091 duit,quod
302 1019 371 1092 apud
382 1035 431 1075 uros
443 1004 724 1091 brrisdecurnnbens
734 1019 761 1072 in
771 1018 933 1087 cnjusaeter-
983 1021 1096 1069 auctore
1115 1015 1216 1071 conditi
1237 1032 1345 1084 sumum
1367 1027 1401 1095 ets
1413 1021 1615 1080 similitudinem
1630 1039 1678 1095 per
1691 1039 1774 1095 quarn

142 1111 290 1167 nitatedsa
301 1120 410 1166 manent
420 1125 452 1166 ea
464 1125 587 1181 quenon
599 1110 652 1163 dra
663 1107 872 1179 exterius393
883 1122 933 1163 sne·
982 1104 1016 1159 ad
1030 1105 1159 1162 unitatem
1175 1107 1365 1177 reformamur,
1385 1120 1414 1168 ct
1429 1128 1523 1184 pacem
1542 1131 1594 1186 qua
1613 1117 1709 1172 unitati
1725 1118 1774 1174 ad-

141 1201 263 1257 culurum
281 1200 417 1255 rolunrine
436 1207 623 1255 errranantzet
647 1198 706 1254 ideo
729 1197 867 1253 setenritas
887 1204 931 1251 tua
982 1195 1134 1254 inseremus:
1153 1215 1235 1255 unum
1250 1200 1348 1271 licum,
1365 1203 1702 1275 quoCreatoreritimus,
1724 1225 1774 1281 per

140 1294 199 1349 dics
209 1301 251 1347 est
262 1306 327 1355 una,
336 1305 396 1360 que
407 1306 456 1344 nec
466 1291 518 1344 fine
532 1289 678 1354 clauditur,
689 1304 739 1343 nec
751 1287 830 1343 initio
840 1285 930 1357 aperi-
981 1303 1061 1358 quem
1076 1287 1216 1347 reformati
1231 1294 1368 1364 sapienter
1382 1296 1508 1363 risimus,
1530 1312 1610 1368 quern
1630 1300 1774 1372 diligentes

141 1392 195 1437 ter.
205 1381 284 1447 fleus,
295 1381 341 1451 qui
351 1380 410 1435 sine
423 1380 602 1435 mutabilitate
611 1378 690 1435 simul
701 1386 796 1435 currcta
805 1377 929 1448 respicis,
980 1389 1008 1435 et
1020 1394 1075 1450 quo
1088 1379 1210 1439 fruentes
1231 1383 1310 1440 beate
1329 1385 1454 1442 virinus.
1481 1387 1519 1442 Te
1538 1387 1627 1454 laude,
1642 1389 1773 1447 mendico

141 1472 201 1528 elne
221 1471 384 1528 distentione
399 1471 621 1542 cenrprebendis;
637 1478 664 1527 et
679 1472 759 1535 bona,
772 1468 929 1541 quaejrrras,
980 1475 1061 1539 atque
1076 1469 1171 1538 aduro,
1186 1479 1293 1543 tueque
1310 1472 1460 1531 clementiae
1482 1485 1511 1531 et
1532 1475 1647 1533 bonitati
1670 1482 1773 1551 gratias

140 1563 260 1628 etmala,
275 1563 463 1635 qunjudicas,
478 1573 505 1619 et
518 1580 578 1633 quae
597 1563 694 1634 iuvaris
716 1577 884 1626 remuneras,
903 1569 931 1616 ct
980 1560 1068 1616 refero
1090 1578 1138 1634 pro
1162 1565 1297 1620 unirersis
1322 1565 1375 1621 tuis
1400 1566 1479 1623 deruis
1502 1582 1534 1623 ac
1557 1568 1646 1635 datis,
1671 1579 1701 1627 ct
1722 1587 1772 1642 pro

139 1653 332 1724 qurejudicans
354 1655 483 1721 dnrnnas3
501 1655 528 1709 in
547 1654 599 1720 lris,
615 1669 675 1724 quae
688 1653 796 1710 diverso
807 1652 929 1723 disponis
979 1654 1105 1710 omuibus
1128 1656 1266 1712 beneflciis
1288 1659 1482 1715 misericordiae
1504 1669 1572 1726 lun,
1593 1676 1653 1733 quae
1675 1663 1772 1719 anlmre

137 1745 244 1811 ordine,
264 1743 387 1800 diuersus
406 1760 458 1801 non
480 1761 519 1800 cs.
536 1745 618 1812 Deus,
632 1746 678 1816 qui
693 1755 837 1815 operatua
849 1752 927 1801 extra
944 1730 1145 1816 Beorporique
1169 1762 1228 1801 meo
1250 1747 1366 1819 largiris,
1391 1757 1420 1803 ct
1442 1764 1548 1820 semper
1567 1749 1679 1822 largitus
1702 1765 1733 1809 cs
1756 1769 1772 1808 a

136 1839 298 1903 circumdas,
310 1846 338 1893 et
350 1838 420 1892 intra
432 1837 528 1908 reples,
542 1854 623 1909 snpra
638 1838 716 1909 tegis,
728 1845 755 1893 et
768 1836 838 1893 infra
850 1836 924 1894 fers:
983 1852 1077 1907 puero,
1101 1849 1128 1893 et
1150 1854 1165 1893 a
1187 1839 1328 1896 cunabulis
1346 1841 1424 1908 rucis,
1446 1853 1556 1913 proptor
1576 1852 1601 1899 tc
1623 1851 1652 1900 et
1673 1859 1771 1902 nomen

136 1943 165 1988 et
177 1934 240 1989 iicet
253 1932 290 1988 sis
301 1932 424 2002 superior
440 1932 657 2002 perpotentiam,
682 1929 795 1986 inferior
807 1945 856 2010 per
869 1945 929 1987 sus·
980 1936 1056 1982 tuum
1071 1937 1205 1984 sanctum.
1231 1929 1307 1987 Unde
1325 1940 1453 2004 expertus
1469 1933 1561 1999 didici,
1578 1935 1641 2004 qula
1656 1943 1683 1991 tu
1698 1935 1771 1994 licus

138 2023 327 2088 tornationem,
355 2021 475 2077 exterior
498 2036 547 2092 per
566 2020 797 2092 magnitudinem,
814 2019 929 2075 interior
979 2027 1080 2083 noster,
1105 2018 1176 2074 Deus
1199 2034 1229 2075 es
1252 2019 1364 2077 induite
1383 2023 1586 2091 misericordie,
1611 2034 1638 2080 et
1659 2026 1770 2097 pletatis

135 2134 186 2190 pur
199 2116 393 2178 subtilitateur;
411 2123 500 2169 tamen
525 2112 649 2182 superior
663 2121 691 2167 ct
701 2110 813 2167 inferior
826 2126 857 2167 cs
869 2111 928 2167 sine
979 2109 1126 2174 immense,
1144 2112 1190 2181 qul
1210 2126 1303 2168 serres
1317 2123 1377 2171 tuos
1391 2115 1462 2171 iuter
1474 2117 1586 2173 aduersa
1601 2127 1628 2175 et
1640 2133 1769 2190 prospera
1818 2158 1823 2168 .

134 2208 205 2271 loco,
228 2206 334 2277 amplus
354 2206 413 2260 sine
435 2202 587 2267 latitudine,
605 2200 711 2258 subtilis
724 2202 783 2256 sine
797 2208 928 2257 extenua·
979 2198 1139 2255 mirabiliter
1152 2202 1247 2272 dirigis
1260 2210 1342 2274 atque
1355 2205 1484 2261 custodis.
1502 2204 1601 2278 Sicqrre
1615 2208 1768 2265 moderaris

134 2299 228 2355 tione·
242 2308 269 2352 et
288 2298 350 2353 iden
364 2295 522 2369 permolere
539 2295 662 2364 eorporis
674 2309 808 2366 nusquam
819 2309 859 2359 es,
879 2294 928 2350 sed
978 2287 1168 2346 libamentum
1182 2291 1208 2346 in
1222 2300 1336 2361 utruque
1350 2303 1437 2363 parte,
1450 2303 1480 2351 ut
1493 2295 1605 2352 adsensu
1620 2300 1768 2370 prosperis,

132 2403 183 2462 pcr
198 2373 462 2458 incircumscriptum
476 2386 656 2442 substantiam
671 2394 699 2441 et
714 2385 926 2441 immensitatem
977 2386 1005 2432 11
1027 2393 1156 2450 prospera
1180 2381 1327 2437 succedant
1350 2382 1482 2441 adversis.
1507 2383 1689 2456 Corrfiteonttrr
1705 2405 1767 2461 erge

134 2478 362 2536 incontnnrtrtbilis
388 2486 492 2547 patine
517 2492 651 2548 nusquam
676 2476 751 2531 dees.
778 2475 832 2532 Sed
861 2476 926 2547 quia
976 2467 1768 2544 1111ιο111111θιθ1111111111111111,111111111111111111111

133 2571 212 2642 longe
223 2571 316 2634 disens,
326 2569 449 2635 Creator,
460 2585 476 2624 a
489 2579 624 2635 ereatura,
636 2569 757 2641 cogitare
770 2569 831 2640 quis
841 2568 924 2637 valet,
976 2564 1022 2619 tili
1035 2561 1123 2637 (Paci.
1136 2581 1228 2632 exart,
1242 2566 1286 2640 lb)
1300 2586 1308 2623 r
1330 2576 1358 2626 et
1377 2578 1408 2624 ut
1428 2570 1581 2628 mudtcndo
1594 2572 1766 2645 resipiscant,

132 2661 250 2732 qualiter
269 2661 306 2715 sis
321 2660 348 2715 in
367 2660 438 2724 lucu,
451 2661 563 2731 quinon
585 2661 691 2731 caperis
713 2658 791 2716 locol
809 2659 925 2717 Omnino
976 2671 1030 2711 bob
1044 2666 1153 2713 cctscnl
1172 2673 1188 2712 a
1207 2657 1331 2715 laudibus
1350 2659 1404 2717 tutr
1424 2660 1475 2733 ipsi
1494 2663 1577 2719 etlam
1597 2674 1765 2734 peccatores.

130 2756 205 2811 enirn
218 2755 245 2810 br
258 2754 316 2809 loco
330 2768 392 2811 esse
404 2768 457 2808 uon
468 2761 555 2823 potes,
567 2752 695 2823 quoniam
713 2751 813 2821 ubique
823 2765 864 2818 es,
877 2751 924 2808 scd
976 2746 1095 2814 Quorum
1109 2765 1179 2805 unus
1192 2764 1253 2820 ego,
1276 2749 1341 2807 licet
1359 2750 1389 2807 in
1410 2753 1529 2827 peccatis
1542 2754 1664 2825 proulor,
1684 2755 1767 2812 corde

132 2863 187 2904 nun
213 2847 240 2903 in
262 2845 331 2902 ioco.
346 2844 405 2916 lpse
429 2844 477 2900 tibi
496 2843 571 2900 loeus
586 2844 699 2900 illocalis
717 2844 839 2901 crederis
852 2859 922 2909 esse,
976 2850 1066 2898 tamtm
1086 2842 1251 2899 desideranti
1272 2851 1334 2900 tuas
1353 2845 1470 2903 decanto
1485 2846 1598 2906 laudes:
1615 2850 1639 2905 sl
1653 2863 1707 2907 usu
1720 2864 1766 2917 ct,

131 2937 250 3010 Spiritus
284 2934 506 3005 circumscriptus
539 2931 610 3006 [F.,
640 2931 921 3006 incircumscriptus].
975 2947 1028 3002 qua
1051 2932 1137 2991 debeo
1157 2933 1310 3009 dignitate,
1336 2933 1425 3003 facio,
1450 2951 1504 3008 qua
1526 2936 1602 2994 valeo
1622 2937 1763 2996 laenitate.

131 3032 210 3092 liade
226 3030 333 3086 difficile
355 3029 491 3085 mrcrrltur
511 3029 557 3085 ubi
579 3029 636 3093 sis,
665 3030 712 3084 sed
740 3029 825 3084 multo
851 3028 922 3085 diffr-
976 3023 1100 3096 llcspicc,
1110 3020 1212 3097 quresu,
1223 3040 1319 3084 sereno
1329 3026 1405 3083 rultu
1420 3027 1454 3084 ad
1465 3028 1518 3084 boe
1529 3043 1597 3084 mee
1609 3029 1766 3102 exiguitatis

129 3122 210 3181 cilius
237 3123 282 3177 ubi
309 3137 363 3177 non
390 3121 438 3176 sis.
467 3121 534 3189 Quis
559 3121 619 3176 sine
648 3128 675 3175 te
703 3120 851 3177 subsistere
878 3120 921 3177 rel
935 3078 959 3143 c
972 3115 1149 3187 obsequium,
1168 3125 1196 3173 et
1210 3117 1376 3190 propitiabili
1389 3117 1544 3190 dignatione
1559 3120 1652 3192 accipe
1669 3119 1762 3177 tantil-

128 3231 192 3273 essc
217 3213 328 3286 potest?
358 3213 391 3267 Et
416 3221 505 3268 tamen
535 3222 623 3269 tecum
653 3229 707 3268 nen
736 3227 831 3268 omnes
856 3227 920 3283 poa-
974 3209 1029 3266 luru
1044 3210 1208 3267 sacrificium
1223 3209 1401 3266 confessionis
1417 3209 1479 3267 ddei
1494 3226 1576 3277 mee,
1591 3220 1621 3268 ut
1632 3212 1667 3269 ad
1680 3220 1707 3269 te
1720 3227 1765 3269 rc-

128 3314 272 3364 suntesse.
291 3304 387 3361 Omrria
397 3305 469 3361 euim
482 3320 496 3358 a
508 3313 535 3360 te
543 3313 617 3368 sunt,
628 3311 655 3357 et
664 3310 748 3373 porte
759 3301 918 3358 subsistunt.
971 3299 1033 3356 deut
1048 3299 1119 3370 quod
1138 3315 1153 3355 a
1172 3308 1199 3354 te
1211 3300 1295 3355 renit.
1318 3298 1377 3357 llon
1394 3299 1543 3370 respiciens
1557 3309 1663 3357 tantum
1681 3302 1716 3358 ad
1735 3302 1763 3357 ld

167 3396 282 3453 lixttll.
303 3395 375 3452 fleus
387 3411 451 3452 rera
464 3404 493 3451 et
506 3395 610 3451 infinita
622 3395 802 3458 beatibrdo,a
815 3407 878 3463 qno,
893 3401 921 3448 et
971 3389 1044 3461 quod
1057 3390 1171 3465 deronm
1185 3388 1281 3454 offeni,
1291 3398 1421 3458 quantum
1432 3389 1466 3445 ad
1475 3402 1507 3444 ea
1518 3404 1578 3460 que
1589 3389 1762 3447 devotissime

127 3504 287 3561 perquem,
306 3496 335 3543 et
347 3488 374 3542 in
386 3502 440 3558 quo
453 3487 534 3542 beatu
548 3495 611 3543 strnt
627 3486 735 3551 omnia,
753 3498 920 3556 quaecunque
970 3477 1060 3534 dicere
1075 3478 1146 3534 nolui
1164 3477 1276 3534 etrele.
1299 3476 1434 3548 Quidquid
1449 3478 1521 3534 euim
1535 3479 1663 3546 dedecet·
1677 3479 1718 3536 111
1736 3488 1762 3536 11

127 3594 193 3635 uere
205 3578 285 3634 beata
299 3566 372 3633 su'nt.
389 3578 461 3633 bens
472 3592 537 3632 nera
550 3585 578 3632 et
589 3592 694 3632 sunium
708 3577 773 3641 rita,
786 3591 801 3630 a
815 3589 878 3646 quo,
892 3581 920 3630 et
969 3571 1091 3637 offendit,
1106 3571 1236 3628 abhorret
1250 3569 1341 3627 anima
1354 3585 1425 3628 mea.
1443 3569 1550 3629 Utinam
1564 3586 1670 3643 possem
1685 3571 1761 3637 talla,

126 3684 178 3740 per
192 3685 284 3740 quent
298 3677 327 3725 ct
342 3669 368 3723 in
384 3668 544 3739 quorirunt
558 3668 660 3733 enuntia,
676 3683 842 3738 quecunque
856 3681 919 3722 vere
969 3663 1059 3735 qualia
1085 3663 1124 3719 illi
1148 3661 1297 3733 hymnidici
1323 3660 1480 3734 augelorum
1506 3663 1605 3720 ebori!
1634 3660 1760 3735 Oquarn

127 3775 289 3832 summeque
302 3761 396 3815 uiuunt
410 3760 511 3814 nntnia.
528 3759 598 3814 ilem
614 3758 712 3815 bonurn
725 3768 752 3814 et
765 3757 917 3827 pulchrum,
969 3757 1084 3816 libenter
1100 3774 1145 3815 me
1164 3758 1192 3813 in
1208 3756 1333 3812 laudibus
1349 3756 1404 3812 tuit
1420 3763 1508 3813 totum
1525 3755 1712 3822 effunderem,
1733 3765 1762 3814 el

127 3867 144 3907 a
156 3867 221 3923 qne,
242 3865 291 3923 per
305 3864 401 3921 quem,
423 3857 452 3905 ct
470 3849 497 3903 in
517 3864 570 3918 qun
591 3849 663 3904 bona
683 3856 710 3903 ct
729 3847 841 3918 pulcbra
856 3856 920 3903 sunt
969 3847 1120 3905 luculenter
1133 3848 1160 3904 in
1176 3847 1265 3903 medlo
1278 3845 1406 3903 Ecclesiae
1418 3861 1529 3903 carmen
1545 3856 1598 3904 tue
1612 3848 1706 3920 glorie
1719 3848 1762 3906 ln·

127 3942 229 4004 onrruia,
244 3956 411 4012 quecunque
425 3956 487 3996 rere
499 3941 569 3996 bona
584 3950 610 3996 et
624 3940 737 4009 pulcbra
749 3948 822 3996 sunt.
849 3940 920 3996 Dens
969 3939 1115 4012 fatigabilis
1126 3937 1303 4010 perorarem!
1319 3934 1372 3994 Sed
1386 3937 1449 4009 quia
1463 3945 1493 3993 ut
1506 3937 1544 3994 illl
1558 3952 1674 4010 nequeo,
1691 3955 1761 3998 nun·

127 4049 209 4104 supra
223 4048 303 4103 quem
319 4031 403 4096 nibil,
417 4038 494 4088 extra
509 4044 590 4100 quern
604 4029 686 4095 nibil,
702 4030 826 4100 sineque
840 4029 917 4086 nibil
968 4032 1033 4104 quid
1047 4045 1159 4102 prorsus
1175 4029 1289 4086 tacebo:
1306 4043 1357 4094 rte,
1371 4028 1493 4092 Domine,
1509 4031 1660 4088 meantibus
1674 4032 1707 4091 de
1721 4042 1759 4098 tc,

127 4125 198 4180 beris
212 4125 263 4180 sub
277 4138 331 4194 quo
347 4131 444 4188 totum,
459 4137 521 4178 eum
534 4112 588 4192 quo
604 4131 701 4187 toturn,
713 4121 740 4176 in
754 4136 808 4191 quo
821 4130 917 4178 totum.
968 4121 1015 4193 qui
1030 4137 1078 4177 ora
1092 4128 1230 4176 mulorum
1243 4119 1366 4186 resolvis,
1382 4129 1406 4177 et
1421 4119 1523 4193 lingunt
1535 4121 1678 4191 isefontisnt
1692 4123 1760 4196 [neb

127 4212 200 4285 Ileus
214 4227 230 4267 a
243 4228 297 4284 quo
311 4213 417 4277 omnia,
433 4228 481 4284 per
495 4226 575 4283 quern
590 4212 692 4276 onmia,
708 4212 736 4268 in
749 4227 803 4282 quo
815 4213 917 4268 onmia.
968 4213 1081 4269 disertos
1093 4211 1170 4284 (Sap.
1185 4227 1213 4277 x,
1224 4211 1281 4284 elli
1300 4212 1400 4269 Verum
1413 4213 1478 4285 quia
1491 4214 1611 4284 paruulis
1624 4215 1688 4274 licet
1699 4216 1761 4274 lau·

128 4303 200 4359 licus
219 4301 297 4371 cnjus
317 4303 383 4358 fides
402 4317 452 4357 nns
471 4301 588 4365 excitat,
610 4317 672 4371 spes
686 4301 781 4373 erigit,
800 4303 919 4359 ebaritas
969 4304 1016 4361 des
1027 4311 1087 4359 tuas
1097 4302 1138 4359 rel
1149 4302 1295 4370 balbutire,
1306 4304 1415 4376 suscipe
1425 4304 1596 4369 sacrificium,
1608 4320 1714 4378 precor,
1725 4310 1759 4367 de

122 4395 225 4466 gungit.
244 4393 315 4449 bens
328 4394 373 4465 qui
390 4403 483 4464 petere
497 4392 593 4463 jubes,
612 4400 641 4448 ct
655 4393 777 4449 inuenire
792 4392 877 4460 facis,
891 4401 919 4448 et
933 4429 957 4490 D
970 4411 1051 4451 manu
1064 4394 1162 4462 tingue
1173 4410 1251 4459 meae,
1263 4395 1298 4452 de
1310 4395 1400 4451 cordis
1413 4410 1516 4451 autore.
1567 4424 1571 4431 ·

126 4484 298 4555 pulsantibus
311 4485 409 4555 aperis.
430 4485 501 4540 fleus
515 4499 531 4540 a
543 4500 598 4556 quo
611 4484 696 4539 averti
710 4484 808 4540 cadere
823 4492 876 4550 est,
889 4484 918 4540 ln
1006 4487 1090 4543 xxx.
1111 4486 1166 4544 Sed
1181 4487 1307 4561 ignosce,
1326 4503 1408 4560 rogo,
1426 4487 1554 4553 bomim,
1572 4489 1759 4562 indignissimo

126 4591 209 4646 quem
226 4576 348 4631 mnvorti
374 4589 517 4647 resurgere
533 4583 585 4639 est,
603 4574 631 4630 in
652 4590 706 4646 qno
726 4589 838 4632 marrere
850 4591 917 4632 con·
970 4586 997 4633 et
1018 4577 1136 4643 infelici,
1159 4585 1249 4634 tecum
1265 4576 1300 4633 de
1317 4586 1345 4632 te
1363 4577 1463 4633 diutius
1481 4576 1645 4650 colloquenti
1666 4596 1755 4639 serre.

125 4669 224 4725 sistere
239 4676 291 4723 est.
316 4668 388 4722 bens
401 4682 480 4738 quem
495 4667 600 4723 nescire
615 4668 684 4724 meri
701 4675 760 4734 est,
780 4683 860 4723 nosse
874 4668 916 4723 ri·
968 4667 1080 4740 lgnosee
1091 4669 1145 4738 pie,
1157 4668 1221 4739 quia
1237 4682 1291 4723 non
1307 4667 1462 4724 temeritate
1472 4671 1699 4742 peesnnpuunis,
1711 4676 1757 4732 sed

125 4775 190 4816 nere
201 4768 254 4825 est,
265 4775 393 4831 spernere
404 4760 493 4829 perire
506 4766 559 4825 est,
568 4759 611 4815 cui
625 4758 727 4814 seruire
738 4772 852 4828 regnare
863 4767 915 4813 est.
969 4760 1097 4815 ariditate
1117 4758 1154 4814 tul
1173 4757 1301 4816 desiderii
1322 4757 1385 4814 bule
1406 4756 1634 4816 cenomannense
1646 4777 1757 4834 operam

124 4847 200 4904 bens
221 4849 299 4919 cujus
320 4849 429 4920 pietau's
444 4862 495 4919 upc
517 4856 546 4903 et
567 4848 637 4904 bene
657 4848 741 4903 servit
760 4846 915 4916 subiectus,
968 4849 1046 4908 dedi.
1071 4858 1101 4903 ut
1122 4849 1204 4904 breue
1226 4855 1254 4903 ct
1274 4848 1399 4906 manuale
1412 4851 1525 4905 terbum
1547 4867 1652 4909 mecum
1674 4856 1708 4912 de
1731 4864 1757 4913 tc

124 4950 154 4998 ct
170 4941 239 4996 bene
253 4941 407 4996 dominatur
421 4940 562 5012 praelatus,
583 4948 611 4994 et
625 4938 685 5021 ideo
700 4938 759 4994 siue
774 4946 801 4993 te
819 4945 918 4993 neuter
967 4954 1073 5008 semper
1088 4939 1132 4994 lral
1142 4953 1233 5004 erem,
1251 4952 1284 4994 es
1302 4937 1379 5008 cujus
1394 4938 1509 4997 lectione
1521 4945 1630 5014 quotics
1646 4946 1756 5016 tepefio

123 5049 222 5090 eorum
235 5043 310 5089 recto
326 5035 427 5090 incedit
443 5034 548 5090 ordine.
575 5034 645 5088 bens
663 5031 807 5088 inuisibilis
821 5039 850 5087 et
865 5031 916 5087 im·
967 5030 995 5087 in
1010 5041 1085 5086 tuum
1102 5031 1266 5087 reaccendar
1280 5046 1410 5088 amorem.
1428 5032 1527 5090 Seruus
1540 5036 1612 5092 enim
1627 5037 1654 5092 ln
1667 5041 1757 5096 medio

124 5144 235 5197 utente,
251 5128 394 5186 irretiabilis
410 5138 438 5184 et
451 5136 566 5194 rotcrrte,
589 5126 869 5197 incomprehensibilis
889 5134 917 5182 et
967 5120 1125 5193 laqueorum
1136 5121 1228 5193 positi,
1240 5130 1268 5178 et
1279 5122 1341 5180 ideo
1353 5122 1431 5181 facile
1443 5139 1459 5180 a
1471 5124 1574 5183 celerat
1586 5126 1758 5200 frigescimus

125 5223 300 5295 incorporee,
313 5221 475 5278 immortalis
490 5230 517 5276 et
529 5229 673 5292 perpetue,
689 5218 917 5275 incommutabilis
967 5213 1112 5272 desiderio.
1130 5212 1207 5271 Unde
1219 5213 1370 5286 indigemus
1383 5216 1493 5272 assiduo
1505 5227 1688 5287 monumento,
1702 5235 1758 5294 quo

123 5320 153 5368 et
169 5310 565 5382 iucireurnseripte,rnirabilis
584 5317 612 5365 et
631 5309 780 5375 benedicte,
799 5309 915 5365 eulesso
966 5303 1170 5376 expergefacti,
1194 5306 1230 5362 ad
1254 5313 1281 5362 te
1304 5316 1426 5364 nostmm
1449 5324 1542 5364 rerum
1566 5326 1757 5385 summumque

123 5411 153 5458 et
175 5402 278 5469 rivere,
293 5408 389 5473 sapere
408 5411 436 5459 et
451 5401 610 5473 intelligere,
626 5401 696 5457 scire
710 5408 738 5456 et
751 5414 841 5472 pesse,
853 5398 914 5470 pnl-
936 5422 943 5434 ·
965 5397 1078 5464 moure,
1093 5411 1156 5452 eum
1169 5395 1321 5464 debuimus,
1335 5413 1518 5456 recurrantur.
1538 5400 1628 5458 linitae
1640 5402 1757 5473 denique

123 5494 270 5550 clarescere
283 5502 311 5550 et
324 5494 429 5550 clarere
442 5508 525 5549 unum
542 5500 570 5548 et
583 5491 654 5547 idcru
668 5499 726 5551 est.
742 5491 787 5564 qui
799 5490 913 5562 simplet
966 5493 1030 5544 suunt
1043 5490 1298 5560 contemplationes,
1317 5491 1414 5561 quibus
1428 5493 1517 5549 anima
1532 5495 1629 5552 devota
1643 5497 1691 5553 tibi
1705 5513 1754 5553 er-

124 5601 164 5643 ct.
178 5595 206 5642 et
217 5587 299 5642 ditirli
313 5602 366 5642 non
379 5595 468 5659 potes.
965 5580 1104 5636 cruciatur
1114 5591 1142 5637 et
1152 5580 1268 5653 proficit,
1280 5583 1328 5638 sed
1337 5583 1511 5642 nuliacarum
1524 5585 1563 5642 ita
1573 5588 1752 5655 meoblectat,

160 5673 257 5734 ult.
278 5676 317 5733 Tu
333 5692 362 5733 es
376 5677 447 5734 bens
460 5691 537 5733 meus
551 5676 629 5733 risus
642 5682 773 5744 ottenis,
786 5669 916 5734 Dominus
966 5680 994 5728 et
1009 5686 1087 5728 meus
1105 5685 1164 5730 meu
1182 5673 1313 5746 intendit,
1336 5674 1407 5732 sicin
1420 5673 1465 5734 illa
1480 5691 1541 5750 qia
1555 5672 1589 5736 de
1603 5687 1649 5737 tua
1664 5682 1756 5754 agitur
