3780 6120
136 303 186 358 bet
554 298 584 352 tt.
602 298 632 352 F.
655 295 766 352 ttfllhl
787 294 852 351 SEU
873 295 1011 350 arcuati
1031 296 1173 353 brunuli
1192 296 1281 353 PARS
1300 295 1343 351 tv.
1714 296 1776 354 388

135 416 287 472 rietatibus.
322 412 499 471 hdtlucerrtur,
525 410 582 481 regi
609 409 727 480 virgines
755 417 816 478 post
841 423 900 462 earu
918 427 924 460 ε
944 409 1046 476 hQuia
1062 420 1165 466 rectum
1182 421 1226 467 est
1248 411 1359 466 verbum
1382 410 1499 475 Domini,
1525 419 1552 464 ιι
1575 409 1666 465 omuia
1688 427 1774 483 opera

134 507 264 577 proximae
276 505 335 574 ejus
347 501 493 557 afferentur
507 500 563 555 tibi.
585 498 738 555 liberentur
750 499 779 553 in
793 497 885 553 letitia
899 505 927 552 ιι
975 499 1034 569 ejus
1053 502 1080 555 in
1097 500 1158 558 ilde.
1178 500 1271 572 Diligit
1285 501 1499 556 misericordiam
1516 508 1544 556 ct
1555 501 1707 571 judicium:
1724 503 1782 559 rai·

135 598 333 655 exsultatione:
350 595 518 650 adducentur
537 590 705 660 intemplum
718 590 799 660 regis.
817 589 927 659 Ptopa·
975 592 1123 648 sericordla
1144 592 1251 646 Domini
1273 591 1354 661 plerra
1378 601 1421 648 est
1441 600 1523 647 terra.
1553 589 1640 648 Verbo
1661 591 1780 649 Domini

135 689 221 746 tribus
235 687 289 743 tuis
303 686 360 742 nati
374 685 437 740 sunt
449 683 497 742 tibi
511 681 577 737 Dlii:
601 680 750 737 constitues
763 696 810 738 eos
828 680 927 753 princi·
976 680 1036 736 coeli
1054 680 1153 736 firmati
1171 689 1253 737 sunt:
1270 688 1298 737 ct
1317 682 1414 752 spiritu
1433 682 1490 737 oris
1505 683 1564 752 ejus
1582 683 1673 739 omnis
1686 683 1777 739 virtus

134 793 183 848 pes
205 792 286 848 super
303 790 412 833 omnem
429 782 540 830 terram.
565 770 667 826 Memor
689 785 737 827 ero
754 770 872 828 nominis
887 769 927 826 tui
976 784 1080 826 eorum.
1100 769 1273 844 Congreqans
1291 772 1363 828 sicut
1380 773 1409 829 in
1427 780 1487 829 utre
1501 787 1587 844 aquas
1603 775 1689 831 maris
1703 790 1711 831 t
1727 789 1800 847 po-v

135 869 250 926 inomni
264 866 438 942 generatione
451 872 478 918 ιι
492 862 703 934 generationem.
718 861 866 934 Propterea
882 876 929 932 po-
977 875 1045 916 nens
1064 861 1092 915 in
1104 860 1240 919 thesauris
1255 863 1378 935 abyssos.
1402 862 1509 919 'limeat
1524 862 1670 920 Dominum
1683 867 1777 923 omnia

135 960 189 1028 puli
204 957 403 1014 confitebuntur
416 955 465 1009 tibi
487 954 514 1009 in
529 961 678 1017 aeternum,
703 960 732 1008 ct
749 968 777 1008 ru
799 950 928 1010 seculum
977 960 1050 1008 terra
1064 971 1071 1007 ε
1086 954 1121 1009 ab
1135 969 1168 1010 eo
1179 963 1269 1010 autem
1282 963 1505 1012 commoveantur
1516 969 1611 1012 omnes
1621 955 1778 1014 inhabitan-

136 1050 238 1108 eaeculi.
978 1051 1019 1098 tes
1032 1043 1136 1100 orbem.
1156 1043 1290 1112 Quoniam
1305 1046 1364 1117 ipse
1377 1046 1458 1110 dixit¹
1479 1052 1507 1100 ct
1524 1044 1595 1101 lacta
1611 1056 1696 1103 sunt:
1716 1046 1778 1118 ipse

113 1173 116 1183 ν
170 1143 273 1199 Oratio.
289 1140 396 1196 Christe
410 1136 765 1203 DomioellerbumDatris,
787 1153 929 1208 perquem
978 1134 1127 1200 mandavit,
1139 1142 1168 1192 ct
1183 1143 1275 1190 creata
1286 1145 1359 1192 sunt.
1373 1136 1506 1192 Dominus
1527 1136 1642 1208 Dissipat
1658 1137 1777 1194 consilia

133 1242 231 1288 ‹runctu
244 1238 335 1287 creata
350 1237 414 1285 sunt
428 1236 457 1284 ιι
467 1235 596 1284 creantur
607 1246 614 1280 :
627 1227 744 1294 custodi,
761 1242 929 1298 quesumus,
978 1223 1120 1295 gentium:
1143 1226 1272 1296 reprobat
1295 1235 1385 1282 autem
1409 1226 1587 1300 cogitationes
1603 1228 1776 1301 populorum,

133 1323 284 1381 Ecclesiam
295 1331 368 1377 tuam
385 1321 517 1376 varietate
530 1320 651 1392 gentium
666 1327 879 1391 congregatam,
900 1325 931 1374 ut
979 1322 1007 1369 et
1028 1315 1156 1386 reprobat
1180 1317 1294 1373 consilia
1316 1318 1480 1388 principum.
1508 1318 1660 1374 consilium
1685 1326 1778 1376 autem

133 1419 198 1473 dum
213 1425 240 1473 te
251 1431 284 1472 er
299 1414 357 1485 ipsa
372 1410 538 1468 credulitatis
548 1411 655 1481 justitia
669 1410 750 1467 eorde
761 1425 830 1481 puro
842 1410 930 1482 diligi·
980 1404 1087 1461 Domini
1104 1406 1133 1462 in
1147 1415 1280 1463 aeternum
1293 1418 1402 1463 manet:
1423 1409 1601 1480 cogitationes
1614 1409 1707 1466 cordis
1718 1408 1779 1479 ejus

133 1526 206 1576 mus,
217 1508 398 1581 principatum
412 1503 606 1560 aeternisaeculi
617 1519 680 1559 cum
690 1501 816 1559 Patribus
829 1518 931 1559 merea·
980 1496 1008 1550 ln
1030 1497 1205 1567 ueneratione
1218 1506 1246 1554 et
1262 1500 1475 1570 generationem.
1498 1499 1579 1555 Deata
1594 1517 1679 1572 qens,
1699 1504 1779 1574 cnjus

135 1617 204 1658 ms,
221 1598 283 1655 per,
979 1592 1023 1639 est
1037 1585 1168 1642 Dominus
1180 1586 1252 1642 Deus
1269 1587 1346 1656 ejus:
1365 1589 1479 1659 populus
1492 1605 1573 1659 quern
1587 1591 1670 1662 elegit
1686 1592 1714 1646 in
1725 1593 1779 1648 ltre-

168 1687 229 1746 Aip’q
243 1691 338 1744 oratio,
354 1688 468 1743 Domine
484 1686 555 1743 Deus
576 1695 681 1750 noster,
706 1685 784 1756 cujus
799 1685 878 1742 sedes
900 1685 929 1740 in
980 1676 1122 1732 reditatem
1147 1677 1209 1732 Sibi.
1237 1677 1275 1733 De
1300 1679 1369 1733 coelo
1388 1681 1509 1749 respexit
1533 1680 1682 1747 Dominus,
1709 1682 1778 1739 vidit

132 1760 263 1839 fflqculpm
277 1779 368 1836 ‘a'aecull
379 1786 489 1834 manet:
511 1786 619 1848 pasta,
634 1785 665 1832 ut
676 1777 736 1842 tibi,
752 1776 811 1832 Rex
823 1784 926 1842 noster,
941 1759 1073 1821 Bomnes
1089 1765 1158 1821 ffllDS
1173 1766 1322 1823 hominum.
1340 1768 1379 1823 Di*
1395 1779 1545 1840 praeplll'illo
1557 1772 1714 1829 habitaculo
1729 1790 1779 1829 sno

133 1886 216 1941 opera
228 1880 322 1928 nostra
336 1870 497 1942 pandamus,
511 1868 556 1924 cui
570 1877 715 1939 antequam
729 1866 795 1922 liant
810 1876 883 1932 nom,
899 1873 928 1921 et
979 1858 1099 1927 respexi!
1125 1872 1207 1928 super
1238 1873 1333 1914 omnes
1362 1861 1409 1930 (itti
1441 1861 1565 1917 babilam
1586 1872 1701 1919 terram·
1725 1862 1778 1932 Qui

134 1979 182 2032 per
193 1971 220 2018 te
230 1971 379 2033 praesentes
389 1969 537 2032 potestates
551 1959 663 2016 scimus.
680 1959 742 2015 l‘er.

310 2075 470 2131 l'ShLblllS
483 2073 750 2131 apostotorum.

161 2177 261 2262 ’(Ριιι.
275 2189 366 2263 avrrr.)
379 2186 447 2243 Coeli
462 2198 592 2244 enarrant
602 2188 716 2259 gloriam
722 2187 771 2244 Dei
785 2207 791 2241 :
806 2168 928 2258 etopera

134 2295 264 2336 rrranuurn
289 2281 351 2351 ejus
378 2279 523 2334 annuntiat
545 2278 756 2334 firmamentum.
789 2277 853 2334 Dies
874 2277 929 2333 dier

133 2380 239 2430 eructet
248 2371 360 2428 verbum
373 2391 379 2424 :
394 2378 423 2426 et
434 2385 488 2426 nox
500 2371 572 2426 nocti
585 2370 689 2425 indicat
701 2370 853 2426 scientiam.
870 2367 928 2424 Non

134 2473 198 2520 sunt
209 2462 323 2533 loquele
336 2476 425 2532 neque
439 2475 592 2526 sermones,
616 2475 731 2531 quorum
751 2475 807 2516 uon
820 2459 930 2515 audian·

115 2544 117 2548 ’
134 2568 179 2612 tur
191 2569 271 2613 voees
282 2569 388 2628 eorum.
409 2553 440 2608 ln
452 2566 560 2609 omnem
573 2559 675 2609 terrant
687 2553 772 2608 exivit
783 2567 867 2608 sonus
887 2567 930 2608 eo

134 2663 213 2703 ruat:
234 2655 262 2703 et
282 2646 311 2700 in
331 2644 399 2700 lines
412 2645 487 2700 orbis
508 2652 588 2699 terra>
600 2644 684 2699 rerba
698 2658 801 2700 eorum.
824 2643 854 2699 ln
874 2645 929 2701 sole

133 2739 224 2809 posuit
236 2735 441 2792 tabernaculum
452 2749 532 2790 suum
544 2752 551 2789 :
565 2742 593 2790 et
606 2734 665 2804 ipse
674 2742 803 2805 tanquam
814 2749 930 2806 sponsus

133 2829 283 2900 procedens
296 2827 329 2882 de
342 2825 460 2881 thalamo
471 2840 530 2882 suo.
542 2824 695 2880 Exsultavit
706 2834 737 2881 ut
746 2825 821 2898 gigas
829 2824 863 2880 ad
872 2840 931 2881 cur

134 2921 246 2978 rendam
267 2921 357 2975 viam:
374 2934 389 2972 a
404 2932 510 2974 summo
528 2916 598 2972 coelo
615 2914 737 2988 egressio
751 2914 819 2985 ejus.
840 2915 874 2970 lit
885 2928 932 2971 oc-

134 3029 231 3071 cursus
243 3012 303 3084 eius
314 3026 402 3082 usque
423 3010 457 3066 ad
470 3023 605 3065 summurn
617 3007 688 3078 ejus,
701 3024 752 3064 nec
763 3017 816 3075 est,
837 3009 884 3079 qui
899 3023 929 3064 se
1017 3044 1052 3100 m
1062 3061 1152 3116 mm·
1168 3044 1275 3101 Sanctis

979 1947 1058 2002 bnxit
1071 1947 1228 2019 singillatim
1240 1949 1321 2003 corda
1338 1965 1454 2004 eorum:
1473 1951 1519 2022 qni
1538 1952 1666 2026 inteDigit
1684 1955 1776 2009 omnia

978 2057 1060 2112 opera
1078 2055 1182 2096 eorum.
1207 2039 1264 2096 Non
1283 2042 1403 2098 salvatur
1425 2042 1484 2099 Rex
1499 2059 1548 2116 per
1563 2045 1679 2101 multam
1696 2047 1779 2102 virtu-

980 2141 1053 2188 tem:
1071 2142 1099 2188 ιι
1116 2133 1191 2205 gigas
1208 2149 1262 2190 nou
1278 2134 1428 2191 salvabitur
1443 2138 1470 2192 iu
1485 2137 1659 2195 multitudine
1670 2141 1779 2197 virtutis

921 2277 928 2289 ,
979 2240 1044 2280 suae.
1059 2223 1152 2280 Fallax
1166 2240 1252 2296 equus
1264 2226 1297 2282 ad
1313 2227 1437 2294 salutem,
1454 2229 1482 2284 in
1501 2231 1670 2287 abundantia
1687 2242 1778 2290 autem

979 2317 1088 2372 virtutis
1106 2333 1161 2372 suae
1178 2331 1233 2372 non
1255 2317 1412 2375 salvabitur.
1437 2320 1507 2377 Ecce
1525 2323 1596 2378 oculi
1609 2323 1722 2380 Donrim
1735 2341 1780 2382 su-

978 2421 1028 2475 per
1039 2415 1191 2484 metuentes
1204 2423 1276 2474 eum,
1294 2416 1323 2464 et
1334 2410 1361 2465 in
1383 2411 1424 2466 eis
1447 2412 1493 2482 qui
1504 2422 1618 2483 sperant
1631 2413 1715 2487 sup'er
1728 2418 1780 2472 mi·

979 2498 1128 2554 sericordia
1146 2498 1213 2568 ejus.
1233 2500 1268 2556 Ut
1280 2509 1359 2556 eruat
1376 2511 1492 2558 amorte
1508 2505 1613 2561 animas
1624 2521 1732 2573 eorum,
1751 2517 1781 2564 et

979 2587 1034 2642 alat
1045 2603 1093 2644 eos
1113 2589 1141 2644 in
1155 2587 1235 2644 tame.
1256 2588 1353 2646 Anima
1370 2599 1464 2648 nostra
1477 2596 1593 2650 sustinet
1610 2595 1777 2653 Dominum:

978 2681 1107 2751 quoniam
1124 2679 1232 2751 adjutor
1243 2690 1272 2737 et
1287 2691 1426 2754 protector
1438 2694 1531 2740 noster
1541 2695 1594 2742 ιιι
1612 2685 1683 2755 Quia
1700 2688 1730 2743 in
1747 2703 1782 2744 eo

979 2772 1114 2828 letabitur
1136 2788 1184 2828 cor
1204 2782 1353 2829 nostrum:
1375 2783 1403 2830 ιι
1424 2775 1452 2830 in
1473 2778 1584 2834 nominc
1602 2786 1701 2834 sancto
1721 2778 1781 2850 ejus

979 2865 1157 2935 speravimus.
1178 2863 1238 2919 Fiat
1257 2866 1444 2923 misericordia
1466 2876 1524 2934 tua,
1549 2869 1676 2937 Domine,
1698 2887 1781 2942 super

981 2969 1041 3018 rros,
1055 2955 1279 3024 quemadmodum
1298 2958 1467 3026 speravimus
1483 2959 1560 3014 inte.

1278 3087 1285 3112 ,
1302 3047 1348 3117 qui
1363 3050 1465 3104 suntin
1477 3058 1549 3104 terra
1562 3051 1632 3122 ejus.
1646 3051 1740 3108 Gloria
1754 3062 1782 3109 et

135 3106 283 3162 abscondat
307 3119 323 3159 a
343 3100 433 3157 calore
453 3099 521 3170 ejus.
547 3100 603 3155 Lex
624 3098 732 3155 Domini
756 3096 927 3154 immaculata
942 3107 964 3168 ι]
981 3135 1016 3190 ho
1017 3150 1034 3189 n
1036 3151 1053 3190 0
1053 3150 1083 3190 m
1094 3137 1232 3192 coronasti
1241 3151 1298 3192 eos.
1315 3136 1443 3205 Posuisti,
1457 3137 1580 3197 Domine·

136 3207 298 3255 convertens
316 3196 440 3250 animas:
457 3192 644 3248 testimonium
658 3191 763 3246 Domini
779 3188 874 3255 ildeie,
889 3203 930 3245 sa-

135 3293 266 3363 pientiam
283 3295 416 3360 praestans
429 3285 559 3357 parvulis.
587 3283 703 3339 iustitiae
716 3281 822 3337 Domini
837 3291 928 3347 recttc,

136 3382 305 3436 letlllcames
317 3378 398 3433 ⁰0de
412 3395 418 3430 ²
431 3383 594 3446 lll'aeoel'tum
609 3372 717 3428 ⁰⁰¹¹¹i¹¹³
729 3371 859 3436 lucidum’
874 3371 930 3473 ulf*
980 3408 1113 3477 adjutorio
1124 3420 1176 3466 tuae
1186 3413 1365 3481 protectionis
1375 3415 1484 3471 insinua
1497 3433 1504 3483 ;
1520 3418 1604 3489 etqui
1620 3420 1783 3491 singillatim

136 3474 244 3528 minans
257 3467 360 3524 oculos.
380 3464 474 3520 Timor
492 3463 599 3526 Domini
619 3470 730 3518 sanctus
746 3468 888 3531 permanet
901 3478 928 3515 ιιι

136 3540 263 3618 saeculum
279 3555 370 3614 saeculi
382 3575 388 3610 :
402 3553 503 3624 judicia
516 3551 624 3607 Domini
638 3566 713 3617 vera,
733 3549 879 3619 justificata
901 3550 929 3604 in

137 3651 292 3720 semetipsa.
319 3643 513 3701 Desiderabilia
539 3656 621 3712 super
642 3655 739 3697 aurum
765 3648 793 3695 et
814 3639 930 3710 lapidem

138 3745 284 3816 pretiosum
302 3738 436 3794 multum:
450 3744 478 3790 et
491 3733 611 3789 dulciora
624 3746 707 3802 super
721 3730 774 3787 mel
792 3739 819 3786 et
828 3729 929 3786 iarum.

138 3833 244 3890 Etenim
258 3844 354 3886 servus
367 3836 429 3882 tuus
441 3825 560 3882 custodit
572 3839 605 3879 ea
618 3841 624 3876 :
643 3824 669 3877 in
680 3822 865 3878 custodiendis
878 3821 931 3878 iilis

138 3923 282 3980 retributio
296 3919 390 3976 multa.
412 3917 515 3972 Delicta
530 3915 591 3986 quis
606 3912 752 3986 intelligit?
766 3914 801 3969 ab
819 3912 932 3969 occultis

110 4038 114 4044 ·
137 4015 207 4070 meis
220 4012 320 4068 munda
334 4024 393 4077 me,
417 4017 444 4063 et
464 4008 498 4062 ab
516 4006 612 4061 alienis
631 4020 714 4088 parce
730 4019 809 4060 servo
826 4014 880 4059 tuo.
901 4003 931 4060 st

138 4109 192 4163 mei
207 4122 262 4163 non
274 4103 376 4160 iuerlut
388 4100 531 4166 dominati,
545 4107 610 4153 tune
622 4097 811 4155 immaculatos
823 4112 871 4153 ero
883 4114 890 4151 ε
905 4104 933 4152 ιι

138 4196 306 4255 emundabor
319 4210 335 4249 a
347 4192 447 4248 delicto
462 4190 590 4245 marimo.
611 4189 645 4244 lit
662 4196 754 4254 erunt,
774 4196 806 4244 ut
818 4187 933 4259 compla-

118 4296 220 4347 .ceant
237 4286 346 4358 eloquia
357 4285 414 4340 oris
428 4283 493 4348 mei,
515 4291 544 4337 et
564 4281 705 4338 meditatio
727 4281 817 4336 cordis
836 4282 889 4337 mci
904 4282 932 4336 in

136 4386 288 4451 conspectu
308 4383 354 4433 tuo
368 4388 483 4444 semper.
507 4372 632 4438 Domine,
646 4371 753 4443 adjutor
766 4386 843 4428 meus
855 4379 883 4429 et
893 4385 934 4427 re·

134 4475 263 4545 ‚demptos
276 4487 362 4527 meus.

173 4562 313 4635 *desupra
337 4561 455 4628 Sanctis,
480 4559 526 4631 qui
549 4567 631 4625 sunt;
652 4559 679 4613 in
703 4572 812 4614 omnem
831 4567 932 4615 terram
1010 4605 1015 4616 .

135 4657 226 4714 *exivit
237 4671 320 4713 sonus
334 4671 437 4711 eorum.
451 4652 610 4710 constitues
623 4665 680 4706 eos.
704 4648 790 4706 Nimis
807 4650 933 4708 bonoratr

141 4756 205 4804 sunt
216 4747 298 4802 amici
312 4746 351 4800 tui
365 4745 446 4801 Deus.
722 4786 725 4797 .

178 4839 258 4912 109
271 4837 373 4893 Oratio.
388 4836 512 4902 Domine,
527 4845 590 4891 ante
599 4849 680 4906 quern
694 4835 784 4893 nullus
794 4821 940 4894 abscondi·⁸

138 4942 186 4988 :tur
199 4973 206 4998 ,
221 4948 237 4987 a
251 4929 326 4999 cujus
343 4928 518 4998 inquisitione
534 4928 605 4999 quod
623 4927 721 4995 latitat,
742 4943 797 4984 non
811 4928 932 5000 celatur;

142 5025 177 5080 ab
190 5021 304 5079 occultis
324 5019 425 5074 nostris
446 5019 547 5074 munda
561 5035 611 5076 nos
624 5061 632 5086 ,
650 5027 678 5075 ct
691 5020 726 5075 ab
739 5020 836 5077 alicnis
852 5036 935 5092 parce

142 5115 229 5171 servis
241 5114 314 5177 tuis,
335 5119 362 5168 et
380 5118 479 5182 presta
501 5119 533 5165 ut
554 5111 766 5167 examinationis
778 5119 831 5167 tuse
844 5111 934 5168 calore

141 5206 247 5276 puritas
259 5220 275 5260 a
289 5210 316 5260 te
327 5216 457 5260 concessa
468 5215 523 5258 non
537 5209 643 5257 aestuet.

347 5313 506 5371 estibus
524 5312 731 5372 hhhrvutth.

179 5433 268 5500 (Psar.
284 5433 383 5504 xrvrr.)
398 5432 539 5489 Exsultate
548 5426 615 5501 Justi
636 5431 666 5487 iu
688 5431 821 5487 Domino:
847 5440 936 5489 rectos

144 5523 222 5580 decet
241 5525 412 5581 collaudatio.
435 5522 608 5579 Contitcmini
627 5522 741 5580 Domino
764 5523 791 5578 in
810 5523 934 5581 cithara:

144 5621 173 5673 ln
186 5617 314 5687 psalterio
325 5618 417 5675 decern
431 5615 593 5673 chordarum
606 5614 711 5687 psallite
725 5616 773 5672 illi.
786 5616 900 5675 Caumte
910 5619 935 5674 ei

146 5708 283 5765 caudeam
294 5721 414 5764 novum:
434 5707 503 5764 berre
520 5705 626 5776 psallite
639 5707 663 5762 ei
685 5707 711 5762 io
730 5705 934 5764 vocitcrarione.

1016 3226 1118 3282 Oratio.
1133 3226 1194 3282 Fiat
1205 3229 1392 3285 misericordia
1407 3238 1464 3297 tua,
1482 3227 1606 3298 Domine,
1624 3249 1710 3305 super
1719 3252 1781 3302 roos,

979 3327 1007 3374 et
1018 3320 1160 3375 animabus
1178 3323 1278 3378 nostris
1298 3321 1458 3392 patientiam
1473 3325 1508 3380 ad
1524 3326 1615 3381 omnia
1639 3327 1783 3386 toleranda

980 3498 1062 3554 corda
1079 3499 1219 3556 hominum
1236 3503 1327 3575 lingis,
1349 3520 1398 3576 spe
1414 3513 1460 3562 tua
1481 3508 1648 3575 sanctiilces,
1670 3520 1702 3566 et
1717 3514 1784 3584 quia

980 3589 1051 3644 oculi
1065 3591 1104 3645 tui
1120 3607 1202 3662 super
1217 3605 1350 3661 cussum,
1364 3598 1410 3667 qui
1424 3605 1450 3654 te
1453 3637 1508 3653 .....
1522 3597 1614 3671 [Forte
1624 3603 1714 3674 sappi.
1728 3620 1787 3660 me·

982 3680 1082 3753 tuunt],
1101 3683 1206 3740 timoris
1225 3686 1263 3740 tui
1280 3688 1312 3742 da
1329 3689 1408 3744 nobis
1421 3690 1631 3760 plenitudinem,
1650 3702 1681 3750 ut
1699 3697 1785 3753 etiam

982 3775 1104 3840 aspectui
1118 3774 1245 3831 conleras
1257 3776 1427 3848 dignitatem.

1132 3929 1293 3988 Psittrus
1311 3933 1393 3988 lTEll
1412 3935 1619 3996 hhhvlhbll.

1018 4061 1107 4133 (usn.
1131 4064 1257 4145 trxvrrr.)
1282 4063 1361 4130 Deus,
1378 4076 1512 4124 venerunt
1521 4077 1617 4141 gentes
1629 4070 1656 4125 ln
1668 4071 1792 4129 haeredi-

982 4157 1066 4205 tatem
1079 4159 1164 4217 tuam‚
1178 4151 1330 4221 poDuerunt
1343 4156 1474 4225 templum
1485 4167 1611 4214 sanctum
1624 4168 1722 4215 tuum:
1740 4177 1791 4232 po

983 4250 1096 4297 suerunt
1111 4241 1279 4299 Hierusalem
1300 4245 1328 4300 in
1343 4261 1485 4316 pomorum
1502 4250 1664 4306 custodiam.
1685 4251 1790 4310 Posce

983 4343 1049 4390 runt
1074 4336 1217 4390 morticina
1238 4352 1378 4392 servorum
1401 4349 1511 4394 tuorum
1531 4356 1609 4398 escas
1628 4343 1790 4402 volatilibus

984 4424 1066 4480 coeli:
1083 4439 1181 4481 carues
1191 4436 1349 4482 sanctorum
1365 4437 1473 4485 tuorum
1491 4431 1587 4487 bestiis
1603 4422 1694 4489 terrae.
1716 4434 1790 4492 lill'u-

982 4515 1082 4571 derunt
1092 4517 1252 4588 sanquinem
1265 4533 1360 4574 eorum
1377 4527 1505 4590 tanquam
1514 4537 1614 4592 aquam
1625 4523 1652 4577 io
1663 4524 1787 4582 circuitu

984 4603 1152 4662 iherusalem
1167 4626 1173 4661 :
1187 4616 1214 4662 et
1229 4624 1283 4664 non
1299 4619 1369 4676 evat,
1382 4611 1429 4681 qui
1444 4611 1582 4682 sepeliret.
1599 4612 1676 4670 Facti
1688 4631 1790 4674 sumus

983 4698 1157 4768 opprobrium
1178 4701 1276 4756 vicinis
1297 4704 1414 4769 nostris,
1440 4705 1618 4761 subsannatio
1638 4714 1668 4763 ιι
1693 4707 1790 4765 illasio

983 4788 1028 4844 his
1044 4790 1089 4859 qui
1108 4790 1262 4847 incircuitu
1277 4800 1371 4849 nostro
1385 4803 1459 4850 sunt
1476 4794 1632 4866 Dsquequo,
1656 4796 1787 4864 Domine,

985 4881 1114 4938 irasceris
1138 4883 1165 4937 in
1187 4881 1271 4938 linctu
1292 4887 1483 4942 :accendetur
1509 4887 1582 4944 velut
1608 4889 1681 4960 ignis
1703 4891 1788 4949 aelus

987 4982 1050 5030 tuus
1060 4975 1072 5030 i
1084 4973 1198 5030 Eiluodc
1210 4975 1279 5030 iram
1295 4985 1369 5031 tuam
1381 4978 1409 5032 in
1427 4986 1532 5049 gentes,
1549 4993 1611 5049 quae
1628 4989 1655 5034 te
1668 4996 1726 5038 nou
1737 4996 1787 5037 ιιι-

986 5075 1102 5120 verunt:
1119 5073 1147 5120 et
1166 5066 1195 5120 in
1212 5081 1295 5138 regna
1318 5083 1377 5137 quae
1396 5084 1495 5126 nomeu
1512 5078 1589 5125 tuum
1602 5086 1657 5127 uon
1676 5071 1789 5128 mvner-

987 5166 1095 5214 verunt.
1113 5157 1181 5226 Quia
1200 5159 1489 5229 comederunttacob,
1506 5174 1534 5218 et
1555 5163 1645 5220 iocum
1661 5163 1724 5233 ejus
1741 5163 1790 5222 ‹le'

988 5250 1151 5306 solavcrunt.
1180 5250 1219 5306 Ne
1245 5255 1401 5311 memineris
1427 5256 1601 5326 iniquitatum
1627 5266 1786 5316 nostrarum

908 5371 915 5378 ·
988 5345 1178 5414 arariquarum:
1198 5344 1253 5399 cilo
1267 5346 1419 5416 anticipent
1438 5365 1489 5404 nos
1507 5350 1704 5407 misericordie
1719 5359 1787 5413 ture.

989 5437 1052 5506 quia
1068 5451 1201 5508 pauperes
1221 5436 1286 5493 iacti
1303 5453 1396 5495 sumus
1409 5441 1500 5497 nimis.
1520 5441 1625 5514 lldp'ura
1638 5458 1702 5511 nos,
1713 5443 1787 5498 Deus

988 5526 1115 5582 salutaris
1128 5534 1220 5583 noster
1234 5546 1240 5582 :
1257 5536 1285 5583 ct
1300 5537 1410 5600 propter
1422 5531 1535 5600 gloriam
1541 5533 1664 5589 nominis
1673 5533 1724 5599 tui,
1735 5532 1788 5588 De-

988 5617 1073 5683 mine,
1094 5616 1178 5674 libera
1191 5634 1252 5683 nos,
1275 5627 1303 5674 et
1323 5620 1456 5690 propitius
1468 5631 1528 5680 esto
1543 5624 1666 5694 pcccatis
1682 5623 1787 5681 uostris

987 5714 1099 5778 propter
1119 5722 1216 5763 nomen
1239 5717 1323 5764 tnuru.
1349 5709 1387 5765 Ne
1403 5711 1578 5771 iortedicant
1593 5714 1784 5787 ingentibus:
