3780 6120
117 350 172 410 ile
538 344 571 400 lt.
590 341 622 399 F.
640 338 753 398 llbls'l
772 340 838 397 SEU
857 336 994 397 llcbtnl
1013 334 1153 397 beenon
1172 336 1261 394 elus
1279 336 1322 394 lll.
1687 328 1728 388 lib

119 475 217 515 ttamen
230 456 312 529 992
325 455 476 528 adoptionis
487 455 514 509 in
527 453 648 518 Christo,
662 452 704 508 rol
718 468 807 508 nrrncn
828 451 906 507 ativae
922 456 944 511 Α
960 454 993 507 15
1005 453 1047 508 ίτίς
1058 452 1227 521 adoptionem
1241 452 1389 509 describit:
1408 468 1417 501 τ
1435 445 1552 517 Ᾱτίυρτίυ
1566 445 1686 528 quasdam
1699 454 1734 503 ert

121 531 270 586 divininatis
283 542 421 597 nunquam
434 524 570 588 babuerit,
586 539 724 594 nunquam
739 539 795 593 prae
814 522 905 577 icavit.
960 523 1104 577 voluntatis
1118 523 1290 592 significatio,
1313 538 1366 577 nnn
1388 518 1538 575 nativitatis
1552 524 1663 570 tentas.
1683 517 1735 573 vm

119 601 186 668 Quae
199 600 308 655 nomina
328 611 379 653 nce
394 598 420 651 in
435 594 598 720 Eranqcliis,
614 610 665 649 nec
683 594 711 647 in
725 591 907 661 apostolorum
959 593 1030 647 enirn
1045 593 1146 647 babere
1159 593 1186 646 in
1208 593 1327 657 nomine,
1342 592 1388 661 qui
1404 589 1513 658 adoptat
1536 586 1588 642 sibi
1608 585 1691 641 lilium
1709 602 1737 644 et

120 670 258 740 Epistolis,
273 671 326 723 imo
341 683 391 722 nec
406 667 433 721 in
448 681 516 737 prop
537 666 614 719 cticis
636 664 719 719 totius
732 663 837 719 Veteris
858 661 910 715 'l'e-
959 664 1079 733 quolibet
1093 663 1191 723 alieno,
1208 662 1282 716 illum
1307 677 1387 732 quem
1403 676 1456 714 non
1472 659 1553 713 babet
1567 656 1740 785 gorgprfiiqffl

120 741 247 797 staurenti
263 739 372 808 scriptis
384 737 481 791 alieubi
494 735 683 799 inveniantur;
699 734 747 787 sed
761 748 811 788 nec
822 733 849 786 in
860 731 909 785 ali·
960 742 1066 788 natura.
1094 752 1104 784 a
1121 732 1150 786 ln
1178 732 1267 787 libella
1294 740 1383 787 autem
1410 730 1444 784 ad
1471 722 1565 783 nanae

121 810 198 880 cujus
213 818 367 865 sanctorum
386 808 496 861 Patrum
510 813 538 860 et
550 805 690 861 doctnnrm
711 801 909 858 ecclesiastico·
960 819 1034 856 rrum.
1051 794 1085 857 lt
1106 802 1152 867 ait,
1177 818 1226 857 nos
1240 802 1315 872 prius
1337 809 1431 863 natos,
1446 814 1478 854 ac
1491 809 1548 851 tum
1563 796 1684 866 primum
1701 812 1741 869 par

121 897 181 935 rum
197 880 284 941 libris,
301 893 352 933 nec
375 878 402 931 in
416 876 544 947 Symbola
566 874 724 944 apostolico,
745 873 786 927 rel
807 872 907 927 niceni
959 873 1075 938 gratiam
1106 870 1266 927 bebelicinm
1295 870 1446 941 adoptionis
1473 875 1639 924 consecutos
1671 880 1740 935 esst,

121 950 240 1013 concilii,
256 949 296 1003 vel
319 949 401 1001 etiarn
417 947 444 999 in
466 946 581 1015 alicuius
602 944 697 1015 synodi
712 941 907 1006 affirmatione,
960 941 1098 996 Christum
1125 940 1267 1010 saraiam
1292 956 1325 996 co
1349 947 1499 1019 memento
1516 952 1571 1020 quo
1594 936 1742 995 hnmanitas

122 1028 170 1075 ant
183 1020 209 1074 in
225 1019 314 1087 aliqua
330 1016 469 1071 catholica
490 1016 552 1070 iidei
569 1015 740 1070 anctoritate.
760 1013 795 1067 Et
809 1011 908 1066 mirum
962 1013 1050 1068 Verbo
1067 1010 1142 1065 unita
1164 1021 1216 1076 est,
1240 1011 1338 1066 lilium
1362 1010 1410 1065 Dei
1431 1016 1580 1069 exstitisse,
1609 1021 1643 1061 ac
1658 1020 1743 1061 motu·

122 1097 164 1144 est
176 1105 225 1143 car
238 1104 291 1142 non
308 1088 421 1140 timeant
434 1085 502 1139 tales
516 1086 641 1140 doctores
660 1099 740 1138 nora·
751 1082 871 1145 inlcrre,¹
882 1091 910 1135 et
961 1089 1076 1152 quanter
1089 1097 1142 1135 oon
1157 1082 1322 1151 adoptivum,
1337 1081 1385 1137 sed
1398 1078 1548 1135 naturalem
1563 1092 1598 1131 ex
1609 1076 1675 1146 lure
1684 1078 1743 1133 aab·

123 1158 259 1227 incognita
272 1156 391 1225 antiquis
405 1156 581 1224 temporibus,
598 1154 662 1208 dum
676 1154 801 1224 egregius
815 1153 910 1207 doctor
961 1153 1053 1207 vitatis
1065 1151 1208 1206 dicendum
1221 1166 1292 1206 esse.
1313 1152 1353 1206 Eu
1367 1150 1449 1205 rerba
1465 1146 1572 1204 dicuini
1587 1162 1594 1200 :
1608 1165 1622 1230 .‘
1640 1146 1744 1203 vitem

122 1229 241 1297 gentium
255 1241 349 1282 ornnes
363 1227 495 1280 novitates
507 1239 615 1287 vocum,
630 1232 659 1278 et
672 1224 796 1278 inventas
805 1223 910 1277 noviter
961 1222 1041 1291 bajus
1054 1221 1164 1275 heresis
1174 1236 1233 1277 esse
1247 1236 1355 1276 eausam
1370 1221 1397 1274 ίυ
1410 1220 1501 1274 animo
1511 1218 1743 1287 errantium,qtttd

123 1306 211 1352 sectas
224 1298 333 1351 omrrina
347 1296 461 1350 firmiter
474 1296 617 1365 probibeat
631 1310 646 1348 a
659 1308 795 1363 quoquam
816 1294 910 1348 catbo-
960 1300 1057 1364 patant
1077 1291 1114 1355 bl,
1129 1293 1176 1361 qui
1198 1299 1322 1347 asserunt
1345 1289 1482 1345 Christum
1499 1289 1659 1359 adoptimum
1675 1302 1741 1351 esse,

122 1367 176 1423 lieo
198 1366 295 1436 recipi;
321 1367 348 1420 in
362 1374 479 1428 tautum,
503 1373 534 1419 ut
556 1365 638 1419 etiam
660 1364 772 1435 angelis,
795 1371 824 1417 et
836 1360 910 1416 omni
961 1378 1044 1418 unum
1059 1376 1128 1421 esse.
1154 1362 1333 1432 assumpsisse
1358 1359 1458 1428 aliquid
1478 1367 1506 1413 et
1531 1358 1743 1428 adoptasse:de

31 1444 34 1449 '
123 1438 226 1492 bomini
249 1437 392 1490 anatliema
408 1435 537 1490 indixisse
551 1449 606 1489 uon
625 1432 779 1497 dubitaret,
793 1433 817 1487 si
831 1432 911 1486 aliter
961 1450 1015 1503 iguo
1027 1446 1120 1487 errore
1135 1432 1161 1486 ίυ
1175 1447 1223 1487 ςυο
1237 1432 1296 1487 loco
1312 1432 1378 1485 satis
1401 1428 1605 1500 respondimus:
1623 1433 1653 1483 et
1669 1442 1739 1483 unm

123 1508 307 1577 praedicasset,
326 1520 407 1575 quam
419 1504 453 1558 ab
467 1503 513 1558 illo
527 1504 702 1574 predicatum
722 1512 805 1558 esset.
828 1522 836 1553 τ
855 1501 910 1555 Νοο
961 1505 1097 1558 aestimant
1114 1503 1229 1571 gratiam
1244 1511 1272 1557 et
1286 1502 1468 1571 adaptionem,
1484 1514 1546 1557 enm
1566 1498 1669 1569 legitur
1684 1498 1742 1571 dpu-

125 1576 199 1631 solus
218 1574 270 1630 init
281 1574 421 1633 dicuinos,
435 1574 480 1643 qui
505 1574 538 1629 de
554 1574 674 1628 novitate
690 1574 818 1628 doctrinae
841 1570 912 1625 Feli-
961 1574 1059 1628 stolum
1073 1573 1162 1628 dicere
1179 1588 1186 1624 t
1202 1571 1296 1627 Gratia
1311 1572 1359 1625 liei
1369 1587 1415 1641 pra
1426 1568 1546 1651 amnibus
1559 1568 1676 1637 gestauit
1686 1584 1741 1623 mr-

124 1660 184 1728 Ιοοτυ
197 1654 225 1701 οι
238 1646 397 1715 Elipandnrn
411 1659 442 1698 ar
461 1644 511 1707 uit,
528 1659 587 1698 rom
611 1644 710 1726 lleatus
723 1658 756 1725 aa
767 1642 909 1740 ῌιίτοτίυς,
962 1654 1013 1727 tent
1026 1641 1121 1714 (debr.
1137 1657 1165 1706 n,
1180 1642 1223 1724 9)·.
1234 1643 1406 1741 Tamannorr
1422 1642 1490 1694 drrrt
1508 1639 1677 1724 apostolas,
1690 1638 1740 1693 ab

125 1712 867 1855 'lariieugeepiesteosng⁰3¹3qurebffigrsrpmqld'l'lsi'{grili‘tllesssffi
883 1728 909 1836 Ἣ
927 1708 1741 1863 13giiggeciffirgfflanssrjnlrffltisssllinullgeigoettenadofftlig.m

124 1857 254 1911 adversus
269 1855 427 1925 Eiipandurn
444 1853 591 1923 inquiunt:
608 1872 617 1905 τ
637 1853 696 1908 Νου
710 1853 804 1908 didicit
820 1850 911 1907 Eccle-

125 1926 165 1980 sia
188 1927 257 1980 banc
272 1925 350 1979 iidem
374 1932 447 1978 taam
459 1938 508 1993 per
529 1932 614 1979 totum
629 1924 769 1986 mundam,
784 1938 834 1977 nec
847 1936 912 1977 con·

125 1996 214 2050 suerit
226 1994 337 2050 credere
350 1994 377 2048 in
391 2010 462 2057 ουυτ,
476 1994 566 2063 quide
579 1994 688 2065 Virgine
702 2003 782 2047 natus
794 2001 846 2057 est,
857 2006 912 2046 non

125 2080 174 2135 per
187 2065 262 2119 illurn
278 2066 349 2120 laeta
362 2079 422 2119 esse
435 2064 552 2119 risibilia
567 2073 595 2120 et
611 2063 756 2119 invisibilia
772 2081 779 2117 :
794 2063 841 2117 sed
853 2069 913 2116 taa-

128 2144 185 2189 tum
218 2150 250 2191 er
264 2136 350 2195 illum,
365 2134 412 2204 qui
433 2150 485 2188 non
510 2142 552 2189 est
574 2134 729 2203 adoptione,
741 2134 788 2188 sed
802 2146 911 2204 genere.

125 2204 182 2260 Nee
200 2152 286 2260 {niret
307 2204 529 2260 consuetudinem
551 2204 642 2260 dicere
661 2219 668 2258 ε
684 2204 772 2259 Credo
787 2203 814 2257 in
829 2202 913 2256 lleum

126 2274 235 2329 Patrem
248 2276 471 2345 omnipotentem,
493 2284 521 2328 et
535 2275 561 2329 in
576 2274 673 2341 Filium
687 2273 756 2343 rjais,
771 2274 817 2343 qui
829 2271 915 2326 deita-

126 2354 210 2400 tatem
224 2361 301 2400 suam
317 2346 477 2407 exinaniuit,
493 2346 618 2413 apparuit
633 2344 659 2398 in
675 2344 774 2399 mundo
786 2359 835 2412 per
851 2342 916 2395 sub-

122 2415 202 2484 jectar
216 2424 349 2470 creature
373 2416 492 2484 speciem
507 2429 570 2468 curn
584 2414 665 2468 l’atre
688 2421 716 2467 et
736 2412 837 2482 Spiritu
853 2426 916 2465 san-

127 2493 184 2549 cta,
196 2485 312 2539 Abrahae
328 2486 354 2538 in
372 2484 430 2552 ipso
450 2484 556 2538 serrare
571 2483 635 2546 diei,
649 2483 694 2551 qui
717 2492 759 2536 est
773 2480 915 2549 adoptivus

128 2555 305 2615 immanitate,
321 2563 348 2607 ct
358 2568 528 2623 nequaquam
540 2552 681 2621 adoptivus
691 2550 840 2605 diuinitate.
853 2548 916 2603 llaec

129 2624 197 2677 tides
211 2632 257 2677 tua
276 2630 327 2678 cst.
350 2621 418 2676 Nam
438 2623 465 2676 in
481 2630 537 2676 toto
557 2620 658 2675 mundo
678 2636 731 2676 non
744 2629 796 2684 cst,
821 2626 875 2673 etc.
903 2636 913 2670 r

128 2692 206 2746 Tam.
222 2690 244 2745 ll
257 2693 389 2746 Tlresaar.
404 2691 523 2746 bianum.
547 2690 620 2745 Eccl.
644 2690 709 2745 edit.
726 2690 845 2759 basnage
868 2686 914 2743 lul.

129 2760 193 2817 348.
208 2760 303 2815 Patres
325 2775 389 2814 sero
414 2759 672 2815 Francolnrdienses
693 2760 720 2813 in
740 2759 859 2829 Epistola
882 2757 917 2812 ad

130 2831 270 2913 episcopos
284 2828 418 2898 Hispaniae
431 2832 467 2884 ita
481 2830 620 2885 scribunt:
637 2848 646 2880 a
664 2830 704 2883 Τυ
716 2845 781 2884 vero
794 2827 918 2911 quisquis

130 2917 171 2966 es,
184 2918 231 2971 qur
243 2900 380 2956 Cbristum
396 2900 525 2969 praedicas
539 2900 705 2970 adoptivam,
719 2901 790 2953 unde
803 2899 852 2954 tibi
866 2907 918 2953 rste

129 2987 226 3026 sensus
240 2972 369 3035 venisset,
384 2969 528 3024 voluissem
544 2970 628 3034 seire:
646 2970 692 3024 ubi
706 2971 757 3024 hoo
770 2982 867 3024 nornen
878 2967 919 3023 di·

130 3040 256 3104 dicisses,
277 3039 397 3095 ostende.
418 3039 581 3095 Patriarcbae
594 3040 758 3104 nescierunt,
780 3040 919 3109 prophetae

129 3126 184 3165 ¹¹⁰⁰
206 3111 344 3175 ‘mesum'
366 3110 480 3180 ³⁹⁰St⁰li
503 3125 557 3163 non
580 3110 807 3178 pmdicavemm’
831 3110 954 3215 meuc
974 3112 1075 3239 roffi
1107 3183 1147 3237 dri
1160 3195 1342 3251 ardttnrentam
1355 3185 1425 3255 duod
1439 3184 1560 3239 ctrrlsras
1571 3201 1625 3257 (itta
1638 3184 1708 3239 borso
1719 3192 1744 3237 ts

127 3188 288 3237 tractatores
303 3182 352 3235 boc
367 3195 465 3237 namen
482 3188 635 3244 tacuerant,
652 3181 777 3235 doctores
791 3179 854 3234 stdei
868 3194 916 3232 nn·

128 3251 440 3313 struenondocuerum,
456 3261 509 3305 ete.
534 3270 543 3302 a
570 3250 649 3304 Tam.
677 3249 710 3305 lx
736 3250 819 3305 Cone.
848 3248 915 3303 edit.

128 3320 214 3375 Colcti
229 3321 280 3376 cal.
297 3321 341 3376 st.
367 3320 434 3374 llein
457 3328 484 3374 et
505 3319 636 3373 lileuinus
659 3319 760 3389 ubique
784 3318 917 3373 unitatem

165 3405 251 3445 rsonae
266 3392 292 3444 in
306 3390 415 3445 Cbristo
430 3397 519 3460 urget,
534 3404 649 3458 eamque
662 3390 857 3445 assertionibus
868 3388 918 3442 Fe·

141 3460 190 3515 icis
202 3467 229 3515 et
241 3460 364 3531 Elipandi
379 3461 481 3514 destrui
496 3460 648 3514 ratiociniis
662 3460 834 3516 solidissimis
855 3473 918 3528 pro-

129 3531 186 3585 bat.
203 3531 236 3585 m
248 3529 420 3601 singulariter
433 3530 542 3599 quidem
560 3539 748 3601 argumentum
774 3532 826 3585 boe
840 3530 918 3584 adbi-

129 3601 176 3656 bet
188 3609 283 3656 contra
298 3615 398 3655 novum
411 3600 445 3654 de
455 3599 580 3667 adoptivo
594 3600 648 3653 tilio
662 3602 770 3669 dogma,
786 3600 880 3655 dicens
891 3600 917 3653 in

129 3669 219 3726 libello
233 3670 268 3726 ad
287 3668 408 3725 Abbates
431 3677 459 3724 et
483 3668 628 3725 llonacbos
641 3668 746 3725 Gotbiae
768 3686 843 3725 nram.
862 3670 915 3725 la:

133 3758 143 3792 a
162 3740 189 3795 Si
205 3741 288 3823 igitur
301 3740 431 3794 llominus
445 3739 570 3795 Christus
584 3741 730 3795 secundum
739 3755 858 3803 carnem,
867 3740 919 3795 sie-

131 3820 162 3865 ut
181 3810 291 3881 quadarn
315 3809 437 3881 improba
458 3810 658 3881 ildegardam,
679 3812 820 3882 adoptivus
832 3819 873 3865 est
887 3809 920 3863 ll-

130 3880 192 3945 lius,
218 3896 390 3950 nequaquam
412 3895 482 3934 rrnus
505 3890 548 3935 est
572 3880 653 3945 blius,
677 3882 739 3951 quia
766 3881 919 3936 nullatenus

131 3951 258 4021 proprius
272 3949 343 4005 lilius
357 3959 384 4005 et
400 3951 543 4020 adoptivas
564 3967 634 4007 υυυς
653 3967 713 4007 οςςο
745 3958 816 4008 otest
836 3950 917 4015 illius,

131 4021 194 4089 quia
207 4036 277 4075 υυυς
289 4036 370 4076 νοτιτς
379 4030 407 4075 οι
416 4021 545 4077 aiteruon
557 4036 638 4077 νοτυς
648 4037 708 4077 οςςο
719 3968 915 4092 (flgnoseitura

130 4090 249 4146 Numero
261 4100 352 4146 autem
368 4091 403 4145 55
415 4092 509 4146 eadem
524 4092 628 4146 ratione
647 4108 678 4147 ar
698 4099 870 4154 omentator‚
891 4101 920 4146 et

132 4169 275 4231 postquam
287 4176 320 4215 ex
335 4160 345 4214 l
358 4158 435 4215 loon.
451 4178 478 4214 rr
485 4162 624 4231 sequentia
635 4108 717 4217 veria
731 4162 841 4216 retulit:
856 4160 921 4217 Ont-

132 4233 172 4285 ais
185 4231 304 4302 spiritus,
318 4231 362 4301 qai
372 4229 448 4284 soluit
460 4230 560 4291 desum,
575 4248 607 4285 ea
620 4231 676 4286 Deo
689 4249 739 4285 aun
753 4242 802 4297 est,
815 4239 879 4303 ete,
892 4232 919 4285 in

133 4301 205 4355 bane
217 4301 326 4355 modum
338 4299 426 4369 pergit
448 4317 454 4353 :
473 4318 483 4349 τ
499 4300 569 4366 Quid
580 4310 621 4356 cst
633 4302 737 4357 solvere
749 4299 850 4361 iesum.
866 4301 918 4356 nisi

131 4386 185 4426 non
200 4370 311 4425 credere
322 4384 383 4424 eum
397 4370 438 4423 rel
450 4385 544 4424 rerum
558 4371 652 4436 Derim,
667 4372 708 4425 rel
718 4386 811 4425 rerum
822 4371 919 4425 filiurn

134 4441 180 4495 bei
198 4441 225 4495 in
240 4449 354 4509 utraque
368 4453 428 4494 esse
448 4447 553 4503 natura,
570 4440 617 4508 qui
639 4456 708 4495 υυυς
728 4450 769 4494 est
788 4439 870 4505 bens,
891 4451 919 4496 et

132 4526 202 4565 unus
215 4511 309 4575 Filius,
323 4518 350 4563 et
362 4525 430 4566 unus
441 4508 565 4564 Christus
586 4512 612 4564 in
626 4511 776 4565 substantia
793 4500 957 4569 divinita-D

133 4581 168 4634 tis
183 4589 265 4651 atquc
290 4580 486 4635 hamanitatis?
507 4578 566 4633 ll'an
589 4580 660 4634 sicut
671 4580 779 4649 quidam
795 4579 917 4650 improbo

132 4651 254 4706 caecitate
269 4650 344 4705 illurn
357 4650 534 4705 indivinitate
551 4650 688 4721 proprium
700 4650 747 4705 lici
759 4650 848 4703 Patris
857 4646 917 4706 esse

133 4718 241 4786 Filiam,
264 4722 419 4805 adoptiuum
442 4719 637 4788 rcroeiasdam
657 4719 703 4774 Dei
723 4719 812 4775 Patris
827 4720 855 4773 ίυ
868 4720 919 4774 bu·

132 4791 262 4846 inanitate
277 4790 431 4845 allarmnnt:
448 4798 475 4845 et
490 4792 512 4845 si
526 4792 562 4846 ita
577 4799 659 4856 esset,
672 4791 782 4845 omnino
802 4790 855 4845 cluo
869 4790 918 4845 titii

131 4869 238 4926 essent;
254 4860 318 4930 qnia
327 4876 509 4943 nequaquam,
520 4869 550 4915 ut
578 4862 663 4916 relati
678 4876 782 4924 sumus,
795 4876 847 4915 uua
859 4876 918 4915 esse

134 4938 222 5002 potest
235 4944 351 5001 persona
366 4947 393 4984 m
413 4931 523 5001 proprio
560 4931 605 4986 rlio
615 4940 643 4987 et
655 4932 684 4985 in
707 4931 842 5002 adoptivo,
856 4932 918 5000 quia

133 5016 204 5056 urnas
222 5016 255 5055 er
272 5000 325 5054 illis
337 5015 417 5054 νοτυς
431 5010 473 5055 cst
486 5002 566 5064 lilius,
579 5002 648 5056 alter
659 5002 750 5071 itaque
761 5017 816 5057 raon
828 5015 918 5056 veros.

131 5070 217 5143 igitur
230 5071 378 5136 diversum,
391 5086 483 5125 rerum
497 5079 524 5125 at
539 5086 591 5125 non
604 5087 697 5126 rerum
708 5086 778 5136 esse,
791 5071 853 5141 quis
866 5086 919 5125 non

132 5148 283 5213 agnoscat,
307 5141 359 5196 nisi
385 5140 533 5212 lethargico
555 5149 583 5195 et
613 5140 744 5197 frenetico
768 5141 871 5196 labaret
891 5142 918 5196 iu

133 5211 245 5265 morino?
262 5231 271 5263 r
288 5211 404 5269 Noverat
416 5226 513 5281 nempe
525 5218 553 5265 et
565 5209 695 5266 bicuinus
709 5212 880 5285 adoptionem
892 5212 919 5266 in

132 5294 287 5349 personam.
300 5288 327 5337 ct
340 5282 447 5353 quidem
458 5283 484 5337 in
534 5295 642 5336 rsouam
651 5288 819 5346 extraneam,
832 5281 875 5336 cui
886 5296 919 5335 ex

133 5350 275 5406 nativitate
284 5351 329 5419 jus
349 5354 384 5408 ad
403 5353 488 5423 patris
519 5352 685 5407 ereditatem
699 5367 752 5407 non
774 5352 918 5421 competit,

134 5418 241 5485 cadere,
254 5421 341 5490 qualis
354 5437 416 5476 cum
436 5424 463 5478 in
476 5422 585 5479 cbristo
598 5438 652 5477 non
666 5430 740 5477 esset
758 5421 832 5491 (boia
845 5422 918 5476 enirn

134 5487 204 5567 bana
218 5487 306 5545 Patris
318 5505 350 5545 ex
365 5492 423 5560 ipsa
438 5494 537 5548 unione
552 5494 587 5565 by
638 5493 730 5558 tatiea,
749 5507 781 5548 ae
794 5492 872 5575 proin
885 5506 919 5546 ex

134 5571 223 5626 primo
245 5562 428 5629 conceptionis
449 5563 560 5618 instanti
602 5563 673 5618 abita
687 5562 788 5633 crant),
800 5579 824 5618 rs
845 5570 920 5618 certe

135 5638 186 5680 uec
202 5627 291 5695 quoad
313 5635 436 5683 naturam
450 5632 596 5687 humanam
618 5633 691 5689 lilius
704 5634 846 5702 adoptivus
865 5632 919 5689 dici

135 5702 236 5780 pauet,
250 5704 298 5751 aut
319 5696 343 5751 si
356 5696 473 5763 dicatur,
497 5700 524 5755 in
543 5700 611 5757 duas
630 5704 679 5757 abs
694 5703 776 5757 dirlrin
789 5717 921 5773 personas

135 5764 218 5825 dtndt
240 5765 330 5824 (lebet.
346 5764 423 5825 Unde
443 5777 472 5824 et
483 5768 532 5826 lib.
546 5784 577 5829 ιυ
592 5780 688 5831 eontra
705 5770 824 5830 Felicem
843 5790 919 5830 nom.

965 1854 1041 1910 venit
1067 1867 1140 1907 enam
1169 1851 1305 1922 aliquibus
1332 1853 1359 1906 in
1380 1850 1446 1905 locis
1468 1850 1655 1920 ailoptionem.
1683 1848 1740 1905 ns

964 1925 1045 1981 cessit
1070 1938 1118 1976 nos
1160 1925 1238 1984 ralia,
1261 1931 1290 1975 ut
1312 1934 1434 1977 essemus
1465 1920 1605 1991 adeptiri;
1632 1918 1739 1975 Christus

964 2009 1029 2050 sero
1041 2008 1094 2047 non
1116 1938 1166 2045 tab
1181 2001 1242 2047 ante
1261 1993 1341 2047 bomo
1355 1991 1452 2055 lactus,
1464 1998 1492 2045 et
1506 1998 1569 2061 post
1577 2004 1631 2073 per
1643 1989 1739 2073 gratim

965 2061 1198 2134 adoptivusl'iiius
1209 2062 1272 2127 Dci;
1286 2064 1333 2117 sed
1348 2078 1410 2115 moa
1421 2062 1447 2116 in
1462 2070 1539 2116 utero
1552 2060 1676 2131 Vrrgims
1686 2060 1739 2113 litat

966 2150 1047 2190 νοτυς
1060 2140 1087 2187 et
1102 2133 1173 2188 licus
1186 2134 1266 2187 homo
1278 2139 1424 2201 conceptus
1436 2139 1495 2197 est;
1511 2138 1540 2185 et
1553 2132 1589 2185 de
1600 2139 1681 2185 utero
1696 2128 1739 2185 lir-

966 2205 1037 2277 ginis
1051 2204 1121 2259 Deus
1140 2218 1231 2265 ueros,
1257 2212 1285 2257 et
1297 2204 1377 2257 bomo
1390 2215 1471 2256 νοτυς
1491 2211 1582 2255 natas.
1603 2220 1613 2254 τ
1635 2200 1740 2257 Recitata

967 2275 1028 2329 dein
1046 2273 1099 2329 diri
1113 2273 1255 2343 Augustini
1278 2274 1304 2327 ίυ
1320 2274 1390 2328 bane
1408 2287 1464 2327 rern
1488 2271 1648 2327 testimonio
1661 2268 1738 2325 exli.

967 2343 1117 2399 Encbiridii
1131 2344 1167 2397 ita
1182 2343 1287 2413 pergit:
1305 2361 1314 2392 a
1330 2342 1387 2397 Non
1401 2350 1541 2397 comante
1556 2341 1628 2397 dixit
1641 2342 1682 2399 rel
1692 2352 1741 2397 otu·

968 2423 1074 2484 ceptum
1087 2412 1128 2466 rel
1150 2420 1254 2477 natum,
1266 2421 1294 2467 ct
1308 2422 1371 2467 tuuc
1387 2428 1437 2483 per
1452 2412 1570 2482 gratiam
1586 2411 1740 2483 adoptiuum

968 2484 1116 2551 accepisse,
1132 2491 1161 2536 ut
1179 2482 1263 2537 Filius
1275 2483 1322 2536 Dei
1335 2491 1421 2549 essct;
1439 2484 1485 2538 sed
1505 2498 1568 2538 mor
1583 2483 1612 2537 ln
1625 2484 1741 2555 ipsuum·

969 2561 1047 2622 cepta
1060 2560 1087 2606 et
1099 2552 1126 2606 in
1138 2551 1196 2621 ipso
1210 2564 1287 2623 partu
1301 2552 1384 2607 bearn
1393 2567 1453 2608 esse
1464 2568 1560 2607 rerum
1570 2548 1741 2613 natumelli

971 2624 1034 2678 lium
1043 2622 1126 2675 licurn
1139 2620 1242 2692 [Forte.
1253 2622 1423 2694 bellvacum,
1437 2620 1741 2695 emmennone

969 2693 1089 2754 unicum,
1107 2693 1129 2746 si
1143 2691 1285 2761 adoptivus
1303 2701 1353 2756 est,
1370 2694 1478 2748 sieutet
1497 2694 1565 2749 nos?
1579 2692 1680 2765 Utique
1693 2688 1742 2763 quit

970 2761 1072 2830 maiore
1083 2762 1249 2832 proprietate
1262 2763 1345 2818 Filius
1358 2772 1400 2818 est
1411 2765 1469 2828 liei,
1503 2778 1566 2818 nam
1577 2778 1639 2828 nos,
1657 2762 1743 2833 quite·

970 2848 1030 2887 ιττιτς
1044 2832 1226 2901 preveniente
1238 2833 1324 2903 gratia
1339 2834 1457 2905 adoptivi
1478 2778 1526 2887 {dii
1547 2834 1606 2890 Dei.
1623 2828 1741 2889 »Tomi-

972 2903 1075 2958 Similia
1092 2902 1116 2955 le
1135 2917 1164 2957 es
1176 2904 1202 2957 in
1218 2904 1313 2959 codem
1335 2903 1404 2958 libro
1416 2920 1490 2958 nitar.
1505 2904 1551 2970 ll,
1565 2904 1633 2961 item
1643 2910 1672 2959 et
1684 2900 1741 2957 llbt

972 2974 1102 3028 adsersus
1113 2918 1272 3043 {lipandum
1284 2990 1358 3029 num.
1376 2975 1402 3030 3.
1416 2972 1533 3029 Consule
1546 2976 1632 3029 etiam
1642 2970 1742 3029 libella·

973 3042 1189 3167 Sacrosillabum
1214 3043 1241 3098 io
1265 3045 1379 3100 carreilio
1401 3043 1643 3100 Francoiordiensi
1659 3042 1743 3099 editu

1097 3113 1180 3169 Cone.
1194 3112 1278 3169 Caleti
1292 3115 1343 3169 eol.
1357 3115 1391 3170 be
1403 3124 1429 3169 et
1443 3114 1487 3168 id.

971 3254 1050 3308 Patre
1072 3263 1178 3316 aeterno
1191 3241 1253 3308 ¹uon
1271 3256 1305 3308 sit
1328 3256 1439 3324 pertitas.
1473 3253 1560 3309 Verba
1592 3252 1698 3309 Felicis.
1717 3276 1746 3293 -·

968 3324 1035 3379 Cum
1058 3338 1123 3377 vero
1150 3330 1177 3378 ct
1196 3323 1272 3379 l'elir
1296 3339 1328 3380 ac
1346 3325 1493 3394 Elipandus
1523 3324 1682 3394 praesidium
1711 3336 1747 3378 st·

969 3394 1095 3449 sectionis
1115 3408 1170 3447 suae
1192 3395 1220 3447 in
1241 3410 1274 3448 co
1291 3403 1455 3464 quererent,
1471 3396 1543 3465 quod
1565 3394 1690 3451 cbristus
1704 3406 1748 3463 qus

968 3465 1050 3519 borna
1062 3477 1094 3518 ca
1110 3463 1190 3517 Patre
1202 3471 1304 3519 aeterna
1316 3466 1423 3537 genitus
1441 3467 1512 3520 baua
1524 3466 1571 3530 sit,
1583 3480 1617 3520 ae
1629 3464 1713 3537 proin,
1723 3468 1749 3519 ut

970 3535 1040 3598 talis,
1059 3533 1130 3589 lilius
1149 3530 1271 3602 ciusdem
1293 3536 1424 3591 naturalis
1445 3536 1498 3590 dici
1521 3544 1661 3606 nequeat,
1682 3546 1750 3607 atge-

969 3614 1090 3660 mentum
1110 3605 1180 3659 istud
1192 3619 1253 3658 curn
1275 3603 1375 3676 Cyrillo
1388 3605 1468 3661 saluit
1490 3602 1751 3671 bermundeseia

969 3689 1081 3732 necesse
1094 3674 1167 3728 baud
1188 3689 1259 3741 esse,
1273 3684 1304 3730 ut
1318 3677 1473 3731 hamanitas
1485 3675 1587 3731 Cbristi
1611 3676 1648 3732 sit
1660 3690 1700 3737 ex.
1711 3672 1752 3729 bat

969 3745 1130 3807 substantia,
1153 3752 1184 3798 ut
1200 3746 1235 3799 sit
1259 3747 1390 3801 naturalis
1413 3746 1460 3801 bai
1482 3745 1568 3801 Filius
1590 3746 1693 3811 etiam,
1707 3756 1753 3815 qut

971 3817 1051 3870 bomo
1073 3824 1128 3879 est;
1153 3815 1200 3869 scd
1224 3816 1356 3880 sufficere,
1370 3818 1440 3886 quod
1455 3824 1510 3872 tnta
1524 3814 1629 3873 Cbristi
1648 3828 1755 3885 persam

970 3887 1061 3952 genita
1094 3890 1130 3939 sit
1161 3900 1193 3939 en
1237 3886 1389 3941 srrlrstantia
1428 3887 1518 3942 Patris
1551 3904 1558 3940 :
1590 3886 1665 3941 sicut
1690 3892 1755 3941 mas

970 3951 1045 4011 Felix
1066 3963 1125 4010 erat
1146 3956 1272 4024 proprius
1295 3965 1323 4010 et
1341 3957 1474 4012 naturalis
1499 3956 1650 4027 patrissui
1672 3954 1756 4021 fliius,

970 4033 1095 4094 quamvls
1133 4026 1192 4095 ejus
1219 4026 1310 4079 aninra
1339 4041 1372 4080 er
1395 4028 1481 4097 patris
1510 4026 1616 4081 semine
1639 4040 1693 4081 non
1720 4038 1757 4081 etr

970 4106 1020 4149 set.
1051 4115 1061 4146 i
1092 4093 1231 4166 interrogo
1256 4103 1283 4151 te
1313 4094 1375 4167 (alt
1395 4100 1422 4152 in
1455 4097 1585 4168 praedicto
1615 4094 1706 4152 libello
1725 4092 1757 4151 etl

971 4165 1118 4220 monachos
1130 4164 1245 4230 Gotbire,
1265 4181 1338 4220 nam.
1363 4166 1408 4239 36)
1424 4166 1529 4238 profani
1547 4174 1670 4223 assertor
1681 4162 1758 4237 993

971 4236 1087 4299 οττοτίς;
1108 4236 1198 4290 anima
1226 4236 1383 4300 rationalis,
1410 4253 1470 4309 quae
1494 4238 1520 4290 in
1542 4246 1568 4292 te
1595 4244 1655 4299 est,
1671 4246 1699 4292 et
1722 4242 1758 4291 lu·

971 4315 1028 4360 tum
1054 4322 1153 4376 corpus
1178 4316 1253 4360 tunm
1281 4306 1419 4374 rivilieat,
1447 4316 1571 4377 vegetat,
1601 4316 1632 4361 et
1657 4312 1756 4367 motet·

971 4386 999 4431 et
1028 4385 1057 4430 ut
1078 4377 1165 4431 sancti
1184 4377 1279 4431 Patres
1300 4377 1410 4442 volum,
1435 4393 1482 4432 cor
1520 4379 1558 4433 ris
1578 4376 1687 4449 origine
1708 4388 1758 4431 nott

970 4447 1130 4511 seminatur,
1146 4446 1192 4501 sed
1206 4461 1239 4501 ex
1254 4447 1338 4502 nihilo
1353 4456 1443 4502 creata
1465 4447 1572 4503 aiuntlc
1590 4462 1626 4501 co
1691 4446 1699 4461 '
1714 4446 1761 4503 iut-

970 4516 1105 4571 mittitur:
1128 4532 1162 4570 an
1180 4533 1234 4571 non
1262 4518 1297 4572 sit
1320 4519 1390 4587 patri
1412 4528 1459 4573 tao
1483 4517 1609 4586 adoptira
1655 4516 1711 4583 iia,
1733 4520 1762 4571 et

969 4601 1032 4640 caro
1048 4593 1151 4640 tantum
1167 4587 1274 4655 propria
1288 4588 1359 4642 ntia?
1371 4588 1413 4642 bn
1425 4596 1452 4643 tn
1466 4594 1539 4643 totus
1553 4587 1646 4643 arrian
1659 4594 1689 4643 et
1703 4598 1762 4643 ωτ-

968 4670 1043 4725 pore,
1058 4672 1127 4711 υνυς
1151 4664 1178 4710 et
1192 4658 1318 4726 proprius
1334 4659 1405 4729 patri
1422 4668 1468 4713 tuo
1494 4658 1532 4712 sis
1545 4657 1635 4713 lilios?
1648 4656 1719 4725 Quia
1738 4652 1761 4713 tl

970 4728 1051 4781 bomo
1063 4740 1097 4780 er
1121 4727 1284 4793 substantia,
1299 4745 1359 4799 quae
1370 4744 1424 4783 non
1436 4745 1468 4783 ex
1491 4742 1521 4783 se
1533 4736 1691 4799 generatur,
1703 4738 1762 4783 ottr-

969 4797 1028 4919 fori
1046 4794 1187 4863 conjuncta
1200 4799 1340 4868 proprium
1350 4806 1376 4853 et
1391 4814 1484 4853 verum
1500 4798 1600 4869 pararit
1613 4798 1718 4853 babere
1733 4794 1761 4853 Ι-

980 4867 1045 4920 ium.
1057 4864 1112 4921 Cur
1123 4867 1207 4921 Deum
1222 4868 1396 4937 impotentem
1410 4878 1507 4939 putas,
1530 4868 1603 4938 quod
1644 4866 1763 4936 rapam

969 4952 1023 4991 rrnn
1035 4937 1120 5005 possit
1134 4943 1162 4992 et
1172 4952 1264 4992 verum
1284 4938 1318 4992 de
1333 4938 1435 5009 Spiritu
1449 4946 1543 4993 sancto
1562 4952 1596 4994 ex
1639 4938 1698 4993 aria
1709 4936 1765 4993 vit·-

970 5008 1032 5127 qrine
1043 5014 1134 5061 natum
1147 5006 1247 5062 babere
1261 5008 1377 5064 Filium?
1395 5028 1404 5059 r
1430 5007 1496 5063 item
1513 5007 1561 5062 lib.
1573 5023 1593 5063 υ
1606 5015 1705 5064 eontra
1714 5004 1764 5063 Fe·

981 5077 1048 5130 icam
1063 5077 1121 5130 ait:
1141 5097 1150 5128 a
1165 5076 1217 5131 Sel
1231 5078 1309 5143 dicis,
1324 5087 1354 5134 ut
1368 5079 1395 5134 in
1407 5080 1460 5134 tuis
1473 5078 1572 5149 legitur
1581 5078 1692 5145 litteris,
1703 5074 1765 5149 qul·

971 5144 1043 5199 raalio
1057 5146 1134 5200 moda
1151 5147 1308 5203 credendam
1321 5160 1370 5214 est,
1384 5160 1412 5203 at
1432 5150 1593 5219 amnipotens
1618 5147 1694 5203 Dese
1711 5144 1764 5201 rs

970 5225 1017 5277 ter,
1029 5217 1074 5285 qui
1089 5217 1197 5287 spiritus
1209 5227 1256 5280 cst,
1268 5218 1300 5272 de
1312 5219 1449 5291 semeipao
1469 5234 1574 5274 earnem
1605 5226 1706 5273 rueret.
1717 5214 1765 5273 ltic

971 5298 1045 5354 rogo,
1056 5286 1078 5342 si
1089 5287 1160 5342 scias
1174 5294 1199 5344 te
1213 5288 1332 5343 animam
1341 5289 1452 5354 babere,
1461 5305 1497 5343 an
1507 5288 1579 5344 noni
1618 5286 1764 5353 ullatenus,

971 5362 1045 5410 tanta
1057 5364 1099 5412 est
1118 5357 1268 5429 ignorantia
1283 5358 1309 5413 in
1325 5367 1362 5424 te,
1372 5368 1402 5414 ut
1423 5359 1529 5416 nescias
1543 5366 1569 5413 te
1582 5358 1706 5415 animem
1717 5356 1765 5415 ΙΙ-

973 5426 1046 5481 bcre.
1063 5427 1123 5484 Scis
1136 5429 1218 5483 etiam
1231 5438 1337 5497 patrem
1351 5440 1378 5484 tc
1406 5430 1532 5485 babuisse
1552 5426 1717 5495 carnalem,
1731 5438 1765 5483 ex

973 5494 1050 5567 cirins
1063 5512 1144 5554 car-ne
1158 5499 1248 5553 anima
1259 5514 1319 5568 qnae
1332 5499 1359 5553 ίυ
1374 5507 1401 5553 te
1415 5507 1466 5566 est,
1478 5514 1531 5554 non
1544 5506 1587 5554 est
1600 5504 1766 5571 praecata.

974 5582 1023 5621 aee
1034 5577 1172 5638 generata,
1189 5576 1219 5623 ut
1244 5568 1376 5624 catholiea
1392 5569 1457 5625 ludes
1471 5569 1562 5625 babet.
1576 5568 1611 5623 Et
1631 5566 1767 5641 quarm

973 5643 1063 5704 potest
1076 5638 1146 5702 lieri,
1160 5646 1191 5693 nt
1206 5640 1303 5708 tuipse
1318 5646 1391 5694 totas
1415 5639 1453 5694 sis
1465 5640 1504 5693 tui
1526 5638 1613 5721 patris
1641 5638 1769 5711 proprias

975 5705 1046 5761 lilius
1058 5715 1086 5762 et
1100 5722 1190 5772 rents,
1201 5723 1235 5764 ex
1249 5708 1326 5779 cujus
1336 5722 1418 5764 carne
1431 5717 1476 5764 tua
1491 5722 1581 5763 amma
1596 5722 1654 5765 nun
1667 5714 1713 5765 est
1722 5718 1767 5781 ge·

974 5776 1131 5833 neratalbt
1153 5778 1176 5833 si
1190 5780 1307 5849 teipsum
1327 5779 1483 5838 consentias
1494 5778 1638 5849 propriam
1660 5776 1767 5837 ened-
