3780 6120
171 291 226 350 tta

584 284 615 341 u.
635 283 667 341 F.
688 280 802 339 tatum
819 277 886 336 SEU
905 275 1044 369 amputat
1062 272 1204 354 amnuit
1222 273 1313 331 PARS
1333 272 1376 329 vt.
1751 266 1808 324 W

172 409 227 466 Nec
241 418 285 463 tua
298 407 388 478 lingua
399 403 471 459 salet
484 401 576 458 lorsau
590 410 701 457 cauare
715 397 860 454 camenas?
974 401 997 457 Α
1013 392 1061 449 i'ir
1072 392 1170 462 pietate
1180 397 1275 461 potens
1286 430 1293 454 ,
1305 387 1486 457 humilisque,
1499 385 1648 455 modestus,
1659 387 1803 446 honestus.

207 502 302 571 Atque,
320 516 392 565 reor,
404 497 504 555 dormit
519 496 610 567 lingna
623 494 672 549 tibi
684 491 797 548 Carion.

174 595 279 652 1111111111
288 603 315 649 et
326 594 384 662 ipse
398 607 483 653 incus,
497 587 633 659 Corydon,
644 581 822 641 scholasticus
836 581 912 645 olim,
1010 572 1060 627 llic
1074 571 1134 642 pius
1148 569 1290 626 ecclesiam
1305 570 1390 627 sancti
1404 570 1556 625 construxit
1566 569 1696 635 rimandi,

209 685 319 754 sopitus
337 681 453 737 [iacebo.
464 679 510 734 l'a·
521 677 582 742 tibi,
596 673 702 729 Bacche
714 671 810 726 Pater!

175 776 215 831 Tu
230 776 293 847 quia
308 783 335 828 tu
352 760 452 843 quaeris
464 782 560 825 sensus
572 765 730 823 subvertere
743 777 846 827 sacros,

209 867 297 936 Atque
312 881 402 921 areum
417 861 543 932 Corydon
556 872 604 914 ore
620 865 712 912 tacere
726 853 804 910 lacis.

176 960 272 1023 Ebrius
287 960 313 1020 in
329 957 408 1013 tectis
422 953 546 1025 Corydon
558 949 714 1006 aulensibus
727 955 812 1012 errat,

211 1050 265 1104 Nec
279 1065 384 1105 memor
394 1044 496 1108 Albini,
512 1057 561 1098 nec
573 1055 677 1097 memor
688 1039 746 1109 ipse
761 1039 813 1094 sui.

175 1142 258 1197 Obvia
274 1155 327 1193 uon
344 1137 418 1192 irrisit
429 1132 548 1189 uenienti
563 1132 683 1188 carmina
698 1129 783 1194 Patri,

212 1228 247 1284 Ot
258 1232 387 1284 canerent
401 1222 492 1278 sabe:
507 1229 534 1275 tn
548 1227 651 1284 mirrea,
662 1233 735 1283 eece,
747 1219 820 1276 sale!

176 1319 304 1376 Rusticus
321 1327 362 1373 est
377 1313 513 1385 Corydon,
530 1310 598 1366 dixit
610 1311 662 1366 hoc
674 1308 743 1365 lorte
757 1311 888 1380 propheta

211 1408 339 1480 Virgilius
354 1404 496 1475 quondam,
508 1401 630 1456 rusticus
643 1409 686 1455 est
696 1399 830 1471 Corydon.

176 1504 286 1560 Dixerat
297 1507 338 1556 ast
356 1501 423 1553 alter
436 1494 533 1549 melias
548 1492 598 1549 sed
613 1491 684 1549 Naso
696 1503 709 1532 ¹
723 1500 814 1562 poeta,

211 1595 355 1664 Presbyter
366 1597 409 1647 est
421 1585 558 1658 Corydon,
570 1585 606 1639 sit
618 1584 662 1640 cui
671 1599 778 1654 semper
791 1584 857 1640 saei

498 1695 636 1754 ecastr.

392 1796 407 1837 b
422 1793 462 1848 da
479 1788 561 1845 aliam
575 1785 745 1856 discipulam.

176 1888 253 1945 lianc
266 1883 382 1957 bipedali

176 1959 302 2016 Carmine
314 1956 407 2011 laudes

176 2028 292 2084 credule
305 2026 399 2081 dulces

179 2099 213 2153 1111
228 2099 276 2154 tibi
291 2106 354 2151 nato

177 2170 265 2224 libare
279 2179 416 2222 canenrus.

176 2240 258 2294 Certo
272 2236 375 2291 rateto!

178 2310 292 2379 Semper
303 2307 403 2376 ubique

178 2379 221 2434 sit
231 2381 276 2434 tibi
290 2376 413 2433 Christus

178 2449 233 2505 Pax
248 2449 291 2503 ria
306 2447 411 2501 uirtus:

177 2519 276 2575 Plenus
288 2531 380 2572 numm

178 2589 253 2644 iliius
264 2598 331 2650 esto,

179 2660 249 2715 Ecce
263 2672 416 2728 precamur.

178 2729 217 2782 'le
229 2743 338 2796 quoquc
347 2739 454 2796 semper

179 2797 305 2868 Protegat
319 2797 363 2850 ille
395 2815 398 2820 ·

179 2867 310 2923 Omnibus
323 2867 407 2928 haris,

178 2938 266 3008 dtqne
281 2938 438 3004 momentis;

181 3007 217 3063 iit
231 3008 278 3062 tibi
294 3009 383 3063 nulius

180 3078 290 3133 laedere
307 3079 401 3149 possit.

179 3150 267 3203 ‹br-ru
279 3156 404 3205 senectus

180 3218 259 3273 Certe
271 3221 444 3290 propinquat,

180 3286 319 3387 Signaque
333 3298 425 3344 rcrtex

180 3358 300 3410 tiandira
319 3367 461 3420 tumnstrat,

184 3425 282 3480 llltima
298 3426 353 3479 sata

77 3502 80 3507 ’
182 3494 284 3548 l‘orsan
298 3495 412 3551 adesse:

185 3564 248 3618 tisto
259 3574 381 3633 paratas,

182 3634 252 3688 mm
263 3649 416 3703 precamur,

181 3704 283 3758 Obsius
295 3705 335 3759 ire

181 3772 378 3843 omnipotenti,

185 3845 294 3901 t'cctore
306 3847 435 3915 gaudens.

182 3913 236 3968 Pax
251 3914 299 3970 tibi
312 3931 431 3986 semper,

588 1875 675 1930 Chare
687 1875 783 1941 hdelis‚

588 1947 705 2003 Credule
717 1957 790 2010 nate,

590 2017 696 2073 Primus
708 2033 813 2083 artiore,

590 2087 801 2157 Atquep'aterno

591 2157 772 2227 Oiscipulatas

591 2227 683 2284 Oaleis
694 2243 798 2283 amore.

591 2298 685 2380 Tuque
697 2299 799 2368 sophie

592 2366 704 2424 Sennea
717 2384 808 2435 sacra,

591 2440 661 2494 Arca
675 2438 749 2502 hziei,

590 2509 624 2564 m
639 2508 702 2562 taba
713 2508 785 2573 riae,

470 2628 474 2634 .
590 2577 682 2633 Prason
694 2577 802 2642 salutis,

591 2646 696 2702 Primus
709 2647 736 2703 in
750 2648 823 2703 aula.

590 2715 647 2772 Vos
663 2725 709 2772 tua
720 2718 791 2788 plebi

591 2787 694 2843 Pandat
705 2787 812 2860 Olympi

590 2857 667 2915 Ostia
679 2874 796 2924 summa,

591 2928 724 2999 [meisque
737 2929 875 3000 tempium,

589 3000 659 3055 Laus
674 3001 718 3056 ubi
731 3001 840 3055 Christo

591 3071 720 3127 Personet
735 3072 816 3126 nlrna.

592 3141 657 3208 lioc,
674 3157 750 3213 rogo,
764 3156 875 3197 carmen

590 3210 644 3268 Ore
656 3221 761 3273 curteio,

592 3283 681 3337 lientc
696 3291 795 3345 teneto,

592 3354 625 3407 m
637 3366 741 3407 memor
752 3362 811 3406 esto

591 3421 711 3477 Obsecro
723 3420 826 3484 Patris;

593 3492 690 3560 Sisque
702 3493 797 3545 beatus

593 3559 707 3631 Semper
720 3560 747 3613 in
758 3574 856 3613 aevunr.

593 3632 631 3688 'lc
644 3630 788 3687 conritetnr

590 3703 684 3759 Gratia
698 3699 809 3764 Christi,

592 3775 684 3832 Gloria
697 3770 771 3831 coeli.

594 3848 707 3916 Perpctc
720 3842 786 3905 rita,

593 3917 647 3973 Pax
664 3914 712 3971 tibi
727 3926 842 3982 semper.

422 4044 715 4126 EPlThPth.

508 4179 635 4237 CCLXV.

321 4280 333 4309 ι
351 4269 521 4342 Epitaphium
541 4270 679 4329 Gisleherti
695 4272 818 4342 episcopi.

181 4359 231 4415 llic
242 4359 413 4415 Gislcbcrtus
426 4362 526 4430 prmsul
542 4362 687 4431 requiescit
700 4362 835 4415 humatus.

215 4451 319 4520 Corpus
331 4459 403 4507 terra
416 4452 491 4524 tegit,
507 4452 620 4524 spiritus
634 4460 708 4508 astra
722 4452 798 4523 petit.

216 4599 229 4628 ι
245 4586 332 4651 nuit,
349 4584 449 4641 Nassa.

216 4658 230 4695 b
246 4656 282 4709 lix
296 4655 356 4710 cod.
368 4672 420 4712 ms.
434 4656 556 4726 Salisbnr

216 4726 409 4781 ‘Gislebcrtus
427 4728 511 4783 abbas
534 4727 557 4781 t:
567 4724 695 4781 nonensis
717 4740 765 4781 sca
787 4722 817 4778 S.
839 4721 970 4789 durandi,
1023 4732 1055 4787 (ις
1069 4730 1163 4784 eodem
1178 4727 1236 4808 tege
1246 4726 1316 4795 apud
1329 4726 1463 4780 eumdem.

180 4797 267 4852 t'artus
282 4795 425 4865 episcopus
443 4797 623 4853 'Pomaoensis
636 4805 666 4850 et
682 4793 885 4859 Noviomensis,
902 4795 972 4865 regi·

574 4655 642 4711 ensi.

1047 484 1164 538 devotus
1178 482 1292 536 nimium
1308 488 1409 550 pastor,
1423 480 1527 535 imnore
1537 478 1596 535 liei.

1046 660 1201 729 Cunctaque
1212 658 1268 728 jam
1284 675 1418 714 renovans
1429 659 1549 715 eluirstra
1560 659 1733 717 monasterii.

1339 771 1475 828 catast

1173 887 1186 927 2¹
1202 886 1373 959 Epitaphium
1386 885 1411 940 F
1412 887 1520 942 aldradi
1533 889 1647 945 cibatis.

1014 979 1158 1052 Presbyter
1169 980 1293 1051 egregias
1302 979 1390 1045 raldc,
1404 989 1433 1034 ct
1443 981 1606 1037 venerabilis
1618 984 1718 1049 abba,·

1050 1072 1182 1129 Strenuus
1193 1081 1267 1137 actu,
1277 1087 1368 1141 opere,
1384 1079 1506 1141 pectore,
1522 1081 1613 1127 mente
1626 1074 1700 1142 pius.

1014 1168 1133 1237 Corpore
1147 1167 1280 1222 Puiradns
1292 1166 1396 1222 tumulo
1410 1166 1556 1236 requiescit
1569 1166 1595 1221 in
1611 1166 1676 1232 isto,

1050 1259 1136 1315 Notus
1151 1260 1178 1314 in
1191 1259 1257 1316 orbe
1269 1258 1375 1329 procul,
1389 1267 1482 1313 noster
1493 1258 1520 1313 in
1535 1260 1602 1314 orbe
1612 1258 1705 1314 Pater.

1014 1353 1133 1423 inclytus
1145 1353 1196 1407 iste
1207 1366 1293 1407 sacre
1306 1349 1395 1405 iuerat
1406 1357 1552 1420 pastorque
1564 1360 1576 1389 ⁸
1589 1348 1711 1419 capelle,

1051 1446 1101 1502 llic
1111 1447 1194 1501 dccrrs
1204 1443 1342 1507 Ecclesiae,
1355 1449 1495 1513 promptus
1509 1443 1536 1496 in
1550 1457 1630 1497 omae
1643 1443 1761 1498 bonum

1015 1537 1097 1610 236
1114 1538 1176 1592 111111
1188 1536 1283 1593 domus
1296 1535 1368 1590 alma
1384 1533 1431 1590 Dei
1445 1549 1543 1605 magno
1556 1541 1600 1590 est
1614 1542 1768 1663 malesano
1761 1533 1808 1671 11ΐὲ

1057 1702 1090 1758 Ot
1102 1695 1307 1761 cernis,lector,
1323 1703 1444 1766 tempore
1456 1693 1554 1764 quippe
1567 1709 1627 1750 suo.
1730 1672 1732 1676 Α

902 1794 904 1798 ’
982 1774 1069 1848 Bistc
1082 1792 1141 1860 pios
1155 1790 1250 1846 Patres
1264 1804 1361 1861 magno
1375 1789 1468 1844 dilexit
1481 1803 1584 1857 amore,

1052 1882 1190 1952 lleiiquias
1200 1896 1316 1952 quornm
1331 1881 1390 1936 ltsec
1402 1881 1497 1935 1111111111
1510 1880 1580 1935 alma
1594 1888 1681 1938 tenet.

1015 1971 1157 2028 Creditum
1172 1970 1275 2027 idcirco
1286 1969 1356 2026 coelo
1369 1971 1488 2026 societur
1499 1979 1529 2025 ut
1541 1970 1606 2035 illis,

1051 2063 1079 2117 ln
1092 2062 1173 2118 terris
1184 2061 1313 2133 qnoniam
1324 2077 1430 2132 semper
1441 2063 1542 2119 amarit
1554 2079 1611 2121 eos.

1333 2172 1479 2229 cctxvtt.

1179 2261 1349 2335 Epitaphium
1366 2263 1511 2335 liupinarit'
1524 2266 1636 2321 addatis.

1016 2355 1064 2411 llic
1077 2354 1113 2412 sit
1125 2357 1175 2413 sub
1190 2357 1301 2428 pedibus
1313 2355 1533 2429 tibip'ldaginare,
1546 2360 1671 2430 magistri
1685 2359 1695 2400 t

1050 2449 1110 2506 iarn
1123 2466 1201 2506 sacra
1212 2452 1357 2507 mundanis
1370 2453 1540 2522 temporibus
1552 2453 1672 2525 requies.

1015 2541 1054 2596 'lc
1066 2542 1126 2610 pius
1136 2540 1181 2596 iile
1192 2540 1273 2597 Pater
1286 2543 1387 2598 teneris
1402 2543 1517 2598 nutriuit
1531 2544 1566 2599 ab
1578 2546 1670 2612 anuis,

1051 2633 1091 2689 Ta
1103 2649 1211 2705 quoque
1223 2648 1365 2689 successor
1378 2633 1437 2705 eins
1450 2635 1562 2690 honoris
1575 2649 1650 2690 eras.

1016 2722 1083 2788 linc,
1096 2724 1162 2778 beu!
1180 2738 1229 2793 per
1244 2738 1357 2793 parram
1374 2722 1469 2779 rexisti
1483 2731 1590 2794 tempus
1602 2725 1684 2790 ovile,

1050 2813 1175 2869 Ploribus
1188 2815 1215 2868 in
1231 2814 1327 2869 mediis
1338 2828 1412 2869 mors
1427 2814 1496 2868 mala
1508 2823 1535 2870 te
1544 2814 1655 2870 tulerat.

1016 2902 1068 2959 Sed
1084 2917 1164 2974 qnam
1179 2902 1305 2958 Christus
1318 2911 1400 2969 amat,
1415 2903 1453 2957 illi
1465 2919 1538 2959 rnors
1551 2904 1624 2960 nulla
1638 2906 1763 2974 anechin

1052 2994 1118 3051 Post
1131 3003 1246 3051 mortem
1260 2995 1356 3051 melius
1368 2995 1435 3051 sirit
1449 2995 1476 3050 in
1488 3010 1552 3051 arce
1563 2996 1630 3066 poli.

990 3132 1002 3152 ,
1019 3085 1138 3141 lioribns
1149 3086 1176 3140 in
1190 3086 1247 3141 suis
1260 3088 1273 3127 ⁸
1284 3095 1449 3157 quapropter
1463 3086 1547 3141 sinite
1560 3084 1679 3153 Christo,

1054 3177 1105 3244 Oui
1123 3177 1212 3246 legere
1225 3178 1240 3218 h
1255 3176 1338 3232 vultis
1351 3177 1472 3232 carmina
1486 3185 1590 3240 nostra,
1603 3192 1712 3248 precor.

1018 3272 1138 3328 Obsecro
1151 3285 1247 3340 meque
1257 3271 1309 3340 piis
1323 3272 1448 3341 precibus
1458 3272 1641 3328 commendite
1649 3270 1773 3340 Christo,

1055 3362 1090 3418 lit
1102 3375 1208 3417 merear
1220 3361 1293 3416 eires
1302 3360 1384 3433 [hoco
1398 3360 1478 3434 civis]
1493 3361 1570 3418 urbis
1580 3361 1677 3421 adesse
1690 3363 1751 3420 Oei.

1336 3467 1494 3524 ccaxtttt.

1058 3564 1065 3602 i
1083 3559 1252 3631 Epitaphium
1263 3557 1343 3614 Parii
1354 3557 1475 3612 monachi
1485 3556 1517 3614 S.
1529 3557 1641 3614 liertini
1651 3556 1778 3616 Turonis.

1020 3654 1059 3707 Tu
1072 3654 1226 3724 quicunqne
1237 3651 1313 3721 cupis
1326 3650 1433 3720 requies
1449 3664 1614 3720 cognoscere
1632 3648 1766 3718 iratmm,

1055 3743 1088 3797 m
1102 3742 1173 3809 loca,
1189 3757 1242 3812 quo
1260 3741 1374 3810 quisque
1389 3748 1492 3810 spectat
1506 3741 1541 3795 ab
1554 3755 1618 3796 arce
1630 3741 1718 3797 11111111
1731 3760 1738 3797 :

1021 3834 1132 3894 Nomina
1145 3848 1225 3889 curre
1243 3832 1333 3903 legens
1346 3829 1504 3902 lacrymosis
1514 3833 1613 3901 scripta
1625 3833 1763 3898 camenis,

1055 3923 1238 3993 Perlectisque
1251 3921 1329 3976 simul
1341 3918 1422 3974 lande
1436 3935 1530 3991 preces
1544 3921 1668 3975 [turnino.

1022 4014 1058 4070 tu
1071 4014 1131 4083 pius
1145 4012 1315 4082 omnipotens
1329 4011 1434 4065 arrimas
1446 4011 1571 4067 defendat
1586 4013 1620 4067 ab
1635 4013 1727 4081 bostc,

1056 4105 1172 4161 Felicem
1185 4103 1308 4158 tribuens
1323 4101 1398 4171 pacis
1411 4102 1438 4156 ia
1450 4117 1512 4158 arce
1521 4103 1604 4159 diem.

1020 4197 1128 4252 Etcum
1145 4195 1287 4265 persenties
1306 4192 1340 4247 ad
1357 4192 1414 4247 hauc
1429 4207 1488 4247 mea
1502 4193 1634 4255 carmina,
1656 4211 1763 4266 (quaeso,

1055 4287 1104 4342 Die
1115 4285 1228 4357 supplex
1242 4304 1248 4340 z
1263 4281 1412 4353 Paulojam
1425 4284 1556 4338 miserere
1567 4284 1652 4340 Oeusi

1021 4379 1056 4434 Et
1065 4378 1189 4443 llartiue,
1204 4377 1286 4432 demas
1295 4375 1398 4439 muudi,
1412 4375 1493 4430 Pater
1502 4376 1604 4445 aptium
1613 4385 1721 4444 uester,

986 4480 1010 4538 t)
1056 4471 1194 4528 Auxiliare
1207 4469 1270 4540 piis,
1284 4477 1310 4524 te
1321 4483 1430 4539 precor,
1443 4477 1470 4523 et
1482 4469 1618 4540 precibus.

1023 4605 1098 4644 nram.
1112 4586 1166 4650 15,
1180 4585 1244 4656 legit
1261 4594 1409 4654 custosque,
1424 4592 1452 4637 ct
1471 4582 1582 4647 melium
1597 4598 1660 4637 nam
1677 4583 1818 4642 fulradus

1022 4659 1073 4716 brit
1087 4657 1242 4727 capellanus
1254 4652 1358 4724 Pippiui
1374 4654 1445 4722 regis
1462 4660 1489 4708 ct
1511 4652 1627 4708 liliorum
1640 4653 1713 4724 rjus.
1732 4653 1815 4712 Plura

1061 4799 1071 4840 t
1089 4797 1221 4870 llapistrt.
1239 4795 1341 4851 Seunm
1355 4803 1398 4849 est
1413 4812 1420 4848 :
1437 4793 1487 4848 ilie
1501 4793 1568 4860 tibi,
1584 4793 1743 4865 llaqinare,
1765 4797 1817 4853 snit

181 4883 240 4920 rnen
253 4881 360 4936 qumque
371 4865 474 4934 prelati
485 4867 644 4923 monasterii
654 4865 737 4938 (quod
750 4875 877 4922 tumuere
887 4864 970 4918 abba·
1022 4869 1135 4941 pedibus
1150 4867 1189 4923 tui
1203 4864 1327 4936 magistri
1340 4863 1448 4919 Fulradi
1461 4863 1497 4918 sit
1511 4865 1628 4933 mqnies.
1645 4862 1816 4937 blagiuarias

180 4938 251 4989 tilms
274 4937 307 4990 ad
329 4937 513 5005 episcopatum
534 4940 679 5005 assumptis
701 4937 728 4991 in
751 4951 826 4992 more
847 4935 966 5004 positum
1022 4938 1268 4996 „trnirumts'mradi
1282 4934 1506 5005 iuitdiscipalus,
1521 4936 1714 5005 posteaeidcm
1728 4937 1757 4991 in
1772 4953 1816 4992 re-

178 5006 248 5077 erat)
260 5005 404 5061 retinuisse
414 5007 529 5069 ridetur,
548 5015 577 5061 ut
587 5014 666 5062 notat
684 5006 854 5062 ilabillonias
870 5014 935 5060 tom.
948 5005 969 5062 ll
1021 5011 1121 5078 prmius
1144 5006 1302 5064 monasterii
1325 5003 1580 5074 sampoyonysyffiq
1606 5005 1762 5068 gangem„
1787 5014 1816 5063 ,ι

178 5076 277 5133 hunni.
295 5076 395 5131 Bencd.
414 5076 476 5131 libr.
500 5092 562 5138 xxv,
581 5092 656 5130 1111111.
676 5074 968 5140 5101111111111181,

1021 5090 1080 5152 post
1099 5082 1180 5135 breve
1198 5087 1304 5146 tempus
1321 5084 1384 5131 neto
1404 5090 1537 5130 annornm
1552 5090 1624 5130 arruo
1642 5077 1697 5132 795
1713 5093 1730 5132 c
1744 5077 1816 5133 siris

178 5162 194 5201 s
207 5146 266 5202 lial.
278 5143 352 5201 iunii
364 5146 485 5217 sepultus
499 5147 526 5201 in
538 5145 653 5202 ecclesia
661 5145 691 5200 S.
701 5144 773 5202 Petri
787 5146 820 5202 ad
830 5146 968 5201 dexteram
1020 5153 1142 5207 5111111111
1151 5150 1202 5204 sub
1212 5148 1324 5218 pedibus
1336 5146 1378 5201 sui
1393 5145 1514 5214 magistri
1528 5145 1649 5213 requiem
1661 5163 1711 5203 scu
1722 5157 1816 5203 tumu-

178 5293 247 5343 lum.
289 5300 372 5356 ,pap
385 5284 448 5342 tto.

178 5214 339 5341 ..recupera
363 5226 477 5286 tiaram·
499 5217 635 5280 metuar.
659 5216 759 5286 Scapt
785 5216 848 5274 tter.
869 5215 968 5270 trarrc.
1021 5222 1076 5276 turn
1089 5222 1267 5290 sceptrum.
1288 5217 1403 5273 1111111..
1425 5223 1491 5272 tom.
1513 5215 1536 5273 n
1556 5215 1816 5283 1111111111111.

1022 5308 1097 5357 num.
1111 5291 1157 5357 13,
1171 5304 1231 5359 pag.
1243 5286 1307 5344 tto.

213 5355 377 5412 il'ulradus
394 5357 478 5412 abbas
496 5355 525 5412 S.
546 5355 665 5426 Dionysii
679 5370 761 5426 prope
771 5353 891 5411 Parisios
901 5356 969 5412 obiit
1057 5365 1070 5402 ⁸
1086 5360 1163 5432 leg„
1176 5357 1325 5414 iniunctis.

177 5425 323 5482 annotat.
340 5426 403 5493 Eius
420 5443 518 5498 corpus
533 5427 667 5496 sepultum
685 5427 765 5482 estin
779 5426 892 5482 eccas-ra
908 5427 961 5480 Oio
1057 5431 1133 5485 ttts.
1149 5430 1223 5492 add,
1236 5429 1301 5482 hac.

178 5495 307 5565 uysiana;
332 5495 428 5553 deinde
455 5496 616 5552 translatum
639 5496 668 5551 ia
690 5496 788 5552 celiam
814 5495 964 5552 imbrattea-

1059 5504 1065 5542 ῑ
1087 5501 1186 5557 llabill.
1206 5498 1302 5553 11111111.
1319 5499 1379 5553 libr.
1396 5515 1471 5562 1111111,
1484 5515 1545 5570 pag.
1557 5499 1621 5554 hil.
1638 5494 1815 5568 Epitapbitmr

179 5581 248 5627 suern,
265 5565 296 5618 de
310 5565 396 5621 iiiam
420 5568 556 5632 11011111.
575 5565 674 5638 Script.
689 5566 753 5623 lior.
769 5566 838 5624 Gall.
855 5576 921 5623 tom.
937 5568 967 5631 l',
1022 5575 1071 5626 boc
1089 5573 1166 5627 raldc
1180 5570 1336 5626 scabrosum
1360 5569 1483 5638 appellnt.
1500 5571 1537 5624 Oe
1551 5570 1602 5624 ltoc
1617 5569 1702 5624 Panlo
1716 5585 1813 5626 morra·

178 5650 241 5704 yrnq.
259 5635 321 5688 llO.

215 5714 229 5744 ⁰
246 5702 402 5774 Pustrryue.
416 5705 586 5768 ilabillunitts
597 5712 664 5762 tom.
676 5703 820 5779 1111111111,
832 5707 893 5766 libr.
903 5723 967 5774 stt,

1021 5645 1071 5699 cho
1084 5653 1182 5714 prater
1197 5657 1239 5708 ca,
1256 5656 1316 5712 qnae
1329 5640 1373 5697 lric
1388 5649 1545 5709 tranantur,
1556 5641 1625 5698 nibil
1637 5640 1771 5697 innotuit.
