3780 6120
124 327 183 387 788

124 441 295 506 liiritiasquc
309 448 404 490 senum
417 445 500 504 quaro
510 444 670 502 percurrere
682 429 774 494 corde,

124 534 306 603 Scrutarique
319 545 403 586 sacrae
416 529 498 600 gestit
508 534 612 583 secreta
626 525 738 596 sophiae.

125 627 213 682 Dauid
224 631 300 678 aurat
308 628 395 686 vates,
407 627 474 683 etc,
488 628 517 672 at
532 633 623 688 repra.

126 719 213 775 David
227 715 328 771 babere
337 713 413 783 cupit
430 709 568 780 sapientes
583 715 675 762 ntettte
689 704 846 776 magistros,

124 810 170 866 ,tat
188 809 281 869 deeras,
293 805 326 859 ad
338 802 447 859 laudem
459 798 643 869 cuiuscunque
660 797 729 852 artis
742 797 769 850 in
784 794 855 849 aula.

125 899 165 954 ttt
176 905 297 951 retemm
312 898 425 949 renovet
439 890 560 946 studiosa
574 895 665 944 mente
685 887 820 958 sophiam.

125 989 212 1043 llaaid
231 992 303 1041 amat
316 992 401 1047 rates,
419 990 485 1047 cte„
503 989 533 1034 ut
551 996 643 1050 repre.

126 1083 313 1138 Fundamenta
328 1093 412 1148 super
430 1084 536 1146 petram
550 1085 657 1142 quoque
670 1069 748 1139 ponit
771 1068 798 1122 in
822 1066 918 1124 altum.

128 1173 165 1228 Ut
177 1172 274 1227 domus
293 1168 362 1223 aluta
375 1168 429 1221 lieo
440 1169 548 1219 inaurat
560 1160 715 1215 firmissima
729 1157 848 1213 Christe.

126 1249 202 1318 Felix
218 1261 258 1315 sie
271 1254 373 1327 lapides
387 1254 524 1326 posuit...
543 1250 653 1307 dextera
668 1247 786 1319 primum

126 1351 230 1421 inclyta
244 1346 412 1403 celsithrono
425 1342 521 1397 iterent
530 1347 561 1394 ut
573 1337 671 1408 templu
684 1335 811 1391 Tonanti.

127 1440 281 1494 auxilietur
291 1436 363 1507 opus·
373 1432 474 1490 Christi
489 1431 633 1486 clementia
647 1428 788 1483 sanctum!

127 1532 300 1587 auxilientur
313 1542 380 1598 opus
394 1525 530 1586 coelestes,
546 1537 647 1593 queso,
663 1519 791 1583 ministri,

127 1626 348 1691 Sanctoromque
361 1616 441 1673 simul
453 1629 593 1677 naimarus,
601 1627 711 1684 precor,
719 1612 829 1682 adjuvet
842 1608 917 1664 illud.

126 1712 215 1766 David
232 1717 307 1766 amat
318 1707 472 1770 Christum,
490 1704 616 1759 cbristus
627 1712 670 1759 est
681 1702 766 1774 gloria
788 1699 883 1754 liavid.

127 1803 228 1873 Surge,
240 1800 309 1855 meis
318 1798 411 1854 charis
428 1795 520 1851 dulces
535 1792 588 1861 lac,
606 1793 705 1857 asara,
724 1806 830 1847 versus.

126 1893 233 1963 inelyte
247 1906 295 1946 cur
311 1897 417 1944 taceam
436 1886 542 1958 iriteuis
565 1892 602 1950 tc,
617 1882 708 1947 Carle,
720 1894 733 1922 ¹
744 1880 883 1937 camenis?

128 1984 168 2038 Tu
183 1996 290 2052 quoque
305 1992 464 2050 maganerum
482 1975 583 2031 sobolis
606 1973 738 2044 condigna
759 1981 918 2043 parentum3

128 2073 169 2128 'lu
181 2072 264 2128 decus
275 2086 305 2126 es
318 2069 392 2132 aulae,
410 2068 485 2139 regui
500 2083 572 2138 spes,
586 2065 685 2121 indolis
705 2064 794 2119 alme.

128 2164 300 2233 eraprepter
309 2160 403 2215 laudat
414 2159 502 2214 omuis
522 2166 549 2214 tc
566 2157 656 2212 fistula
671 2165 772 2210 uatum.

130 2255 228 2327 Surge,
243 2253 313 2309 meis
331 2251 433 2317 citaris,
448 2258 513 2313 etc„
528 2258 556 2303 att
570 2265 661 2319 sopra.

130 2346 170 2401 'lu
185 2359 293 2416 quoque
307 2359 385 2400 sacra
399 2344 455 2398 lieo
469 2343 555 2414 virgo,
572 2357 651 2397 soror
664 2341 763 2413 inclyta
776 2341 870 2405 Dauid,

129 2439 257 2495 Carmine
272 2445 403 2508 perpetuo
421 2437 591 2507 mesticiam,
604 2434 689 2499 Gisia,
704 2432 802 2488 saleto.

130 2531 179 2593 Te.
193 2531 259 2596 scio,
272 2544 389 2600 sponsus
407 2526 627 2583 erameniorum
643 2524 729 2596 gloria
748 2523 884 2587 cbristus,

130 2622 199 2678 Nam
215 2621 258 2675 cui
273 2629 301 2674 tu
317 2619 367 2675 seli
380 2633 487 2690 semper
503 2628 548 2672 tua
563 2617 685 2671 membra
699 2614 807 2670 dicasti.

128 2714 230 2784 Surge,
245 2710 313 2765 mets
325 2709 430 2775 charis,
446 2717 513 2773 cte..
525 2716 554 2761 ut
566 2723 658 2778 supra.

130 2802 267 2859 llotthrud
280 2817 392 2858 carmen
405 2809 488 2864 aurat,
503 2798 601 2854 mantis
616 2797 766 2854 clarissima
785 2798 870 2868 uirgo.

129 2897 214 2966 Virgo
230 2894 329 2948 decora
343 2893 418 2956 satis,
429 2900 457 2946 et
476 2892 597 2946 moribus
609 2891 710 2960 inclyta
725 2890 811 2960 virgo.

128 2987 218 3040 Curre
235 2983 557 3055 meditantemque,
573 2991 600 3037 ct
618 2982 715 3053 collige
734 2981 814 3037 bores

714 310 879 370 mutilat.
896 340 933 353 -
950 309 992 367 lb
1010 310 1147 370 lellllS.
1303 308 1317 353 ἱ

930 427 952 486 t
969 426 1004 484 Ut
1015 429 1086 498 legat
1099 430 1149 482 bos
1161 441 1255 481 versus
1268 425 1337 480 aulae
1348 425 1500 496 condignus
1518 438 1609 479 amone
1624 437 1632 477 r

1702 299 1755 358 tte

968 519 1068 587 Dignius
1082 534 1158 573 aruer
1176 516 1270 572 rutilat
1287 515 1374 572 estod
1387 517 1415 571 in
1426 517 1509 572 corde
1524 515 1654 572 tientes.

968 612 1065 680 Surge,
1081 611 1148 665 meis
1158 609 1260 674 eboris,
1273 617 1339 673 ete,
1353 619 1381 662 at
1393 624 1486 678 capre.

967 701 1097 757 Charmla
1115 714 1197 755 curre
1214 699 1294 754 ruodo
1312 713 1363 769 per
1380 712 1458 754 sacra
1473 697 1576 768 palatia
1588 695 1685 762 baviel,

967 793 1056 862 Atque
1068 791 1164 847 humili
1177 791 1283 845 cunctis
1295 791 1387 849 charis
1402 789 1443 847 [rr
1456 806 1523 846 soce
1533 791 1659 856 salutem,

901 907 916 922 s·
969 883 1047 940 Basia
1062 885 1130 938 daus
1144 883 1215 939 dulci
1236 882 1373 940 molimine
1391 898 1499 955 semper
1510 885 1617 950 amicis,

968 972 1056 1042 litque
1070 972 1123 1027 mei
1136 972 1222 1028 Dauid
1233 973 1347 1041 pedibus
1359 982 1495 1044 prostrata
1514 989 1644 1033 camenas

969 1064 1028 1120 bles
1039 1065 1160 1136 expande
1172 1073 1248 1130 tuas.
1262 1064 1352 1121 decies
1369 1066 1414 1120 dic
1428 1065 1501 1122 mille
1519 1067 1633 1133 salutes,

968 1158 1056 1227 Atque
1069 1157 1168 1227 pedum
1178 1155 1271 1228 digitis
1284 1156 1320 1213 da
1333 1157 1410 1213 basia
1423 1157 1513 1213 dulcia
1528 1158 1626 1215 sacris.

968 1246 1016 1302 Sic
1030 1256 1055 1301 te
1066 1255 1142 1304 uerte
1153 1246 1221 1303 meis
1235 1245 1349 1320 [citaris]
1361 1246 1483 1318 prolerre
1502 1248 1629 1315 salutem,

968 1337 1056 1406 Atque
1068 1336 1217 1407 puellarum
1231 1352 1355 1393 cameras
1373 1352 1502 1409 percurre
1513 1338 1649 1405 eanmdo,

970 1426 1003 1480 Et
1018 1433 1080 1496 pete
1093 1436 1194 1483 castro.
1205 1464 1228 1480 ..
1248 1426 1337 1497 primo
1351 1426 1502 1482 clarissima
1515 1424 1570 1482 lull
1582 1438 1606 1492 ι,

970 1517 1002 1571 bt
1015 1517 1059 1572 die
1074 1516 1245 1571 multimodas
1255 1514 1348 1583 iuveni
1363 1532 1413 1586 per
1428 1516 1549 1571 carnotina
1570 1515 1664 1573 laudes
1679 1534 1687 1572 :

969 1609 1002 1663 Et
1012 1609 1051 1663 sie
1064 1608 1098 1662 ad
1110 1622 1218 1663 sacratu
1233 1605 1314 1662 citius
1327 1615 1485 1680 tuuccurre
1499 1607 1643 1679 capellam,

970 1699 1115 1755 beelteem
1130 1703 1214 1775 utqtte
1231 1698 1305 1754 ieras
1321 1700 1429 1755 eunetis
1450 1701 1478 1754 iu
1499 1714 1548 1755 ore
1561 1699 1687 1754 salutem.

934 1792 957 1852 lt
970 1790 1003 1845 Et
1018 1790 1172 1860 quicunque
1185 1788 1235 1845 tibi
1246 1798 1374 1845 occurrat
1386 1804 1436 1860 per
1453 1797 1541 1846 strata
1553 1788 1653 1856 tidelia,

969 1882 1027 1946 Vir,
1042 1889 1120 1952 pater
1143 1889 1192 1936 aut
1213 1880 1297 1936 irater
1320 1881 1424 1949 tersae,
1435 1882 1603 1954 juvenesque
1616 1897 1761 1954 senesque.

968 1973 1083 2044 Semper
1099 1973 1126 2027 in
1145 1988 1194 2028 ere
1208 1971 1279 2028 ieras
1292 1981 1426 2028 sarratam
1437 1973 1514 2042 pacis
1524 1973 1635 2028 olivam.

969 2063 1018 2119 Die
1032 2082 1038 2118 :
1052 2064 1186 2118 llemerus
1199 2071 1273 2117 amat
1287 2071 1407 2118 uestram
1419 2079 1470 2135 per
1487 2064 1567 2119 saecla
1587 2063 1722 2120 salutern:

969 2157 1024 2212 l'os
1039 2156 1110 2212 Deus
1123 2156 1294 2226 omnipotens
1308 2170 1418 2227 semper
1430 2163 1575 2212 conservet
1595 2155 1707 2227 ubique,

970 2247 1008 2302 Te
1019 2246 1274 2318 quoquerristus,
1289 2246 1385 2313 David,
1404 2256 1548 2305 cotrservet
1568 2249 1596 2302 iu
1610 2263 1707 2303 mrum.

970 2338 1065 2404 Dauid,
1075 2355 1153 2394 amor
1167 2348 1270 2405 nomer,
1282 2339 1369 2395 David
1378 2354 1461 2412 super
1474 2342 1565 2397 ontrria
1579 2340 1691 2407 charus.

971 2429 1135 2484 llaridamat
1151 2437 1243 2495 vates,
1257 2437 1380 2486 satorum
1393 2439 1435 2486 cst
1454 2430 1539 2503 gioria
1555 2432 1651 2487 David.

971 2521 1054 2576 lirrrid
1074 2530 1146 2576 annal
1161 2521 1310 2591 Christum,
1325 2519 1451 2579 Christus
1471 2530 1513 2581 est
1525 2523 1613 2596 gloria
1631 2522 1727 2580 Dauid.

1006 2617 1072 2670 l‘ost
1084 2616 1141 2671 bac
1154 2613 1249 2671 charta
1265 2613 1320 2671 cito
1334 2615 1430 2691 hortos
1443 2616 1581 2688 percurris
1597 2631 1730 2683 amoenos.

969 2706 1038 2762 Cum
1051 2706 1143 2777 pueris
1157 2722 1239 2776 quam
1250 2707 1309 2779 jam
1323 2707 1448 2764 babitare
1462 2705 1569 2763 solebat
1583 2706 1728 2765 ilumerus.

940 2857 954 2867 ‚
971 2797 1059 2853 Cerne
1072 2798 1228 2854 salutiferos
1241 2798 1356 2869 pulchre
1369 2798 1403 2854 do
1414 2799 1539 2870 gramine
1553 2796 1648 2867 dures,

972 2891 1003 2948 Si
1018 2893 1088 2948 bene
1101 2907 1131 2948 se
1145 2903 1220 2958 canit,
1237 2900 1367 2948 crescant.
1378 2893 1401 2948 si
1414 2897 1536 2966 gemiine
1549 2894 1622 2950 laeto.

972 2983 1001 3039 Si
1018 2999 1071 3039 uon
1085 2983 1171 3039 bostis
1186 2983 1256 3039 edax
1271 2982 1381 3039 iuiuiieo
1394 2984 1493 3056 pollice
1506 2993 1625 3056 rumpat.

129 3076 169 3130 Ex
183 3085 307 3130 veterum
321 3073 406 3143 pratis
417 3072 559 3143 pulchram
572 3071 621 3126 tibi
641 3072 729 3142 paulic
741 3086 884 3126 eoronam.
975 3073 1101 3144 [ludique
1119 3075 1264 3145 cingantur
1279 3072 1435 3133 llrmissime
1449 3074 1560 3147 sepibus
1574 3074 1623 3130 illl.

129 3167 230 3236 surge,
251 3165 318 3220 meis
331 3164 431 3228 charis,
443 3173 506 3226 ete,
523 3175 551 3218 ιιι
569 3180 662 3233 supro.

131 3257 252 3328 Virginis
267 3257 382 3327 egregiae
396 3256 483 3311 Bartae
499 3273 571 3311 nune
586 3257 668 3313 dieite
679 3256 783 3321 laudes,

131 3346 263 3413 Pierides,
278 3362 395 3414 mecum,
408 3347 532 3418 placeant
541 3348 586 3403 rari
602 3349 725 3403 termina
742 3358 836 3402 uos·ra

130 3438 305 3496 Carminibus
320 3439 456 3494 Musarum
477 3478 503 3493 ..
523 3440 604 3512 digua
618 3439 705 3511 patella
719 3448 772 3496 cst.

131 3532 220 3602 Surge
231 3532 298 3586 meis
309 3531 412 3598 altaris,
427 3542 491 3599 etc..
506 3541 534 3586 at
547 3549 638 3604 sspro.

132 3623 212 3678 Tibia
225 3639 274 3679 ros
286 3623 377 3679 laudet
390 3625 494 3695 pariter
509 3641 581 3680 nunc
592 3631 695 3689 nestra,
710 3623 816 3694 puellae,

132 3712 304 3784 Prmlragiles
315 3714 404 3779 antris,
417 3724 529 3770 mature
542 3716 568 3768 in
588 3714 709 3770 uteribus
727 3714 817 3779 almis,

131 3803 335 3874 t‘raepuleuram
344 3805 461 3876 speciem
473 3806 535 3861 vitm
546 3806 603 3876 jam
618 3805 685 3861 vicit
698 3805 834 3860 bottcstas.

133 3895 234 3966 Surge,
248 3896 316 3952 nee
329 3897 429 3962 abaris,
445 3906 510 3963 etc,
522 3909 549 3951 ut
562 3914 653 3968 aspra.

133 3987 191 4040 cur
206 3995 232 4042 te
253 4003 305 4043 uon
322 4004 481 4054 memorem,
498 4006 602 4060 magn-e
616 3989 822 4045 primiceriusb
846 3990 925 4054 aula,

134 4080 226 4136 Aaron
239 4083 338 4154 quippe
352 4084 427 4156 prius
442 4100 555 4156 euagrius
569 4086 620 4141 sub
635 4084 708 4141 llose
727 4086 855 4142 sacerdos

134 4174 164 4230 ln
177 4184 204 4232 tc
220 4185 424 4232 uuuenostruna
439 4189 452 4217 ⁶
468 4178 558 4234 subite
569 4176 707 4233 reviviscit
720 4177 748 4232 ln
767 4177 838 4232 aula.

134 4264 176 4322 Tu
195 4277 287 4336 portas
304 4268 402 4334 Ellotb,
421 4285 531 4324 sacrum
552 4269 684 4324 altaribus
698 4269 801 4340 ignerat,

133 4356 190 4414 0rc
200 4357 253 4428 poli
267 4359 369 4415 clasem
383 4369 476 4430 portas
489 4360 668 4430 amnibusque
680 4361 799 4431 capellae.

935 3137 959 3198 c
975 3162 1005 3223 Si
1021 3168 1127 3233 dumus,
1142 3176 1170 3223 et
1185 3167 1261 3237 pueri
1274 3167 1391 3240 uigeant,
1402 3166 1426 3224 si
1439 3174 1511 3225 tecta
1531 3167 1685 3234 dommum,

975 3257 1049 3312 Laeta
1063 3257 1118 3312 lieo
1137 3256 1231 3312 laudes
1246 3256 1345 3323 iaeies,
1358 3256 1383 3313 si
1400 3271 1530 3328 prospera
1546 3264 1645 3313 cuncta

976 3349 1110 3414 inuenies,
1122 3357 1151 3403 et
1164 3348 1206 3403 dic
1220 3349 1332 3418 pueris:
1344 3347 1557 3405 serrateddeles

974 3440 1081 3505 Castra,
1096 3454 1205 3509 precor,
1218 3439 1307 3494 terriut
1323 3439 1357 3494 ad
1371 3454 1422 3495 rtis
1440 3439 1589 3496 damnatis
1611 3439 1764 3507 llomcrus;

976 3532 1015 3588 Ne
1029 3533 1071 3588 uel
1085 3531 1193 3586 ssarnnm
1206 3545 1306 3600 torar,
1319 3533 1365 3588 rel
1381 3533 1426 3588 lur
1439 3533 1562 3590 detastet
1576 3534 1603 3590 in
1623 3533 1684 3590 istis

974 3622 1035 3679 lam
1048 3625 1132 3694 septis
1146 3627 1312 3698 quidquam,
1337 3640 1448 3681 surmuo
1467 3627 1615 3681 utiserante
1633 3623 1767 3680 Tmiaute.

976 3716 1084 3786 Vosque
1094 3717 1193 3782 valete,
1209 3718 1262 3772 arei
1274 3717 1360 3786 pueri,
1376 3717 1420 3788 pia
1432 3718 1515 3772 ebora
1529 3723 1628 3787 poette.

977 3806 1010 3860 Et
1028 3816 1134 3878 portate
1149 3822 1211 3862 meo
1222 3808 1293 3862 dulei
1305 3823 1364 3862 mea
1383 3809 1504 3862 carmina
1520 3805 1615 3859 David.

976 3896 1060 3952 liasid
1071 3905 1145 3952 uruat
1158 3902 1244 3955 rates,
1258 3896 1394 3967 etreliqua
1410 3907 1437 3950 ot
1450 3914 1544 3970 supro..

977 3989 1061 4046 [latitl
1073 4000 1147 4045 amat
1160 3989 1309 4056 Christum,
1325 3999 1354 4042 at
1365 4006 1457 4061 supra.

1288 4146 1449 4206 Cffllffll.

1043 4298 1162 4365 Querela
1178 4304 1209 4356 ab
1228 4315 1349 4375 nepotum
1362 4306 1504 4380 hospitium
1524 4311 1560 4368 od
1575 4314 1705 4371 ratmot.

135 4446 177 4502 'l'u
190 4447 318 4519 populum
339 4451 465 4519 precibus
478 4449 599 4507 delendis
612 4467 719 4523 seraper
736 4451 770 4506 ab
784 4454 870 4509 lrostc.
941 4457 1028 4557 ubia
1043 4459 1122 4515 ruit-e
1133 4460 1214 4528 emin,
1225 4462 1331 4536 gelidus
1345 4467 1427 4524 simul
1438 4469 1519 4526 irruit
1537 4471 1646 4540 imber,

136 4538 236 4610 Surge,
251 4541 320 4596 meis
331 4542 429 4607 citaris,
445 4551 510 4607 ete„
527 4554 557 4597 ut
573 4561 664 4616 rrrpre.

135 4631 243 4688 tutata
254 4642 441 4701 amatarersus,
459 4636 581 4692 dieamus
593 4639 714 4694 earmina
735 4639 854 4704 thirsin,

137 4721 229 4776 Ardua
247 4725 345 4795 quiippe
361 4725 427 4782 sudes
440 4734 539 4782 canuto
557 4727 766 4799 vertice-tulgus.

138 4811 235 4884 Fulget
248 4829 325 4870 amor
335 4816 445 4872 'l'birsiu
457 4827 622 4889 quapropter
635 4828 745 4891 peotore
757 4829 863 4875 nostru

136 4902 216 4958 elima
227 4905 294 4961 tides
311 4907 421 4963 Tbirsiu
435 4909 517 4965 saciet
530 4926 637 4981 queque
651 4910 889 4966 basternarum.

137 4995 238 5066 surge,
252 4997 322 5053 meis
334 4999 437 5065 eboris,
451 5008 517 5064 ete,
529 5011 558 5054 st
567 5017 660 5072 supra

138 5086 226 5143 vtum
252 5086 410 5163 [madidus]
435 5091 575 5148 imbrifero
599 5093 689 5148 renim
708 5093 743 5149 de
763 5100 854 5148 merite
876 5093 930 5147 lle-

797 5182 896 5257 [ealce

168 5390 190 5425 -·
203 5378 292 5444 Coele,
310 5382 380 5439 lilius
394 5384 483 5440 Caroli
494 5385 582 5456 llagui
597 5387 792 5457 primogenitus
804 5400 811 5441 ι
825 5385 930 5443 liotrutl

133 5456 166 5508 et
179 5449 262 5507 bera
277 5453 349 5508 illius
359 5455 431 5510 liliae.

174 5519 190 5562 b
204 5522 246 5576 Aa
259 5522 450 5594 Angilbertusl

177 5603 191 5631 θ
206 5591 299 5659 Forte,
314 5605 413 5653 suestra.

173 5660 189 5701 ⁴¹
206 5661 299 5724 Forte.
311 5674 439 5730 totorum,
451 5674 481 5720 ut
494 5682 576 5738 suipra
588 5683 658 5722 vers.
672 5668 699 5722 5.

178 5732 274 5795 reati.
288 5733 330 5795 lta
342 5737 420 5806 cod.;
440 5737 564 5796 fortassis
584 5738 674 5797 Coreli
694 5737 735 5800 iel
760 5735 876 5812 l’ippitsi.
888 5735 930 5795 bd

982 4550 1041 4606 Non
1059 4551 1110 4608 iuit
1121 4553 1230 4622 Albine,
1243 4569 1335 4629 specta
1351 4561 1360 4600 ¹
1376 4562 1513 4635 paulisper
1523 4565 1551 4620 in
1562 4566 1631 4624 urbe

981 4640 1033 4709 Qui
1049 4658 1112 4697 eum
1124 4644 1250 4712 dixisset,
1262 4649 1349 4704 donec
1361 4660 1534 4722 pertranseat
1542 4655 1629 4714 imber
1642 4699 1651 4728 ,

982 4734 1016 4789 Et
1030 4735 1119 4792 calide
1133 4746 1226 4807 pectus
1237 4741 1332 4811 paradi
1348 4741 1436 4798 fronte
1450 4745 1465 4786 ⁸
1481 4745 1601 4804 refirma.

982 4825 1080 4883 Tristis
1090 4830 1147 4884 abit
1157 4831 1249 4886 senior
1256 4831 1350 4903 tejam
1361 4844 1456 4893 ventre
1466 4847 1545 4910 poeta
1557 4857 1567 4908 ;

982 4916 1016 4971 Ει
1029 4919 1104 4987 pueri
1118 4920 1209 4976 tristes
1218 4922 1511 4991 planxemntcarruino
1521 4931 1657 4991 Flaccorum

982 5007 1091 5080 Frigida
1108 5020 1272 5082 quapropter
1289 5022 1379 5071 taeeat
1391 5018 1444 5074 sibi
1457 5018 1545 5079 fistula
1557 5039 1686 5093 canneru

981 5099 1037 5154 llas
1054 5107 1159 5154 tanturn
1173 5118 1275 5174 pauens
1285 5103 1418 5166 balbutiat
1433 5125 1480 5168 cre
1501 5128 1650 5172 camenas:

981 5189 1110 5246 Carmina
1127 5207 1180 5249 noir
1193 5203 1271 5250 curat
1281 5196 1374 5262 liarid,
1387 5213 1438 5255 uec
1448 5200 1548 5257 licliah
1564 5214 1653 5262 curat.

982 5385 1083 5442 lulium
1099 5396 1128 5445 et
1139 5386 1248 5446 laueiam
1259 5391 1392 5448 directum
1405 5402 1448 5449 est
1460 5410 1544 5453 earnr.
1557 5399 1620 5466 aba,
1632 5403 1683 5458 cul.
1704 5404 1768 5464 tte.

1021 5457 1152 5516 ‘Sensus
1176 5469 1220 5517 cst
1244 5478 1251 5517 :
1274 5463 1320 5533 qui
1343 5462 1454 5519 &risset
1479 5481 1488 5521 :
1516 5467 1645 5542 Exspecta
1670 5474 1770 5546 protulit⁴

982 5538 1131 5655 vallelacus
1145 5610 1298 5671 cormptus.

1018 5670 1031 5710 Ι·
1047 5670 1130 5752 belia.
1147 5669 1205 5726 lloe
1216 5672 1325 5754 neminie
1337 5676 1479 5755 compellat
1495 5678 1592 5754 filiam,
1603 5695 1634 5741 ut
1644 5685 1768 5757 viles«,

982 5739 1071 5798 Carula
1082 5757 1110 5799 tn
1125 5751 1249 5813 sequenti
1269 5759 1399 5804 carmine.
