3780 6120
164 323 216 381 {bb
586 315 618 371 B.
636 313 669 371 1⁸⁵.
680 312 793 369 sturm
812 310 877 367 SEU
896 309 1033 367 theulut
1051 306 1193 365 oretum
1212 305 1302 363 PARS
1319 304 1361 360 ΙΙΙ.
1734 293 1784 348 iil

162 429 319 505 prophetico
331 426 427 499 spiritu
449 426 593 482 bominum
617 439 695 478 suum
713 423 815 478 dixisse
838 421 946 492 legitur.
962 419 1069 489 Alpse,
1085 418 1128 489 qui
1144 418 1186 472 lex
1199 428 1241 473 est
1259 425 1427 479 naturarum,
1443 412 1515 467 nulla
1538 411 1596 482 lege
1611 407 1724 466 alterius
1736 424 1799 495 na-¹

163 524 247 596 lgitur
267 519 345 590 juxta
367 519 513 574 humanam
539 514 760 573 cousuetudinem
781 513 949 568 Daridinter
1001 507 1210 580 turaesuhjacet,
1225 523 1274 563 nee
1289 506 1403 561 infirmis
1426 505 1549 560 humente
1565 498 1783 569 conjecturem·

163 626 229 668 aros
247 610 290 665 rel
316 623 432 678 proauos
457 606 558 664 Christi
581 603 764 659 numerandus
784 610 837 670 est,
864 602 950 672 magis
1000 600 1137 666 tiunculis,
1158 599 1204 669 qui
1227 594 1506 668 incompreheusibilis
1526 601 1578 658 est,
1593 589 1784 662 comprehendi

163 716 243 772 quam
256 699 332 771 prius
344 695 446 769 fferre,
462 692 557 766 ipsius]
571 692 651 748 Pater
666 691 795 746 dicendus
818 689 949 746 sibilum
999 690 1107 760 poterit.
1126 689 1295 758 Quapropter
1316 686 1446 757 unigeniti
1472 685 1520 740 bet
1539 683 1718 748 nativitatem,
1741 681 1785 742 rel

164 793 188 849 si
202 792 274 847 bens
287 789 379 854 Pater,
399 786 525 858 proprius
538 791 645 839 nonest
657 781 758 837 Christi
769 781 869 836 Pater:
885 795 950 850 ergo
1000 780 1118 835 divinam
1141 778 1184 833 rel
1205 778 1286 833 etiam
1309 777 1464 839 humanam,
1482 775 1575 831 desine
1603 773 1638 828 ad
1661 780 1785 828 nostram

163 881 267 937 nullum
280 879 360 934 habet
380 875 519 947 proprium
541 874 667 928 Patrem:
686 871 749 941 quia
773 871 851 926 beata
869 871 950 941 Virgo
1000 867 1172 923 mortalitatis
1184 867 1425 937 impossibilitatem
1437 864 1577 936 redigere:
1593 877 1679 932 neque
1692 862 1786 932 ei,qui

163 986 198 1026 ex
213 970 311 1027 nullius
322 968 373 1023 riri
388 966 490 1022 semiue
509 964 640 1033 concepit,
655 961 703 1018 sed
721 961 755 1017 de
773 961 873 1031 Spiritu
888 976 950 1016 san-

164 1071 208 1116 cto
222 1061 397 1130 impraegnata
410 1063 463 1110 est.
488 1053 517 1108 si
530 1052 578 1107 Dei
597 1051 686 1106 Patris
712 1049 867 1106 testimonio
889 1065 950 1105 cre·

165 1150 282 1206 dendum
296 1148 425 1213 aestimes,
448 1144 529 1201 crede
540 1143 678 1199 Christum
700 1155 760 1196 esse
772 1140 818 1195 liei
831 1140 928 1197 Filium
942 1158 950 1196 2

164 1241 205 1296 rel
230 1241 253 1296 si
268 1239 427 1311 prophetico
445 1237 531 1307 ipsius
552 1234 637 1290 David
661 1232 815 1288 testimonio
838 1233 951 1288 credere

163 1342 267 1388 rectum
281 1330 430 1393 arbitreris,
446 1327 526 1384 crede
537 1325 672 1392 eumdem,
692 1324 738 1394 qui
757 1323 843 1380 Filius
853 1324 952 1379 dicitur

164 1425 259 1491 David,
273 1423 417 1478 Dominum
428 1434 488 1475 esse
499 1418 581 1474 illius

198 1515 230 1571 ll.
251 1513 324 1569 Dicis
344 1512 434 1582 itaque
451 1510 523 1579 quod
536 1523 606 1564 unus
617 1506 699 1562 homo
713 1504 782 1561 duos
794 1511 886 1575 patres
903 1517 953 1558 na·

163 1606 265 1664 turalcs
283 1619 337 1661 non
358 1603 444 1674 possit
457 1601 569 1667 hahere,
588 1613 671 1654 unum
686 1612 752 1653 rero
771 1595 857 1667 possit
869 1602 951 1649 natu·

164 1698 249 1753 ralenr
262 1696 376 1760 babere,
388 1701 415 1748 et
434 1691 548 1746 alterum
562 1688 727 1759 adoptivum.
745 1686 875 1743 Dicamet
887 1697 949 1756 ego,

999 967 1076 1013 extra
1099 967 1257 1029 conceptum
1281 958 1405 1013 humanae
1423 957 1535 1028 originis
1556 963 1636 1012 natus
1658 964 1711 1021 est,
1735 955 1786 1011 hu·

1000 1052 1089 1108 manis
1102 1051 1316 1107 diffinitiunculis
1341 1049 1520 1122 praejudicare
1537 1057 1637 1115 tentes,
1649 1047 1787 1120 quomodo

1001 1142 1077 1197 nasci
1088 1140 1231 1211 potuisset,
1253 1141 1298 1196 rel
1318 1141 1452 1211 quomodo
1469 1147 1541 1196 esset
1561 1139 1687 1212 proprius
1701 1139 1787 1198 Filius

1002 1230 1060 1297 liei,
1079 1231 1143 1286 dum
1157 1240 1237 1287 natus
1256 1238 1337 1287 esset.
1361 1231 1391 1286 Si
1405 1231 1459 1286 beo
1472 1231 1563 1286 omnia
1587 1230 1723 1302 possibilia
1737 1246 1786 1289 oo·

1002 1334 1127 1391 gnoscas,
1139 1328 1168 1377 et
1180 1322 1270 1378 hocei
1291 1321 1419 1391 possibile
1439 1336 1500 1377 csse
1514 1322 1593 1387 scito,
1606 1329 1636 1376 ut
1647 1323 1787 1396 proprium

1001 1409 1099 1466 Filium
1116 1426 1150 1466 ex
1164 1411 1274 1483 Virgine
1288 1419 1409 1468 creatum
1420 1411 1521 1468 habere
1531 1411 1669 1467 valuisset.

1036 1501 1178 1576 814111.
1198 1503 1271 1558 llicis
1286 1521 1322 1558 :s
1339 1503 1410 1571 Quid
1424 1504 1510 1574 potuit
1535 1517 1570 1559 cx
1593 1503 1690 1558 ancilla
1710 1504 1788 1560 nasci

1001 1592 1055 1648 nisi
1072 1593 1191 1648 servasi
1208 1611 1219 1645 ι
1245 1592 1302 1649 lloc
1312 1603 1341 1649 et
1362 1601 1518 1650 antecessor
1530 1601 1593 1650 tuus
1606 1593 1740 1665 Pelagius,
1755 1594 1790 1651 li·

1002 1680 1231 1748 cetaliisverhis,
1255 1690 1345 1738 tamen
1367 1681 1463 1738 codem
1477 1696 1558 1738 sensu
1580 1681 1644 1738 olim
1669 1681 1786 1749 dicebat,

164 1790 236 1859 quod
245 1787 334 1842 uullus
343 1794 421 1857 pater
434 1798 517 1840 unum
528 1783 612 1838 lilium
626 1786 716 1851 potest
723 1778 839 1845 habere,
845 1785 952 1832 uuum-
965 1760 989 1821 Β
1001 1786 1127 1828 asserens
1136 1771 1274 1828 Christum
1284 1772 1434 1829 solitarium
1445 1786 1506 1829 esse
1519 1772 1654 1828 homiuem
1666 1790 1676 1827 ι
1689 1787 1787 1845 exque

164 1896 217 1952 que
229 1888 257 1936 et
270 1876 421 1933 naturalem
435 1875 489 1931 sibi
506 1882 533 1930 et
550 1873 724 1944 adoptivum:
741 1871 803 1942 quia
819 1869 866 1925 ille
881 1884 952 1925 unns
1001 1861 1076 1918 tonte
1090 1870 1118 1919 et
1131 1861 1273 1919 Nestorius
1284 1879 1361 1920 suam
1374 1863 1495 1920 condidit
1507 1863 1643 1930 haeresim,
1657 1878 1710 1934 qua
1720 1863 1789 1921 duas

166 1971 238 2028 ultus
249 1983 304 2026 non
320 1974 409 2039 potest
431 1965 524 2030 dividi,
538 1971 568 2018 ut
588 1963 625 2019 sit
637 1976 707 2017 unus
728 1959 813 2031 patris
831 1966 859 2014 et
871 1966 952 2014 natu·
1000 1968 1131 2025 personas
1145 1955 1173 2009 in
1195 1953 1304 2012 Christo
1319 1955 1402 2010 voluit
1428 1955 1551 2026 intelligi.
1569 1956 1679 2026 Expone
1695 1955 1786 2025 igitur,

165 2059 230 2121 ralis
241 2066 269 2113 et
281 2056 423 2129 adoptivus
437 2072 444 2108 :
461 2053 503 2108 rel
522 2052 643 2123 quedam
673 2064 738 2120 pars
764 2048 812 2103 lllii
835 2048 871 2103 sit
884 2046 952 2102 ado·
1001 2045 1136 2114 quomodo
1151 2061 1214 2116 apes
1228 2045 1356 2100 animalia
1368 2046 1428 2100 riva
1450 2046 1483 2101 de
1498 2045 1619 2113 duribus,
1636 2048 1718 2102 rebus
1732 2047 1787 2103 sci·

164 2149 250 2222 ptius,
265 2154 293 2202 et
315 2145 400 2201 altera
420 2142 552 2199 naturalis
565 2142 593 2196 iu
607 2140 655 2196 dlii
675 2139 813 2210 dignitate,
841 2136 914 2192 velut
928 2136 952 2191 si
990 2136 1065 2221 licet
1078 2136 1233 2204 insensatis,
1245 2146 1415 2204 nascautur,
1435 2139 1478 2194 vel
1503 2139 1655 2195 mirabilem
1679 2139 1789 2196 illarum

164 2260 218 2299 una
230 2257 325 2297 manus
337 2241 373 2297 sit
388 2238 522 2309 adoptiva,
537 2244 565 2292 et
579 2234 665 2291 altera
678 2233 795 2305 propria,
808 2232 849 2287 rel
862 2230 951 2285 anima
1001 2236 1138 2295 naturam,
1150 2231 1244 2301 reique
1257 2231 1371 2300 publicae
1384 2233 1613 2289 ordinatissimam
1635 2234 1790 2305 dispositio-

165 2336 203 2391 sit
214 2334 358 2405 adoptiva,¹
373 2339 401 2387 et
426 2345 491 2386 caro
518 2325 723 2397 improprietate
743 2322 800 2377 tilii.
825 2319 952 2387 Quamvis
1000 2334 1064 2376 nem
1076 2320 1105 2384 iu
1116 2335 1210 2375 earum
1227 2320 1461 2376 administratione
1472 2323 1601 2378 edissere.
1617 2323 1696 2379 llices
1708 2323 1790 2380 sorsi-

164 2424 239 2481 enim
251 2425 342 2480 anima
353 2437 406 2478 nou
420 2420 456 2475 sit
468 2434 501 2474 cr
511 2417 598 2489 patris
612 2415 725 2479 semiue,
737 2412 808 2467 sieut
822 2420 863 2465 est
875 2422 950 2475 caro,
1001 2421 1060 2479 tan,
1082 2412 1145 2482 quia
1161 2412 1222 2468 rans
1244 2421 1395 2469 semrom
1420 2422 1516 2470 napum
1539 2414 1592 2471 gij
1615 2417 1722 2472 condi„
1736 2427 1791 2472 est.

165 2525 255 2572 tnmeu
271 2529 343 2570 unus
361 2521 404 2569 est
428 2511 498 2567 iilius
518 2510 604 2581 patris
627 2508 717 2563 anima
731 2513 863 2570 etcame‚
880 2510 952 2558 totus
1000 2505 1095 2576 Cogita
1112 2512 1141 2561 et
1157 2503 1286 2576 intellige,
1309 2506 1356 2575 qui
1382 2506 1440 2562 hec
1465 2507 1596 2562 miracula
1619 2508 1646 2563 in
1670 2508 1792 2565 minimis

165 2605 208 2663 rcl
226 2605 376 2675 adoptivus,
390 2603 433 2659 rel
450 2602 588 2673 proprius,
600 2608 682 2671 prout
702 2599 821 2656 conditio
832 2597 951 2654 numinis
1001 2608 1095 2650 creare
1107 2594 1204 2664 potuit,
1216 2608 1276 2663 quae
1288 2596 1322 2650 ab
1332 2594 1441 2651 homine
1453 2611 1504 2653 nee
1517 2597 1641 2669 intelligi,
1654 2613 1704 2654 nec
1714 2613 1792 2655 euar-

165 2696 208 2756 rcl
223 2704 325 2752 nature
352 2695 403 2751 sihi
429 2693 559 2749 attulerit.
583 2692 676 2748 Potest
690 2705 754 2746 vero
779 2689 807 2744 in
821 2704 874 2743 una
888 2703 950 2758 pcr-
1001 2688 1057 2743 rari
1071 2688 1280 2759 possuntuuod
1297 2690 1382 2760 potuit
1394 2703 1428 2744 ex
1443 2689 1566 2761 virginali
1583 2699 1662 2747 utero
1673 2691 1790 2748 liberum

166 2803 233 2844 sona
248 2801 308 2842 esse
321 2785 457 2857 passibilis
467 2794 494 2840 et
513 2783 697 2855 impassibilis,
722 2781 845 2838 mortalis
859 2787 888 2837 et
901 2781 952 2836 im-

168 2875 300 2940 mortalis,
315 2874 397 2930 veluti
413 2875 494 2930 homo
509 2873 668 2930 immortalis
681 2880 723 2928 est
736 2872 837 2939 anima,
850 2879 952 2927 morta·

166 2967 201 3022 lis
212 2980 294 3022 carne
307 2983 316 3019 ι
330 2965 369 3021 sic
384 2965 464 3020 etium
480 2972 509 3019 ct
522 2963 646 3019 Christus
662 2961 834 3033 impassibilis
855 2960 952 3016 divini-

1001 2780 1052 2836 sihi
1067 2794 1161 2835 creare
1173 2779 1280 2836 Filium.
1301 2779 1448 2837 Considera
1461 2782 1522 2839 coeli
1540 2782 1719 2849 altitudinem,
1732 2792 1792 2839 ter·

1002 2889 1040 2929 rae
1060 2874 1246 2941 stabilitatem,
1272 2889 1403 2944 aquarum
1426 2873 1647 2946 profunditatem,
1671 2874 1791 2931 omniunt

1001 2966 1151 3023 virentium
1165 2965 1349 3023 diversitatem
1362 2982 1370 3032 ;
1393 2967 1523 3032 edissere,
1538 2966 1562 3022 si
1577 2966 1678 3032 valeas,
1693 2968 1793 3022 haran

166 3066 232 3122 tate,
246 3055 383 3128 passibilis
407 3069 508 3121 carne,
527 3063 616 3109 tamen
640 3061 711 3109 totus
734 3067 804 3109 unus
826 3052 951 3123 idemque
1003 3059 1222 3115 omniumremm
1234 3057 1363 3125 rationes,
1377 3059 1441 3113 etsi
1459 3057 1793 3130 hocimpossihiletepro·

166 3155 209 3203 est
222 3145 292 3204 heus
305 3156 333 3203 et
345 3147 447 3202 homo:
463 3161 532 3201 unus
554 3152 596 3202 est
613 3143 737 3201 Christus
750 3145 778 3200 in
790 3143 877 3200 iorma
892 3143 949 3208 bei,
1003 3148 1117 3215 utensis,
1135 3149 1201 3219 quid
1214 3157 1240 3205 te
1250 3156 1461 3218 presumptuose
1474 3147 1574 3218 ingeris
1594 3145 1724 3204 ineffabili
1738 3146 1777 3203 ml

165 3244 275 3292 etunus
296 3235 421 3292 Christus
447 3236 475 3291 in
489 3234 575 3291 forma
600 3236 682 3301 serti,
700 3245 810 3292 etunus
828 3235 952 3294 Christus
1003 3241 1095 3296 raculo
1121 3241 1269 3296 nativitatis
1291 3239 1407 3304 Christi,
1427 3239 1544 3309 qualiter
1557 3237 1601 3295 vel
1626 3237 1793 3296 bntshomo

166 3322 278 3392 equalis
302 3323 387 3388 Patri,
405 3332 432 3379 et
446 3338 516 3378 unus
538 3332 580 3380 est
603 3324 726 3380 Christus
751 3326 841 3380 minor
861 3325 951 3391 Patre,
1002 3331 1062 3387 lieri
1088 3331 1231 3402 potuisset,
1256 3330 1298 3385 vel
1319 3329 1500 3397 homolieus3
1515 3329 1558 3387 vel
1577 3330 1624 3386 Dei
1646 3329 1794 3388 Filiusho-

167 3412 238 3467 idem
252 3412 333 3478 Deus,
348 3411 417 3468 idem
432 3413 525 3479 homo,
539 3428 609 3469 unus
621 3413 706 3470 Filius
721 3414 768 3470 liei
782 3415 871 3471 Patris
881 3424 953 3472 totus
1002 3420 1084 3476 urinis
1098 3419 1178 3475 lilius.
1204 3419 1272 3475 llam
1295 3418 1376 3490 hujus
1393 3421 1555 3487 nativitatis,
1579 3420 1622 3478 rcl
1636 3421 1719 3478 etiam
1733 3419 1794 3477 uni·

166 3497 303 3568 proprius,
321 3498 477 3571 etVirgiuis
503 3501 598 3556 matris
624 3510 696 3556 totus
720 3503 855 3573 proprius.
875 3503 952 3572 Quod
1002 3510 1068 3567 tatis
1082 3511 1110 3565 iu
1137 3509 1192 3565 lieo
1211 3520 1238 3566 et
1257 3511 1366 3566 homine
1392 3509 1480 3582 majus
1505 3519 1547 3567 est
1577 3520 1791 3577 sacramentum,

165 3585 261 3640 beatus
274 3585 329 3642 Leo
342 3602 410 3658 papa
425 3586 561 3644 Romanus
571 3589 599 3644 in
617 3589 731 3660 epistola
745 3591 780 3645 ad
792 3590 952 3649 Flavianum
1003 3618 1085 3674 quam
1107 3602 1227 3659 omnium
1246 3611 1435 3659 ereaturarum
1453 3604 1583 3660 conditio.
1602 3603 1727 3660 Concede
1741 3603 1793 3675 igi·

167 3676 309 3746 Wsltictle
332 3678 605 3735 1111111111·11(]11111
628 3696 704 3753 11811,
723 3681 820 3752 inquit,
835 3684 954 3743 1111111111
1003 3702 1048 3752 tur
1061 3695 1147 3752 Deum
1167 3695 1267 3767 aliquid
1288 3710 1378 3766 posse,
1399 3695 1470 3766 quod
1489 3697 1606 3752 humana
1630 3712 1685 3752 nou
1702 3695 1794 3751 ualeat

167 3763 296 3824 Dominus
308 3767 386 3826 lesus
407 3768 543 3839 Christus,
558 3779 586 3828 et
602 3789 674 3830 rerae
696 3774 804 3833 deitatis
829 3790 953 3850 vereque
1003 3783 1402 3856 infirmitrscomprehendere3
1418 3801 1469 3842 nec
1479 3793 1571 3842 nostra
1584 3785 1793 3843 ratiocinatione

166 3858 343 3917 humanitatis
356 3861 384 3916 in
402 3861 523 3933 ipsuum
542 3879 653 3936 prorsus
680 3866 828 3939 eademqne
836 3883 953 3940 persona
1003 3876 1092 3948 legem
1103 3891 1235 3948 ponamus
1254 3876 1388 3946 maiestati
1405 3884 1523 3942 aterne,
1540 3876 1605 3947 quid
1617 3876 1713 3948 possit,
1727 3874 1793 3932 dum

168 3952 215 4017 sit,
234 3953 424 4010 exaltationem
449 3965 550 4021 nmen,
574 3971 627 4027 qna
651 3957 736 4024 illum,
760 3959 831 4016 sieut
855 3960 954 4017 Doctor
1003 3969 1093 4022 omnia
1115 3975 1214 4040 potest,
1228 3967 1286 4037 -qui
1315 3968 1484 4038 omnipotens
1497 3975 1549 4024 est.
1577 3968 1633 4025 llec
1654 3966 1793 4023 cnimhac

169 4040 295 4099 Gentium
309 4045 385 4113 dicit,
399 4046 529 4102 exaltavit
539 4056 567 4103 ct
580 4047 690 4104 donarit
709 4049 745 4106 illi
760 4065 868 4119 nomen,
881 4052 953 4123 qnod
1003 4056 1061 4113 sola
1075 4058 1215 4114 nadritatc
1228 4056 1328 4113 Christi
1350 4056 1481 4116 defectiva
1496 4066 1538 4116 est
1560 4060 1680 4131 potentia
1706 4059 1790 4124 illius,

168 4148 248 4189 omne
262 4149 359 4191 nomeu
375 4136 483 4192 excellit
496 4136 605 4210 (Plnlip.
619 4156 649 4206 u,
664 4139 702 4212 9),
719 4141 754 4196 ad
769 4142 891 4198 eamdem
905 4145 949 4200 iu·
1004 4145 1050 4217 qui
1062 4147 1232 4219 omnipotens
1245 4156 1299 4214 est,
1321 4155 1352 4203 ut
1370 4164 1423 4204 non
1440 4157 1532 4220 posset
1555 4150 1629 4205 illum
1645 4150 1791 4216 hominem,

167 4220 313 4292 telligimus
321 4225 456 4294 pertinere
469 4225 595 4293 turmam,
609 4245 670 4300 quae
680 4228 789 4286 ditanda
798 4240 858 4288 erat
871 4241 954 4292 tantae
1004 4236 1050 4307 qui
1063 4251 1098 4292 ex
1109 4237 1219 4310 Virgine
1235 4247 1316 4294 natus
1336 4246 1388 4305 est,
1401 4240 1454 4295 sibi
1473 4240 1612 4311 pmprium
1624 4240 1667 4298 vel
1680 4251 1792 4297 natura·

168 4311 535 4384 glorificationisaugmento.
552 4316 582 4371 ln
592 4316 679 4373 forma
693 4320 792 4391 quippe
804 4321 851 4378 liei
862 4339 954 4394 aequa·
1004 4326 1057 4384 lem
1073 4327 1172 4384 Filium
1194 4344 1299 4386 creare.
1317 4331 1439 4402 intellige
1453 4332 1561 4389 tandem
1588 4333 1742 4404 aliquando,
1758 4334 1793 4392 ad

76 4410 79 4414 ·
169 4402 446 4471 liseratFiliusPatri,
457 4405 567 4462 etinter
580 4407 728 4479 genitorem
740 4418 821 4481 atque
833 4414 956 4486 unigeni-
970 4417 1087 4488 nouem
1101 4416 1183 4473 tinem
1204 4418 1247 4473 rel
1260 4418 1294 4473 ad
1312 4429 1441 4488 quanmm
1464 4419 1657 4491 blasphemiam
1676 4423 1734 4479 lsaec
1747 4431 1793 4481 tua

169 4499 227 4547 tum
254 4492 327 4548 nulla
348 4495 542 4551 eratessentite
572 4496 710 4565 discretio,
738 4500 813 4556 nulla
827 4502 856 4557 iu
869 4502 955 4573 maie·
1006 4508 1120 4564 assertio
1145 4509 1303 4579 perveniat3
1319 4518 1366 4564 aut
1384 4509 1433 4566 liei
1447 4510 1536 4568 Patris
1560 4512 1698 4570 Christum
1709 4512 1793 4571 coud-

169 4591 241 4638 state
254 4584 414 4654 diversitas;
439 4601 490 4643 nec
501 4602 551 4659 per
575 4588 770 4647 incarnationis
793 4595 954 4666 mysterium
1005 4597 1649 4672 teropropriumesselliumetverum,1'urta
1671 4605 1794 4675 omnipo·

169 4671 271 4742 aliquid
292 4674 443 4732 decesserat
455 4692 489 4734 ex
503 4679 600 4745 Verbo,
616 4681 688 4751 quod
708 4682 735 4740 ei
746 4684 836 4741 Patris
849 4702 883 4742 ex
896 4703 956 4744 mu·
1007 4687 1118 4742 tentiam
1141 4703 1197 4743 suae
1218 4687 1360 4746 ineffabilis
1382 4690 1546 4760 voluntatis;
1563 4695 1644 4752 autsi
1663 4695 1792 4753 herieri

169 4777 235 4819 nere
260 4765 416 4823 redderetur
430 4784 437 4823 ὲ
453 4767 540 4826 lorma
565 4779 655 4828 autem
679 4772 783 4848 [servit
810 4791 860 4848 per
873 4793 956 4849 quam
1006 4792 1060 4833 nou
1081 4792 1161 4848 posse
1174 4779 1361 4846 mutenderis,
1388 4781 1563 4853 impotentem
1579 4801 1635 4842 sure
1647 4785 1794 4845 voluntatis

170 4855 344 4929 impassibilis
373 4858 460 4916 dnus
490 4874 689 4920 sacramentum
713 4882 818 4940 magum
847 4871 956 4941 prensis
1007 4867 1102 4925 interis
1124 4870 1228 4926 mum:
1247 4872 1319 4942 quod
1340 4872 1528 4946 impiissimum
1553 4884 1596 4932 est
1615 4877 1728 4935 credere
1749 4877 1793 4935 vel

170 4947 301 5019 implerit,
325 4948 443 5005 hnmana
472 4949 610 5011 humilitas
633 4964 687 5023 est,
709 4972 770 5028 qun
792 4959 955 5032 ingloriam
1005 4959 1107 5016 dicere.
1133 4959 1204 5032 Ergo
1216 4975 1251 5017 ex
1262 4963 1313 5018 hae
1328 4963 1542 5021 consideratione
1560 4967 1664 5024 meliori
1677 4969 1793 5040 teipsum

171 5040 269 5097 diuina
278 5040 421 5112 potestatis
437 5049 542 5108 erema,
558 5051 600 5099 est
623 5044 652 5100 in
663 5053 764 5103 tantam
779 5050 912 5110 unitatem
922 5055 957 5111 ab
1006 5050 1088 5107 indue
1104 5050 1168 5118 ilde,
1182 5061 1310 5125 tuamque
1325 5069 1489 5126 cognoscem
1510 5059 1695 5118 infirmitatem
1708 5063 1793 5120 ticum

171 5127 232 5200 ipso
241 5137 370 5202 conceptu
383 5129 503 5200 Virginis
516 5131 616 5189 deitate
626 5143 654 5190 et
665 5134 834 5195 humanitate
847 5155 958 5198 conser-
1006 5139 1136 5197 conitere
1148 5143 1239 5197 omnia
1256 5158 1335 5214 posse
1359 5142 1460 5213 iacere,
1483 5162 1543 5219 que
1553 5149 1621 5217 vult,
1640 5159 1668 5207 et
1686 5160 1796 5208 meun-

172 5221 213 5285 ta,
234 5223 265 5274 ut
280 5234 330 5276 nec
352 5219 411 5276 siue
424 5219 535 5276 homine
557 5221 658 5290 divina,
681 5238 734 5282 nec
749 5227 809 5284 sine
824 5228 958 5304 beorge-
1007 5236 1052 5284 eu
1078 5245 1132 5286 non
1155 5245 1235 5302 posse
1266 5232 1424 5307 intelligere,
1448 5252 1511 5306 uuae
1536 5240 1595 5295 vult
1615 5249 1733 5308 creator,
1764 5251 1793 5298 ιιι

172 5307 433 5365 renturhumam.»
458 5309 693 5385 llullatenusergn
706 5321 742 5382 te,
768 5317 881 5387 cleiis,
902 5320 955 5378 hu·
1007 5319 1082 5376 liant.

173 5407 256 5450 mana
265 5393 369 5451 ratione
380 5398 542 5471 investigare
556 5401 723 5460 nativitatem
736 5405 818 5463 Verbi
831 5407 889 5476 liei,
904 5424 957 5480 qua
1042 5411 1087 5469 ll.
1107 5413 1220 5472 Plurimi
1230 5417 1302 5473 euim
1314 5428 1470 5478 sanctorum
1482 5421 1597 5494 professi
1610 5433 1673 5481 runt
1684 5440 1738 5483 nou
1753 5426 1794 5495 itt·

173 5482 364 5584 semiactum
390 5493 441 5551 est,
464 5504 545 5559 posse
569 5499 648 5563 putes
662 5510 669 5549 ι
683 5508 738 5550 non
752 5496 958 5556 enimbumsna
1006 5500 1215 5570 retexissem
1225 5520 1353 5565 enomere
1366 5511 1486 5581 potuisse
1497 5513 1568 5567 hauc
1581 5512 1732 5570 mirabilem
1747 5530 1795 5587 ge·

172 5571 350 5643 possibilitate
359 5575 579 5646 omnipotentiam
590 5582 740 5642 divinitatis
758 5588 848 5643 metiri
863 5590 956 5649 debes.
1008 5593 1174 5652 necationem
1187 5596 1298 5665 Christi,
1311 5612 1344 5655 ex
1357 5599 1654 5668 mribuslsaias,du1n
1679 5600 1794 5659 infirmi·

211 5696 225 5725 ι
244 5681 274 5738 S.
286 5682 341 5739 Leo
354 5695 433 5754 papa,
456 5686 536 5758 epist.
561 5686 613 5745 165
626 5688 662 5747 ad
684 5690 803 5748 Leonem
820 5693 981 5773 Augustum,
999 5716 1058 5774 cap.
1075 5703 1101 5759 8.
