3780 6120
718 205 1179 293 ‚eramus-mermes.
1722 245 1777 307 ut

472 336 584 396 ccxiii.

411 427 539 486 Meruoria
563 434 664 488 mortis.

132 516 294 575 Ontortaiis
307 519 400 583 bomo.
415 524 511 578 mortis
527 526 702 582 reminiseere
713 542 803 584 rasus.

133 609 181 665 Nil
193 612 296 681 pecude
309 610 403 679 distas,
420 614 442 668 si
457 623 562 671 tantum
575 632 703 688 prospera
718 630 822 691 eaptus.

132 697 244 765 Omnia,
259 716 320 771 quae
331 703 432 768 seruis,
446 706 585 760 uariarum
599 708 700 776 gaudia
715 727 816 778 rerurrt,

136 789 239 845 {imbra
252 790 326 848 reim
338 793 427 847 teneris
438 793 525 850 veloci
539 795 593 851 doe
605 799 746 855 recedunt.

132 880 261 938 Preeare
272 898 326 938 ooo
341 882 406 939 telis
418 900 451 939 ne
463 894 501 950 te,
518 887 580 942 dum
595 889 686 945 rteseis
697 900 726 946 et
735 893 825 958 audis,

132 973 275 1040 Quassans
288 977 421 1046 proeipiti
435 976 565 1033 dissolvat
580 981 687 1036 turbiue
701 982 771 1038 dois.

123 1064 245 1136 'Porrige
257 1067 379 1135 posoenti
394 1068 505 1133 rictum,
519 1069 560 1123 rei
578 1079 692 1142 coumge
704 1073 816 1141 nudum,

132 1158 167 1212 Et
180 1167 206 1212 te
225 1168 286 1228 post
301 1161 405 1214 ebitum
419 1161 460 1216 sio
474 1161 537 1216 taiia
552 1161 622 1218 iacta
636 1164 764 1222 beabunt.

481 1251 594 1307 dcxiv.

350 1342 388 1397 De
399 1353 549 1414 contemptu
561 1346 723 1403 dirutionem.

131 1431 220 1502 biiige
232 1433 399 1504 pauperiem,
413 1436 555 1491 mordaces
568 1436 656 1510 ebirge
670 1456 761 1511 gazas,

133 1523 202 1579 Nam
220 1525 336 1581 reddant
347 1527 462 1598 cupidis,
475 1536 535 1598 post
547 1533 641 1586 earnis
654 1533 754 1599 duleis,
767 1533 899 1603 demutas

130 1616 263 1682 Quamuis
276 1618 433 1690 perspicuus
447 1636 514 1676 auro
527 1624 697 1695 gerendisque
711 1626 841 1694 uitesees,

132 1706 241 1777 Pauper
254 1718 281 1764 et
293 1708 407 1784 exiguus
418 1709 482 1777 ibis,
497 1720 525 1767 et
537 1714 626 1769 nudus
637 1715 671 1770 ad
683 1718 805 1773 umbras.

130 1795 160 1851 id
172 1798 262 1854 seium
273 1806 361 1855 tesam
373 1809 436 1871 post
448 1802 545 1859 mortis
558 1803 612 1858 iata
624 1807 756 1873 mauebit,

133 1887 211 1955 Quod
226 1891 303 1955 bene,
318 1893 390 1961 quod
400 1892 485 1962 juste,
498 1896 571 1964 quod
585 1905 660 1952 reete
673 1897 773 1956 seceris
787 1901 856 1972 ipse.

480 1984 583 2040 oexv.

291 2073 330 2128 die
344 2076 480 2130 exorando
494 2076 583 2132 dium
598 2078 735 2136 eiemestie
746 2090 770 2136 ⁸.

133 2162 192 2219 b'ou
200 2173 246 2219 est
258 2167 358 2236 qrriprpe
369 2166 441 2222 Deus
452 2168 541 2238 praeis
555 2171 705 2240 euipandus
715 2173 743 2226 iu
759 2173 829 2239 istis,

168 2254 223 2310 Sed
235 2258 367 2312 nostruin
383 2258 479 2314 meiius
490 2261 545 2316 rita
559 2260 670 2318 serenda
682 2265 758 2320 eito:

130 2350 166 2404 Et
178 2352 222 2422 pia
235 2350 365 2407 deeteuda
375 2361 418 2408 est
428 2355 556 2423 precibus
570 2355 713 2412 elememia
724 2361 838 2427 nostris,

167 2445 307 2512 Quatenus
319 2462 336 2501 s
348 2448 584 2506 nobistraosierat
596 2451 654 2522 ipse
664 2453 778 2524 pri-ugus:

130 2538 220 2608 derue
231 2539 288 2593 suis
302 2539 420 2596 demens
429 2550 541 2611 praestet
554 2543 650 2599 edatis
666 2548 763 2611 serris,

166 2631 302 2702 Tempora
315 2635 465 2689 concedens
473 2650 605 2706 prospera
614 2645 713 2691 cuneta
729 2639 835 2707 peritius

128 2719 306 2793 Hymnidieas
320 2723 379 2778 beta
393 2724 486 2781 laudes
500 2736 531 2781 ut
543 2735 633 2782 ruente
641 2743 784 2795 oauurmus,

166 2812 330 2869 Celsitbroui
342 2816 432 2870 cuncti
445 2832 552 2887 seruper
563 2818 662 2887 uirique
678 2818 769 2874 siruui.

1305 355 1450 416 ccxix.

983 533 1034 590 iiie
1042 545 1144 606 patres,
1157 538 1257 595 iratres
1269 540 1295 607 ¹³,
1310 451 1492 602 [mimum
1510 545 1635 605 laudibus
1645 549 1758 618 intrent,

984 626 1058 694 Quos
1072 632 1175 700 pariter
1187 632 1318 693 Dominus
1331 645 1418 694 totum
1431 652 1576 698 oonserret
1588 644 1618 699 iu
1628 660 1738 702 arear:

983 706 1018 771 dt
1029 720 1133 788 pariter
1144 733 1239 793 paseat
1250 727 1336 782 nitido
1347 744 1409 784 eum
1421 748 1492 803 pane
1506 733 1611 800 salutis,

983 809 1018 865 dt
1029 812 1134 882 pariter
1146 817 1228 873 dorset
1239 821 1358 878 eoeiestis
1369 823 1472 882 terum
1490 827 1563 886 ute.

1279 936 1361 1007 227
1373 936 1476 993 CCXX.

1325 1028 1438 1085 ibidem.

980 1109 1035 1178 Qui
1050 1112 1083 1168 de
1096 1128 1158 1170 rore
1179 1115 1262 1190 dapes
1276 1118 1360 1188 dedit,
1374 1124 1449 1183 etde
1471 1137 1549 1199 petra
1572 1131 1737 1204 iubentem

982 1205 1033 1270 Qui
1049 1211 1183 1265 conuertit
1197 1227 1282 1282 aquas
1296 1213 1413 1286 liquidas
1426 1219 1453 1275 in
1469 1222 1530 1278 rina
1544 1224 1676 1296 Falerna;

982 1294 1033 1361 oui
1044 1297 1126 1355 siccis
1132 1300 1223 1375 pelagi
1236 1306 1352 1376 pedibus
1363 1313 1567 1381 superambulat
1579 1320 1666 1376 undas

980 1388 1086 1460 Augeat
1104 1391 1161 1461 ipse
1176 1396 1233 1450 suis
1248 1395 1356 1456 sareulis
1368 1417 1416 1458 sua
1429 1405 1498 1462 dona
1511 1408 1654 1483 benignus

1320 1509 1434 1568 ccxxt.

1257 1599 1298 1652 At
1319 1600 1456 1669 [eruerem
1470 1616 1494 1659 e,

942 1716 967 1776 ss
981 1681 1011 1738 st
1025 1698 1085 1738 urea
1096 1685 1165 1741 dorm
1178 1687 1230 1742 tibi
1245 1691 1349 1762 cupias,
1365 1695 1489 1753 nimbose
1502 1700 1607 1768 viator,

1018 1775 1056 1829 ita
1066 1777 1143 1847 prior
1154 1788 1291 1849 eree-tua,
1305 1785 1345 1840 sie
1360 1786 1410 1842 tibi
1419 1791 1523 1860 preode
1533 1806 1603 1847 moa.

979 1867 1029 1923 Est
1042 1871 1109 1925 mibi
1121 1881 1218 1929 uenter
1228 1876 1310 1943 edax,
1323 1878 1413 1936 calido
1427 1884 1472 1953 qui
1484 1887 1609 1955 pasoitur
1621 1888 1700 1962 igne,

1016 1960 1125 2020 Vertiee
1136 1964 1187 2020 sub
1201 1969 1306 2037 quadro
1319 1970 1438 2030 tumidus
1446 1978 1503 2032 exit
1517 1979 1596 2034 odor.

975 2049 1021 2107 tu
1031 2067 1074 2107 me
1092 2069 1154 2109 mea
1166 2055 1234 2128 [tu
1247 2059 1311 2133 vos]
1327 2062 1426 2133 hospes
1435 2066 1524 2137 gelido
1534 2068 1602 2139 iuuit
1613 2070 1703 2128 imbre
1721 2073 1773 2130 De·

1638 2162 1771 2236 [witelmi.

1013 2232 1035 2286 Α
1051 2250 1095 2291 me
1111 2237 1157 2308 qui
1171 2238 1293 2311 Augusto
1306 2240 1400 2300 dorida
1411 2245 1439 2302 in
1455 2253 1521 2304 a'rra
1531 2249 1611 2323 fugit.

1312 2352 1438 2413 ccxxu.

1207 2422 1249 2476 Ad
1257 2423 1395 2493 fornacem
1404 2431 1500 2485 iterator
1513 2432 1538 2488 i.

977 2504 1035 2572 Eu,
1050 2522 1101 2578 ego
1114 2509 1228 2579 puiebra
1240 2512 1315 2571 iores
1335 2532 1408 2585 sum,
1422 2522 1469 2577 sed
1484 2526 1571 2596 magis
1590 2528 1665 2585 utiiis
1679 2530 1770 2597 intus,

976 2596 1027 2653 Est
1037 2601 1141 2657 calidus
1154 2613 1259 2672 uenter,
1275 2605 1373 2664 teritur
1390 2611 1454 2666 dum
1474 2612 1576 2686 frigore
1593 2626 1698 2675 vertes.

976 2686 1078 2744 Aridus
1088 2691 1187 2762 hospes
1196 2705 1271 2751 aurat
1280 2698 1376 2769 gelide
1388 2717 1432 2757 ure
1442 2712 1565 2777 teurpore
1577 2709 1697 2779 irrumu,

1012 2780 1065 2849 Qui
1081 2785 1169 2840 eaiida
1183 2796 1279 2846 astate
1289 2794 1394 2862 speruit
1406 2797 1503 2854 adesse
1512 2800 1589 2855 mibi.

129 2903 204 2958 baras
218 2905 274 2972 eui,
286 2907 385 2971 cuitus,
399 2908 495 2975 bonor,
511 2909 609 2974 virtus,
622 2904 787 2975 benedicio,
801 2927 923 2975 carrara.
975 2877 1014 2936 ⁰⁵
1028 2893 1056 2932 ¹¹¹
1076 2889 1169 2936 ΨΜ
1187 2884 1254 2938 'mhi
1276 2893 1335 2953 ω’
1351 2891 1487 2960 q⁰²d¹²¹⁰
1508 2894 1535 2949 3¹¹
1548 2904 1660 2967 Suum
1672 2913 1769 2969 'mm'

165 2994 283 3067 Semper
295 2997 322 3052 iu
337 3008 469 3054 :eternum
483 2999 569 3070 gioria
584 3016 680 3071 magea
698 3002 770 3058 beo!

328 3129 725 3209 INSCRIPTIONES

349 3278 516 3324 teutonum
538 3280 701 3325 recondat.

471 3378 584 3437 CCXVI.

372 3471 405 3526 ier
417 3472 553 3542 refectorio
567 3475 691 3545 [rutrum.

131 3562 183 3619 iiie
196 3564 350 3634 patriamba
361 3565 422 3634 pius
431 3565 526 3619 sedeat
541 3581 716 3637 summusque
728 3570 868 3637 sacerdos,

131 3654 176 3712 Sit
188 3658 231 3712 cui
243 3657 316 3727 larga
335 3673 441 3721 manus,
453 3657 589 3727 piacidum
603 3675 662 3726 eor,
676 3663 757 3716 rerba
773 3676 868 3718 serena
882 3683 887 3717 :

132 3748 185 3804 Per
197 3749 274 3820 eujus
288 3751 412 3805 dextram
424 3751 566 3807 benedicat
582 3751 693 3807 dextera
705 3753 819 3819 Christi,

130 3838 272 3896 iratribus
285 3841 437 3911 appositum
451 3841 581 3912 quidquid
595 3841 716 3898 defertur
727 3842 870 3901 edendum.

471 3931 594 3988 ccxvii.

472 4021 583 4077 Ibidem.

129 4107 194 4165 ttae
209 4121 251 4166 est
263 4123 356 4167 saneta
374 4112 480 4180 domus,
496 4116 570 4184 pacis
585 4114 670 4181 lomes,
686 4117 747 4172 aula
758 4117 866 4186 salutis,

128 4200 219 4270 Quaru
234 4218 314 4273 super
328 4206 358 4259 οἵ
373 4217 597 4276 sempermaueat
610 4209 762 4265 benedictio
775 4209 887 4267 Christi.

128 4291 159 4348 in
176 4308 227 4362 qua
241 4294 397 4365 muitiplieet
411 4297 524 4351 fratrum
544 4300 666 4354 conuiuia
680 4301 764 4375 lorge,

126 4382 181 4450 Qui
196 4386 330 4454 qrrondam
345 4388 447 4459 popuii,
461 4390 565 4445 eoeiesti
578 4406 690 4448 munere
703 4395 786 4461 dives,

124 4471 246 4527 Panibus
261 4492 292 4528 ex
307 4478 423 4547 quirupre
436 4480 545 4534 satiavit
558 4482 641 4536 ruiiiia
659 4486 787 4555 quinque.
866 4496 872 4505 '

463 4571 597 4626 ccxiiii.

469 4662 580 4718 ibidem.

126 4747 172 4804 Sit
183 4765 328 4819 germanus
341 4768 425 4817 arnor,
443 4753 550 4819 iratres,
564 4772 611 4813 ves
623 4759 694 4814 iuter
704 4762 813 4834 ubique,

124 4837 171 4897 stt
185 4855 249 4910 pax,
264 4857 330 4911 pura
342 4843 407 4897 tides
420 4842 530 4910 Christi,
542 4848 685 4904 concordia
697 4851 791 4908 duleis.

124 4929 252 4987 cbristus
261 4933 288 4987 iu
298 4949 345 4988 ore
358 4947 443 4996 senet,
457 4937 611 5008 habitetque
624 4939 651 4992 in
661 4946 771 5011 pectore
784 4943 917 5009 cbristus,

124 5019 171 5076 stt
183 5022 260 5077 cibus
278 5034 306 5079 et
320 5034 398 5096 petus
411 5026 543 5094 CirtisteS,
560 5029 595 5082 sit
607 5029 661 5083 uita
676 5029 811 5102 salusque.
859 5044 864 5051 “

164 5175 249 5232 tiioe
262 5194 371 5252 auoque
393 5197 504 5237 earoren
520 5199 552 5237 er
573 5185 667 5240 codiee
686 5201 737 5239 ms.
764 5197 921 5255 perreutsm

935 4427 996 4523 υτ

1012 2969 1287 3048 perspicerem,
1301 2980 1366 3038 dun
1378 2984 1449 3041 calet
1461 2987 1507 3045 iiie
1518 2988 1590 3046 doro.

1107 3126 1300 3207 VERSUS
1337 3133 1405 3208 Ab
1441 3138 1640 3221 VdeOS.

1302 3264 1439 3323 ccxxrrt.

1191 3353 1233 3407 dd
1253 3352 1366 3409 Leonem
1382 3356 1432 3412 m
1445 3376 1554 3433 paparo.

975 3440 1092 3513 Semper
1102 3444 1130 3498 iu
1142 3453 1274 3501 aeteruum
1287 3446 1387 3514 taleas,
1400 3454 1571 3511 sanctissime
1581 3470 1668 3528 papa,

1013 3538 1053 3594 Tu
1067 3541 1132 3608 Leo,
1143 3550 1172 3596 tu
1184 3543 1272 3598 vietor
1282 3545 1374 3617 proies
1386 3554 1476 3603 aurata
1492 3526 1551 3626 bei.

977 3630 1075 3687 uector
1090 3634 1116 3688 in
1129 3637 1195 3690 orbe
1204 3635 1275 3706 pius,
1293 3636 1394 3694 Christi
1408 3640 1559 3699 clarissima
1579 3645 1665 3718 salpix
1679 3648 1716 3720 (1.
1730 3667 1767 3717 e..

1668 3739 1767 3817 flulti),

1012 3815 1046 3870 Et
1058 3825 1140 3886 eaput
1154 3818 1291 3885 Ecclesiae,
1314 3819 1370 3885 iux,
1385 3823 1468 3879 decus
1483 3834 1664 3901 atquepater.

974 3910 1090 3970 iustitie
1104 3912 1202 3976 enitor,
1220 3927 1291 3966 verre
1302 3919 1330 3968 et
1342 3913 1451 3983 pietatis
1464 3928 1587 3986 amator,

1011 4007 1179 4078 Pauperibus
1182 4048 1237 4063 .....
1252 4007 1459 4065 ciarusirouore
1477 4014 1533 4084 pio.
1622 4000 1624 4005 ⁵

975 4101 1061 4158 Notus
1078 4102 1104 4156 iu
1118 4103 1184 4159 orbe
1196 4103 1300 4173 procui,
1316 4107 1475 4164 meritorum
1491 4109 1728 4182 leudemundus,

1011 4191 1146 4248 Virtutem
1160 4193 1245 4249 titulis
1259 4210 1355 4252 nornen
1369 4199 1470 4255 amoris
1483 4200 1596 4258 babeas.

975 4281 1020 4338 Sis
1031 4282 1091 4353 pius
1102 4291 1131 4337 et
1146 4282 1229 4350 oritis,
1240 4283 1341 4340 Christi
1351 4302 1411 4358 pro,
1429 4298 1531 4358 paster,
1546 4305 1655 4357 amere,

1009 4373 1146 4448 Angeiieis
1155 4375 1252 4447 opibus
1263 4393 1330 4450 quos
1342 4375 1400 4452 μζ,
1412 4379 1507 4436 eribus
1519 4381 1597 4458 quas]
1611 4391 1656 4439 tua
1668 4384 1763 4441 dextra

997 4467 1094 4525 ebeus
1107 4477 1225 4524 :eterrms
1237 4470 1358 4543 longaevo
1372 4481 1494 4544 tempore
1509 4491 1603 4532 sanum
1671 4478 1760 4549 [regit.

1010 4563 1147 4634 Protegat,
1161 4564 1262 4620 exaltet
1277 4567 1456 4637 prosperitate
1468 4568 1555 4634 borra;

972 4653 1006 4708 Et
1019 4656 1066 4712 tibi
1082 4664 1240 4726 perpetuum
1253 4657 1385 4712 eoueedat
1397 4658 1424 4712 iu
1435 4674 1497 4714 aree
1511 4661 1651 4730 peiorum,

1006 4745 1074 4802 Cum
1088 4747 1189 4802 sanetis
1203 4762 1316 4816 reguum
1332 4764 1338 4800 :
1353 4747 1409 4818 iam
1424 4749 1482 4803 siue
1498 4750 1551 4806 due
1563 4751 1639 4808 veie!

1293 4860 1431 4919 CCXXW.

1052 4947 1102 5006 Pio
1118 4960 1175 5005 aeto
1190 4969 1238 5024 pro
1251 4956 1314 5008 urbe
1334 4954 1417 5011 Reum
1432 4967 1456 5011 et
1471 4957 1556 5014 Leone
1566 4978 1635 5032 pepe
1651 4973 1674 5016 θ.

970 5041 1061 5110 seire,
1081 5043 1167 5100 Roma
1181 5053 1291 5117 potens,
1309 5048 1401 5103 urendi
1419 5046 1519 5116 decus,
1538 5052 1638 5124 ineiyta
1655 5061 1758 5122 mater,

1005 5196 1019 5235 ‘¹
1046 5197 1102 5252 iioe
1129 5212 1238 5254 carmen
1262 5201 1289 5256 in
1320 5202 1385 5266 edit.
1408 5203 1572 5272 Quereetaei
1591 5207 1697 5263 initium
1717 5220 1761 5265 est

124 5244 328 5321 sdisburgeuet
340 5254 544 5322 descripsimus,
560 5254 605 5310 ubi
626 5271 688 5310 euru
709 5257 920 5326 prioridiruiuo
971 5282 1054 5321 carm,
1078 5269 1139 5332 199,
1153 5271 1299 5338 quodcum
1325 5275 1500 5342 sequentibus
1514 5277 1638 5332 uersibus
1657 5278 1759 5335 nuliam

124 5317 266 5375 tribuitur.

161 5389 177 5431 s
193 5387 254 5454 Me„
275 5383 327 5438 Hie
340 5393 439 5456 puriter
449 5393 555 5463 fratres.

969 5339 1164 5394 eourrexiooem
1180 5340 1277 5407 habet;
1296 5350 1377 5412 atque
1393 5344 1456 5400 biae
1468 5345 1530 5404 iude
1540 5347 1689 5406 &uetuerat
1709 5352 1760 5406 sub

971 5409 1022 5464 boe
1035 5408 1275 5534 tituiossgosuimus.
1288 5411 1355 5468 Vide
1366 5429 1447 5485 supra
1458 5430 1569 5472 carmen
1580 5417 1634 5475 208
1648 5430 1675 5475 et
1688 5421 1760 5476 inira

163 5469 176 5500 ε
193 5460 249 5515 iioe
263 5473 372 5515 carmen
387 5464 414 5516 iu
428 5465 495 5518 edit.
506 5466 667 5533 Quereetani
679 5465 759 5522 duem
777 5466 842 5525 iacit
855 5484 916 5525 car·
969 5494 1079 5536 ear-meu
1093 5481 1111 5535 i

123 5530 288 5594 minisibd,
312 5531 345 5585 ad
367 5536 437 5600 qued
461 5542 550 5591 tamen
566 5537 676 5592 minime
692 5539 818 5610 pertinet.
844 5539 916 5606 Quea-

1006 5561 1017 5589 s
1034 5548 1176 5609 lectiones
1191 5551 1348 5610 differentes
1359 5567 1391 5610 ex
1411 5555 1471 5617 eod.
1488 5571 1541 5615 rus.
1561 5557 1761 5636 Salisburgeusi

125 5610 238 5726 propter
260 5601 325 5655 iiiud
348 5601 400 5657 bec
415 5603 473 5658 ioeo
486 5609 536 5661 sub
548 5607 677 5678 singulari
689 5607 766 5664 titulo
779 5609 911 5670 dedimus.
965 5617 1162 5677 adnotavimus.

152 5672 195 5728 ide
206 5686 286 5743 supra
296 5686 406 5726 earoreu
419 5673 476 5728 tou.

329 5769 466 5830 Purser..
490 5767 541 5828 CI.

1504 5783 1544 5847 ab
