3780 6120
87 241 155 301 titt
373 245 448 303 ΟΡΡ.
469 245 582 305 bbbts.
603 277 638 288 ·-
655 247 700 304 DE
718 249 807 304 Ftbttt
827 247 991 304 coxisss.
1014 250 1208 307 ululabunt
1228 251 1441 324 utsztsmo.
1638 260 1715 317 tels

84 359 334 432 aliisqnererocari
346 359 508 430 potuissent,
524 359 636 429 jubente
656 376 720 431 rege
731 371 808 418 extra
822 378 867 417 ur·
882 364 905 421 b
918 364 1012 419 ebasin
1031 362 1131 420 diserte
1155 366 1301 435 impactum
1323 376 1366 423 est
1386 377 1449 423 ante
1467 368 1622 440 berengarii
1642 386 1709 429 cen·

83 457 145 512 bem
159 452 275 509 cremati
297 460 367 506 sunt.
384 450 432 506 Hie
455 452 544 508 nullus
567 468 654 507 canon
675 452 871 509 nullumrede·
923 473 1023 511 suram.

81 553 186 602 eretum
198 541 336 597 catamitum
352 540 459 610 legitur,
475 541 521 596 sed
537 550 639 596 tantum
651 557 728 610 poena
741 542 875 598 trarettcis
957 547 1024 602 Cum
1042 547 1188 605 Paschasio
1208 553 1343 607 consentit
1362 551 1522 607 llincmarus
1543 553 1709 612 Rhemorum

82 634 200 692 inflicta:
223 633 259 688 nb
281 648 341 689 earn
365 631 489 685 videlicet
513 647 622 686 causam
647 632 718 695 equod
739 634 874 687 communi
923 639 1139 710 archiepiscopus
1154 641 1181 694 in
1202 641 1299 710 prioris
1324 641 1444 711 opusculi
1467 641 1500 698 de
1528 642 1708 700 Praedestina-

82 729 213 786 Ecclesiae
226 727 365 784 catholice
385 724 540 796 praejudicio
553 724 722 794 proscriptus
738 732 809 779 esset
825 739 873 780 en-
923 729 995 783 tione
1011 744 1069 797 cap.
1091 730 1136 794 st,
1149 731 1194 785 nbi
1207 732 1324 800 loquitur
1337 732 1364 786 in
1380 732 1451 787 laurio
1465 733 1593 789 modum:
1616 752 1624 785 r
1640 732 1716 792 Sunt

83 837 143 876 rum
159 838 247 886 error,
267 819 313 889 qui
327 819 469 874 veritatem
489 817 611 885 corporis
624 825 651 870 et
665 818 803 888 sanguinis
825 818 879 877 bo,
923 828 950 876 et
962 818 1013 873 alia
1031 836 1089 889 quse
1100 837 1195 875 vocum
1208 823 1371 880 novitatibus
1383 822 1556 888 delectantes,
1574 824 1644 879 undo
1658 824 1712 880 sibi

84 913 153 973 mini
168 914 195 967 iu
207 910 378 966 Eucharistia
393 918 547 978 negassent,
561 917 642 978 atque
663 908 814 977 hujusmodi
829 910 876 965 bo-
923 910 1016 964 iuanes
1027 919 1183 978 comparent
1200 913 1377 977 rumusculos,
1392 922 1485 968 contra
1498 913 1559 968 ndei
1571 914 1712 969 catholicis

81 1006 172 1059 tniues
186 1003 212 1057 in
233 1001 421 1056 hereticorum
436 1000 549 1054 classem
573 1000 720 1053 amandati.
736 998 793 1065 era
813 1015 875 1068 per-
924 1001 1064 1054 ueritatem
1084 1001 1187 1066 dieunt,
1206 1003 1350 1058 virielicet:
1367 1003 1437 1073 quud
1453 1005 1522 1059 trina
1543 1005 1578 1058 sit
1597 1005 1709 1060 Deitas:

84 1095 211 1149 suasione
229 1092 357 1148 commoti
370 1092 490 1164 praedicti
512 1091 643 1154 heretici,
660 1105 780 1147 errorem
796 1106 875 1145 suurn
923 1093 993 1162 quod
1016 1102 1183 1148 sacramenta
1204 1095 1297 1149 aitaris
1318 1111 1371 1151 non
1390 1112 1482 1151 rernm
1502 1112 1602 1166 corpus
1623 1105 1716 1151 etue-.

85 1185 199 1255 publicis
227 1183 402 1238 concionibus
431 1183 600 1237 committere
632 1199 685 1237 tion
719 1182 872 1237 audebant:
923 1200 970 1238 rus
986 1185 1096 1253 sanguis
1111 1185 1145 1239 sit
1170 1185 1287 1250 Domini,
1308 1186 1355 1240 scd
1378 1195 1481 1241 tantnm
1505 1186 1635 1241 memoria
1653 1185 1712 1241 veri

85 1275 133 1332 sed
150 1275 263 1330 occultis
284 1273 415 1329 cuniculis
437 1272 597 1343 furtivisque
612 1273 752 1343 colloquiis
764 1275 791 1328 in
806 1274 875 1329 lidos
923 1275 1043 1343 eorporis
1059 1283 1087 1329 et
1104 1276 1242 1346 sanguinis
1259 1277 1327 1346 ejus.
1348 1296 1357 1327 r
1376 1277 1467 1346 ltaque
1487 1277 1611 1331 ccttsobat
1628 1276 1715 1330 ilinc-

85 1365 267 1435 probatosque
286 1365 462 1433 quorumdam
488 1365 592 1420 animos
613 1381 672 1418 euin
696 1365 871 1433 inspirabant.
924 1382 1014 1420 taturus
1026 1366 1178 1435 hujusmodi
1197 1368 1320 1422 homines
1335 1381 1455 1436 qtrrgnare
1472 1376 1563 1422 cotnra
1581 1365 1644 1434 fidei
1667 1381 1714 1419 cn·

86 1457 201 1511 Tarrtum
225 1455 296 1524 apud
310 1468 357 1510 eos
372 1454 534 1522 praevalebat
555 1455 655 1508 erroris
671 1454 711 1508 sni
724 1469 879 1524 praecones,
922 1457 1024 1510 tholiccu
1041 1457 1185 1521 ceritatem,
1205 1471 1237 1511 ac
1251 1457 1363 1526 proinde
1376 1457 1516 1510 irrereticos
1533 1470 1606 1510 csse.

85 1558 131 1619 pta
146 1547 294 1603 damnatio.

958 1547 1144 1602 Eumdemmet
1158 1562 1278 1603 errorem
1294 1546 1333 1616 (nt
1351 1548 1376 1601 id
1392 1547 1479 1602 obiter
1495 1543 1646 1613 observem)
1662 1558 1713 1598 no«

122 1640 212 1695 blitius
225 1655 287 1693 eum
302 1636 362 1693 aliis
382 1636 502 1707 ejusdem
521 1636 615 1693 farinas
640 1637 793 1693 hominihus
817 1639 874 1709 egit
925 1646 995 1692 tasse
1015 1637 1079 1692 mihi
1101 1637 1205 1690 videtur
1218 1637 1377 1691 Anastasius
1398 1635 1633 1696 bibliothecarius,
1651 1648 1715 1689 cum

85 1741 195 1796 sarrctus
209 1729 266 1786 0do
280 1728 483 1785 Cantuariensis
497 1729 638 1797 episcopus
649 1730 758 1784 circiter
772 1745 872 1784 aninum
889 1700 963 1783 ¹³ait
979 1729 1117 1782 himinum
1133 1743 1227 1797 papam
1242 1728 1358 1796 primum
1372 1727 1467 1782 iecisse
1483 1727 1510 1783 in
1525 1727 1637 1780 basilica
1654 1725 1715 1779 Sal·

85 1823 149 1886 eto,
164 1837 217 1892 quo
230 1828 349 1889 tempore
366 1838 374 1869 ι
397 1819 506 1888 quidam
525 1818 626 1882 elerici,
648 1818 767 1889 maligno
781 1834 873 1874 errore

85 1913 204 1979 seducti,
217 1925 373 1967 asseverare
385 1909 552 1990 conabantur
565 1924 660 1977 panem
675 1917 702 1964 et
712 1910 802 1963 uinum
814 1923 877 1983 quas

87 2003 115 2058 in
131 2001 211 2056 altari
234 2009 380 2070 ponuntur,
405 2008 466 2070 post
485 2000 715 2054 consecrationem
738 2001 765 2053 in
791 1999 875 2069 priori

85 2093 235 2148 substantia
259 2106 426 2161 permanere,
447 2098 473 2145 et
487 2090 599 2159 liguram
616 2092 799 2145 tantummodo
813 2105 875 2146 esse

86 2182 208 2260 corporis
237 2190 264 2236 et
289 2180 427 2250 sanguinis
454 2179 565 2246 Christi,
590 2196 642 2235 non
663 2191 756 2234 rerum
775 2178 874 2235 Christi

86 2287 186 2342 corpus
210 2279 237 2327 et
255 2270 422 2341 sanguinem.
447 2269 566 2337 Quorum
586 2286 717 2324 enormem
737 2269 875 2340 perfidiam

84 2362 182 2419 beatus
193 2359 250 2416 010
267 2361 407 2415 destruere
425 2361 546 2429 cupiens,
569 2361 632 2415 dum
650 2361 767 2431 quadam
783 2361 826 2416 die
847 2361 876 2417 in

85 2460 230 2523 corispectu
241 2453 322 2510 totius
332 2451 421 2520 populi
432 2452 613 2507 sacrosanctis
623 2452 767 2507 missarum
778 2440 877 2507 sulem·

86 2547 140 2602 uiis
152 2545 266 2602 deuotus
287 2545 449 2612 intenderet,
463 2547 600 2615 expressis
611 2547 738 2617 lacrymis
751 2546 799 2602 Dei
818 2563 877 2604 om·

85 2640 233 2712 nipotentis
252 2640 423 2696 clementiam
440 2643 466 2696 in
489 2657 538 2697 suo
561 2642 710 2698 ministerio
723 2641 877 2711 adtorepo,

85 2732 206 2796 stalarit,
220 2746 280 2802 quta
294 2731 328 2786 ad
352 2731 523 2800 depellendos
539 2733 676 2787 hominum
698 2748 799 2786 errores
814 2731 877 2786 sub-

85 2824 233 2886 stantivam
258 2822 409 2877 diuinorum
430 2823 621 2892 mysteriorum
645 2821 795 2876 declararet
814 2836 877 2891 pro-

84 2916 239 2986 prietatem.
258 2913 379 2984 Cumque
400 2915 433 2968 ad
456 2913 668 2969 confractionem
682 2912 781 2968 uiuidei
799 2912 878 2982 panis

925 1820 1035 1882 tatoris,
1049 1834 1109 1887 qnae
1124 1817 1253 1872 Cmanca
1269 1817 1351 1883 diem,
1375 1831 1470 1871 cruces
1488 1816 1522 1870 de
1538 1824 1650 1886 argento
1665 1830 1717 1884 pua

925 1913 1046 1974 rissinto,
1075 1926 1166 1980 equae
1185 1912 1304 1980 pendent
1329 1919 1391 1964 ante
1414 1909 1546 1979 liguram,
1571 1909 1627 1962 sire
1655 1906 1720 1976 (uti

924 2005 994 2071 apud
1011 2003 1154 2058 baronium
1170 2002 1204 2058 ad
1222 2016 1322 2056 atinum
1338 2000 1391 2055 858
1412 2000 1522 2070 legitur)
1545 2009 1608 2055 ants
1624 2012 1716 2053 sacra-

925 2104 1043 2150 mentum
1067 2097 1225 2151 substantiae
1243 2099 1333 2151 carnis
1356 2096 1476 2168 ciusdem
1500 2095 1605 2153 Domini
1629 2097 1716 2152 nostri

925 2192 987 2249 lesu
999 2193 1108 2248 Christi.
1127 2214 1136 2245 r
1156 2192 1237 2259 Quasi
1251 2193 1362 2258 diceret,
1382 2201 1445 2247 ante
1461 2192 1575 2263 dgrrram
1587 2193 1715 2248 substan·

926 2286 1016 2340 tlaiem
1037 2285 1125 2339 earnis
1147 2284 1252 2338 bomini
1271 2284 1356 2338 nostri
1382 2282 1446 2338 lesu
1468 2283 1578 2346 Christi,
1600 2286 1662 2338 euni
1681 2283 1720 2340 ad

926 2375 1034 2430 modurn
1047 2390 1101 2445 quo
1114 2374 1237 2430 Christus
1252 2376 1279 2429 in
1296 2375 1409 2444 epistola
1422 2376 1456 2430 ad
1470 2374 1552 2431 llebr.
1568 2375 1666 2430 dicitur
1683 2373 1717 2428 tt-

926 2483 992 2539 qura
1006 2468 1161 2522 substantiae
1173 2467 1262 2523 Petris
1279 2486 1285 2522 :
1306 2467 1340 2522 ad
1355 2483 1435 2538 quem
1455 2467 1546 2524 locum
1557 2468 1718 2524 Anastasius

927 2560 971 2613 bie
985 2558 1106 2612 allusisse
1120 2559 1236 2613 ridetur.
1257 2557 1286 2612 st
1301 2574 1365 2614 vero
1386 2556 1494 2613 bamnii
1514 2557 1656 2614 lectionem
1674 2558 1721 2614 se·'

927 2648 1096 2719 querentis,
1110 2663 1190 2718 quam
1207 2646 1400 2718 praeferendam
1412 2649 1548 2712 existimo,
1564 2647 1717 2704 inconsulta

926 2756 979 2794 non
1002 2740 1090 2793 minus
1111 2737 1249 2793 catholice
1262 2736 1324 2792 ddet
1342 2736 1424 2792 iavet.
1441 2736 1496 2791 Cur
1515 2736 1596 2802 enim,
1613 2738 1722 2806 quaeso,

927 2831 1029 2886 addidit
1052 2829 1205 2884 substantia
1228 2844 1332 2892 vocem,
1354 2827 1405 2882 nisi
1429 2836 1460 2882 ut
1487 2840 1547 2880 cam
1569 2832 1720 2896 opponeret

927 2921 1019 2990 tigrrraa
1034 2919 1172 2984 vocabulo,
1191 2934 1245 2988 quo
1264 2918 1384 2973 heretici
1402 2927 1466 2971 tunc
1482 2917 1611 2987 temporis
1624 2917 1718 2970 abute-

84 3021 196 3061 rentum
220 3004 328 3071 subiti,
350 3004 493 3060 c‘issfflsslim
517 3007 588 3060 5⁰¹⁰?
612 3021 708 3059 mallus
730 3005 875 3074 bisslislclsr
928 3013 1041 3066 bantur?
1056 3011 1187 3066 Nimirum
1200 3000 1721 3065 baecuerbasacramentnmsnbstantiid

86 3097 238 3170 fragmenta
260 3099 384 3170 corporis
402 3098 502 3153 Christi
517 3100 643 3163 tenentis,
663 3101 770 3169 sangnis
784 3109 875 3170 gutta·
902 3091 914 3115 ⁰
928 3103 1013 3157 cureris
1027 3100 1133 3167 Christi,
1146 3110 1319 3172 opponuntur
1329 3101 1406 3155 istis:
1421 3109 1613 3154 recrementum
1625 3100 1721 3169 fiqraroe

87 3189 137 3244 tim
151 3187 267 3242 debuere
290 3187 382 3257 eoepit.
400 3206 409 3239 r
427 3185 509 3255 Cujus
531 3187 569 3241 rei
584 3187 878 3257 considerationeque.
928 3192 1015 3246 cerinis
1033 3191 1132 3245 Christi
1141 3209 1150 3256 ,·
1170 3189 1389 3260 tantumdemque
1404 3198 1510 3253 sonant,
1525 3189 1592 3244 acsi
1606 3188 1719 3244 dixisset

86 3278 157 3359 celsi
181 3293 284 3343 omncs,
306 3279 388 3349 878
414 3280 532 3334 maxime
555 3295 620 3334 vero
642 3280 734 3335 clerici
757 3282 875 3346 sectarii,
927 3281 1094 3344 Anastasius,
1113 3291 1306 3334 sacramentam
1327 3279 1644 3332 continensmistontinm
1657 3293 1721 3331 cara

85 3381 208 3423 errorem
231 3381 309 3420 suurn
337 3366 525 3420 incunctanter
552 3367 684 3436 abjecero.
702 3369 759 3438 lpse
786 3378 880 3427 autem
929 3373 968 3430 ais
992 3370 1100 3435 Christi,
1128 3388 1180 3424 aaa
1205 3370 1329 3439 fiannm.
1353 3368 1427 3423 Alias
1446 3369 1536 3423 inanis
1554 3377 1582 3422 et
1601 3367 1720 3423 absurda·

86 3457 206 3529 pontifex
218 3473 279 3512 eum
297 3458 353 3512 suis
374 3458 401 3513 in
420 3475 516 3529 magna
528 3461 675 3529 gratiarum
691 3462 797 3516 actione
810 3461 879 3517 hert-
928 3472 999 3518 essct
1011 3463 1141 3531 ejusmodi
1159 3463 1347 3518 vocabulorum
1365 3461 1521 3532 geminatio.
1716 3456 1719 3463 ’

88 3551 153 3604 tinne
167 3550 232 3626 egit,
254 3558 422 3618 «prepterea
437 3550 509 3618 quand
521 3552 610 3605 omnis
631 3566 707 3605 error
728 3550 761 3606 de
784 3551 876 3606 borat-
964 3559 1002 3611 bn
1020 3559 1061 3612 his
1074 3557 1198 3611 orrrraibns
1211 3555 1312 3625 liquido
1332 3554 1474 3610 conicitur
1500 3563 1620 3622 tenrpnre
1638 3551 1718 3607 ltine

87 3642 147 3705 nico
159 3656 271 3710 corpeus
288 3640 314 3694 in
327 3648 435 3709 pectore
449 3656 558 3694 suorum
570 3640 685 3694 abolitus
698 3640 809 3704 luisset,
828 3656 880 3697 nce
929 3648 997 3702 niani
1011 3664 1043 3701 ηρ
1057 3647 1193 3702 paschasii
1203 3645 1341 3709 liodberti,
1351 3645 1376 3699 id
1388 3652 1429 3698 est
1440 3643 1520 3712 paulo
1532 3651 1717 3712 postmortem

86 3731 156 3786 nitra
173 3746 270 3798 panem
293 3730 319 3783 in
335 3731 412 3783 altari
425 3731 541 3798 positum
556 3745 648 3784 verum
662 3730 761 3784 Christi
778 3745 880 3799 corpus.
932 3738 1046 3800 Aletrini,
1063 3737 1204 3790 haereticos
1222 3735 1309 3788 dictos
1331 3733 1413 3788 luisse
1430 3749 1477 3787 eos
1498 3733 1543 3801 qui
1556 3732 1589 3785 de
1605 3725 1720 3786 ueritate

87 3817 318 3881 essedilhderent,
342 3818 388 3887 qui
404 3832 497 3871 rernm
515 3817 672 3886 sanquinem
689 3817 878 3875 indemanare
928 3829 1048 3896 eofpfflrs
1074 3826 1173 3880 cinisii
1204 3826 1230 3883 jn
1259 3825 1428 3878 Enetiarisna
1464 3822 1652 3876 dirbitassent:
1686 3834 1719 3874 ae

88 3908 303 3977 conspexissent.
322 3927 330 3960 t
347 3908 409 3962 ll'd'C
421 3908 501 3962 Verba
514 3916 575 3961 sunt
587 3907 810 3976 pell'elllsllsslllil
829 3923 877 3961 att-
928 3919 1040 3987 ppoinde
1052 3917 1187 3970 immerito
1201 3915 1329 3970 Joannqm
1346 3916 1473 3969 Dpllaeum
1485 3913 1599 3967 Meuius)
1615 3909 1721 3980 adjudi-

87 4000 183 4076 Cltllls,
197 3999 242 4068 qui
257 3999 376 4053 libellum
398 3999 430 4051 tle
454 3999 537 4069 ipsius
556 3997 655 4052 Orionis
677 3997 736 4050 Vita
758 3997 876 4052 trundum
928 4024 991 4066 eppe
1016 4008 1218 4065 Coqqqusionffln
1241 4008 1437 4064 Chiffletiqnqm
1462 4022 1494 4062 ea
1522 4008 1624 4064 ratione
1647 4007 1720 4077 quod

87 4093 189 4147 e'itam
203 4092 352 4161 composuit
366 4111 371 4143 ι
385 4106 464 4160 quem
483 4091 569 4144 locum
583 4088 742 4143 Wiihelmus
755 4088 880 4150 blalmcs-
928 4103 1050 4156 appears„
1060 4103 1153 4172 ,pram
1165 4102 1282 4171 decepto,
1294 4099 1445 4168 hujusmodi
1459 4099 1582 4154 homines
1593 4097 1719 4169 appellet,

89 4186 223 4246 bariensis
253 4186 401 4238 monachus
432 4181 590 4251 compendio
619 4181 719 4235 retulit.
749 4181 819 4250 Ergo
845 4196 878 4234 co
964 4191 1066 4259 [triptici
1083 4205 1292 4245 veroexcansa
1315 4205 1361 4244 eos
1379 4189 1413 4242 ab
1434 4187 1554 4258 anitquis
1575 4187 1719 4242 haereticos

89 4288 221 4346 tempore,
234 4278 312 4331 idest
329 4277 416 4331 medio
430 4291 491 4330 suc.
505 4292 531 4339 x,
546 4275 659 4328 encomiis
672 4274 782 4343 perfidia
794 4291 881 4327 error·
929 4283 1015 4335 dietus
1033 4281 1168 4344 existimo,
1189 4281 1316 4334 nimirum
1342 4280 1413 4351 qnod
1439 4295 1471 4334 eo
1492 4278 1601 4334 nomine
1626 4277 1722 4347 dignos

88 4387 137 4440 qne
149 4369 318 4433 censebatur,
338 4370 359 4423 si
382 4369 443 4437 quis
465 4369 498 4422 de
521 4365 641 4435 corporis
658 4365 757 4421 Christi
773 4366 876 4419 Domini
893 4372 1093 4465 Dnstirnarent
1105 4386 1151 4423 ens
1164 4372 1209 4440 qui
1225 4387 1239 4424 a
1253 4380 1360 4438 recepta
1372 4369 1568 4425 catholicorum
1578 4368 1629 4422 ilde
1645 4380 1721 4421 rece-

89 4459 116 4514 in
129 4461 298 4514 Errebaristia
312 4460 424 4514 ueritate
439 4459 597 4512 dubitasset.

125 4559 228 4615 Smculn
244 4560 402 4629 praecedenti
425 4559 519 4612 eadem
542 4557 591 4610 luit
608 4557 801 4611 catholicorum
818 4569 879 4610 sen-

88 4652 182 4712 tentia,
199 4651 244 4719 qui
268 4651 407 4704 hereticos
428 4648 597 4718 appellabant
625 4648 755 4716 ejusmodi
779 4647 880 4701 erroris

87 4749 246 4798 sectatores.
264 4741 352 4794 Testis
369 4740 500 4808 imprimis
513 4738 671 4791 Paschasius
687 4737 838 4791 Radbertus
852 4737 879 4790 in

88 4832 158 4886 libro
170 4830 203 4887 de
217 4830 392 4885 Sacramenta
412 4831 515 4893 altaris,
529 4844 587 4897 cap.
605 4829 659 4881 “liz
686 4846 695 4878 e
717 4827 771 4881 Nos
789 4837 879 4881 autem

89 4922 224 4978 catholice
252 4937 360 4976 seranum
386 4921 469 4989 ipsias
492 4920 596 4973 bomini
624 4919 801 4987 requirentes,
826 4933 878 4971 non

89 5015 271 5070 demetientem
298 5013 398 5068 uaerrias
423 5028 583 5080 sequamur,
606 5012 652 5064 scd
671 5008 729 5076 ejus
750 5010 796 5078 qni
817 5010 878 5062 ait:

88 5104 209 5172 Accipite
223 5112 251 5159 ct
265 5103 398 5158 comedite
413 5118 446 5155 ex
461 5117 493 5155 eo
506 5116 609 5154 omines.
625 5120 634 5151 r
653 5102 688 5154 At
700 5106 882 5152 novatorerat

88 5194 881 5263 Paschasiusllmouerotideicatholicaeasscrtor:tumquia

89 5291 142 5346 hoc
151 5293 258 5345 numine
266 5306 328 5345 enm
340 5303 447 5358 semper
456 5285 735 5342 honorauiteatholica
745 5284 864 5339 Ecclesia
874 5300 881 5348 ;

90 5388 148 5435 tum
159 5380 222 5449 quia
232 5379 378 5433 nonsolent
390 5384 586 5432 novatorescos
598 5375 644 5444 qui
658 5389 711 5428 ase
721 5372 883 5427 dissentiunt

89 5472 231 5527 hereticos
240 5471 385 5541 appellare,
396 5470 443 5524 sed
454 5470 549 5539 priseae
561 5468 622 5522 bdei
633 5475 814 5536 corruptores.
830 5465 883 5520 Ve-

90 5578 151 5616 rum
162 5562 206 5616 hic
222 5578 275 5616 non
286 5562 391 5630 aqimus
402 5561 435 5615 dc
449 5560 555 5629 reipsa,
572 5558 659 5616 scdde
672 5556 779 5610 nomine
792 5555 879 5609 hare-

91 5653 158 5716 tico,
174 5654 246 5723 qnod
257 5651 444 5710 eucharistica
459 5643 879 5709 recitatisinficiatoribnsal'as·

930 4466 1032 4526 iterent,
1045 4471 1072 4516 et
1083 4463 1154 4531 quod
1167 4463 1338 4530 aratiquorum
1350 4462 1460 4515 Petrum
1474 4459 1589 4514 decretis
1601 4456 1720 4512 damnati

930 4552 1114 4604 erchrentur.
1137 4550 1246 4605 Scilicet
1260 4552 1316 4605 haec
1336 4550 1385 4603 luit
1400 4557 1520 4603 veterum
1543 4545 1722 4617 qrrmumdani

930 4641 1125 4695 catimlicornm
1136 4641 1285 4709 persuasio,
1301 4640 1326 4692 in
1339 4638 1453 4692 concilio
1465 4637 1600 4706 Ephesius
1610 4634 1649 4705 (n)
1660 4649 1723 4689 satt-

930 4733 1011 4785 eitam
1039 4732 1121 4785 inisse
1137 4733 1170 4784 de
1199 4730 1367 4785 Errclraristiu
1390 4729 1469 4783 tidem
1493 4737 1623 4794 nostram,
1641 4735 1723 4796 atque

931 4825 995 4876 diris
1010 4824 1129 4876 addictos
1150 4822 1195 4890 qui
1218 4820 1384 4875 eontrarium
1402 4821 1497 4890 dogma
1524 4818 1721 4874 secutiessent.

932 4917 958 4968 in
975 4915 1025 4969 bae
1044 4914 1175 4968 sententia
1199 4912 1249 4966 init
1273 4912 1449 4976 lanfrancus,
1466 4920 1496 4966 ut
1518 4919 1592 4982 patet
1608 4926 1641 4964 ex
1657 4910 1721 4964 Dia-

932 5009 991 5074 lngo
1004 5007 1135 5059 :reinersns
1148 5003 1338 5073 berengarium
1358 5003 1441 5066 edito,
1457 5002 1500 5056 ubi
1512 5010 1588 5056 notat
1605 5000 1723 5055 hareses

932 5097 998 5150 dnm
1013 5095 1131 5164 :anitiquis
1145 5094 1310 5164 terrrporibus
1327 5100 1402 5146 ortas
1424 5089 1516 5155 luisse,
1538 5084 1664 5143 omnibus
1679 5094 1718 5140 ta·

933 5203 992 5243 men
1026 5197 1081 5241 tum
1108 5185 1359 5248 consentientibus,
1394 5202 1403 5232 r
1431 5183 1502 5252 quod
1525 5179 1602 5250 panis
1629 5187 1656 5232 ct
1683 5174 1727 5232 vl?

936 5294 998 5332 ratim
1015 5278 1041 5330 in
1057 5293 1147 5330 veram
1168 5276 1213 5329 dlii
1233 5275 1348 5329 bortrinis
1371 5286 1490 5336 carrium,
1504 5283 1650 5338 veruntque
1663 5267 1722 5339 eju!

935 5369 1090 5439 sanguinem
1118 5372 1356 5425 conver·terentm·;
1385 5383 1394 5414 r
1422 5361 1468 5415 sed
1497 5360 1557 5428 quis
1582 5368 1654 5413 essct
1679 5355 1724 5414 ille

935 5461 1005 5516 lilius
1024 5459 1149 5522 bominis,
1162 5458 1222 5512 aliis
1237 5457 1263 5510 in
1281 5455 1351 5510 alios
1370 5453 1561 5524 pugnantibus.
1581 5469 1589 5502 r
1608 5451 1725 5518 Quidam

933 5554 1014 5615 onim,
1040 5552 1134 5621 inquit,
1153 5548 1276 5604 arbitrati
1293 5555 1357 5602 sunt
1381 5547 1452 5601 herne
1467 5552 1591 5614 oportere
1611 5537 1726 5615 intelligi

933 5644 1076 5727 querulibet
1092 5642 1237 5697 lmrrrincm.
1262 5639 1320 5693 sire
1337 5635 1439 5706 iustum
1463 5637 1520 5694 sire
1539 5644 1722 5709 peccatorem.
