3780 6120
128 343 199 401 llllS
583 343 658 400 ttt‘l’.
680 342 793 400 uubis.
815 373 850 383 ·-
869 342 1076 400 bisbetnrto
1095 344 1298 401 ruuttunuu.
1688 347 1757 404 ttttd

125 461 307 525 clauduntnr;
331 473 409 513 aures
428 474 491 512 rere
511 466 539 510 et
554 472 634 513 nares
647 463 770 524 patentes
787 454 915 510 esistunt.
931 456 955 515 Α
1004 454 1086 508 luter.
1104 454 1179 510 Unde
1189 455 1313 510 dicuntur
1324 455 1412 525 capilli
1423 458 1434 510 t
1446 456 1523 527 llerp.
1535 457 1629 527 (lapilli
1641 469 1703 513 snnt
1713 473 1758 513 ro

161 551 244 606 Inter.
260 550 350 618 Quare
362 564 456 605 sensus
471 548 622 604 uocantur?
641 545 719 614 itero.
732 545 835 600 Sensus
855 552 918 599 strnt
967 545 1031 610 eati,
1047 545 1123 615 quasi
1135 545 1230 615 capitis
1243 546 1300 614 pili,
1317 544 1381 602 lacti
1394 555 1423 602 ut
1437 556 1464 602 et
1476 548 1600 603 decorent
1620 558 1757 618 praestent,

125 642 200 705 dicti,
215 641 278 710 quia
292 655 340 709 per
360 654 407 694 eos
421 639 509 692 anima
531 638 705 693 subtilissime
719 645 803 692 toturn
818 651 917 706 eorpus
968 644 995 689 et
1008 635 1148 690 cerebrum
1170 635 1300 690 adversus
1315 633 1400 706 frigus
1421 637 1554 694 muniant.
1576 646 1656 707 atque
1673 635 1760 693 asolo

124 731 209 802 agitat
222 730 314 801 vigore
326 728 471 793 sortiendi,
482 727 552 782 trude
564 737 593 782 et
603 727 742 798 presentie
759 739 917 795 nuncupan—
967 726 1121 782 delcndant.
1434 728 1439 736 '

125 835 181 890 tur,
194 824 267 896 qnod
288 824 344 879 sint
363 839 417 894 proe
438 821 555 876 sensibus
566 837 575 885 ,·
590 821 661 876 sient
681 833 737 890 prae
750 819 845 883 oculis,
858 830 919 887 qum
1005 820 1086 874 inter.
1111 821 1159 877 Pili
1178 837 1263 894 quare
1277 824 1429 879 vocantur?
1449 823 1527 897 ltcsp.
1544 826 1613 881 Dieti
1633 834 1696 881 sunt
1711 841 1761 881 au-

124 924 225 987 prresto
237 922 300 970 sunt
311 913 405 969 oculis.
969 923 1023 967 tem
1036 911 1082 983 pili
1095 913 1199 982 apelle,
1212 915 1245 970 de
1260 931 1311 986 qua
1325 917 1456 986 prodeunt
1469 935 1476 983 ;
1491 918 1560 973 sieut
1581 928 1608 972 et
1619 919 1702 991 pilum
1717 919 1760 975 di·

161 1005 245 1061 latet.
260 1005 329 1072 Quin
342 1012 384 1059 est
398 1002 495 1058 risus?
514 1000 591 1072 Resp.
606 1001 686 1056 Visus
704 1009 756 1064 cst,
771 999 816 1070 qui
828 1014 844 1053 a
857 997 917 1068 phi·
969 1003 1040 1057 citor
1053 1019 1068 1056 a
1083 1003 1146 1073 pila,
1161 1005 1205 1059 ubi
1219 1005 1384 1077 pigmentum
1400 1008 1581 1063 contunditur.

124 1095 245 1165 losopbls
257 1097 355 1150 lnrmor
368 1090 641 1162 vitreus'appellatur.
658 1089 741 1144 inter.
754 1089 835 1144 Visus
848 1086 919 1142 unde
1005 1090 1088 1146 inter.
1103 1091 1234 1148 Caesaries
1255 1095 1325 1149 unde
1344 1095 1513 1164 appellatur?
1531 1095 1607 1167 ilcan.
1631 1098 1761 1156 Caesaries

126 1185 178 1239 nrt
190 1183 266 1254 ilcan.
285 1184 378 1239 Visum
390 1190 481 1239 autem
502 1181 560 1238 lieri
575 1181 684 1251 quidam
702 1186 859 1235 asseverant
873 1185 920 1231 aut
970 1198 984 1236 a
1001 1182 1128 1238 eredendo
1147 1192 1188 1237 est
1201 1192 1304 1247 uocata,
1320 1184 1433 1254 ideoque
1455 1194 1560 1241 tantum
1573 1188 1693 1244 vimmm
1708 1200 1758 1245 est.

124 1287 248 1334 extrema
261 1275 372 1331 aetheria
386 1275 456 1340 luce,
471 1281 518 1330 ant
540 1274 646 1328 interno
660 1271 754 1342 spiritu
772 1270 860 1325 lucido
870 1283 920 1338 per
970 1273 1052 1328 lntcr.
1081 1274 1171 1341 Quare
1194 1276 1312 1330 virorum
1338 1282 1365 1330 et
1389 1291 1442 1331 non
1467 1277 1658 1332 seminarum?
1684 1280 1759 1351 llerp.

126 1378 221 1425 tenues
233 1367 291 1421 rias
305 1381 321 1420 a
336 1365 449 1422 cerebro
462 1365 601 1421 venientes
617 1371 697 1433 atque
716 1363 864 1432 penetratis
878 1369 919 1415 tu-
971 1367 1102 1435 Quoninm
1117 1368 1203 1422 virum
1222 1369 1298 1423 deret
1322 1374 1428 1423 tonsum
1453 1385 1522 1433 csse,
1547 1369 1687 1426 mulierem
1707 1388 1760 1426 non

125 1457 196 1515 uicis
209 1457 236 1512 in
257 1471 321 1511 aere
335 1464 474 1522 excomes,
492 1463 520 1510 et
541 1462 605 1510 tune
618 1452 808 1511 commistione
823 1451 920 1507 similis
970 1459 1055 1514 decor.

127 1549 247 1604 materiae
258 1548 346 1603 risum
359 1547 464 1601 dantes.
1005 1548 1087 1602 luter.
1104 1550 1172 1617 Quid
1188 1559 1250 1604 snut
1264 1552 1369 1605 contre?
1384 1550 1458 1621 iterp.
1473 1551 1562 1606 Coutae
1575 1561 1638 1606 sunt
1655 1554 1762 1624 proprie

163 1637 246 1694 later.
261 1637 337 1695 Unde
347 1637 448 1693 dicitur
460 1637 555 1693 uisus?
575 1636 653 1708 Rcap.
669 1637 750 1693 llisus
763 1644 806 1691 est
818 1636 918 1700 dictus,
970 1658 1022 1696 non
1043 1644 1103 1696 cresi
1122 1643 1220 1712 capilli,
1235 1653 1262 1697 et
1278 1650 1320 1698 est
1340 1659 1430 1698 sermo
1453 1644 1572 1700 Grecos.
1597 1644 1679 1699 luter.
1705 1646 1761 1713 Qun

127 1745 160 1787 eo
170 1730 241 1801 quod
262 1729 383 1785 utracior
396 1730 432 1785 sit
448 1730 553 1785 ceteris
567 1728 691 1785 sensibus
704 1743 736 1783 ae
747 1727 919 1798 praestantior
970 1733 1092 1787 ratione?
1113 1731 1188 1802 item.
1204 1734 1301 1788 Cornus
1315 1738 1387 1789 enirn
1402 1734 1487 1790 Greci
1501 1733 1606 1789 Cnimor
1619 1752 1632 1789 a
1645 1738 1762 1790 secando

126 1823 184 1879 sive
196 1820 323 1887 uelocior,
346 1819 514 1890 ampliusque
526 1819 623 1891 rigeat,
642 1828 774 1889 qnantum
788 1819 919 1874 nremoria
937 1803 1076 1894 Bqt'orte,
1098 1824 1185 1894 κόμας,
1202 1840 1216 1877 a
1235 1826 1332 1889 κόπτω,
1359 1824 1427 1898 aero]
1456 1827 1616 1889 nomiman
1645 1828 1716 1882 node
1737 1836 1764 1883 et

128 1914 200 1969 inter
214 1920 311 1968 cetera
326 1911 424 1968 mentis
446 1910 554 1979 otlieia;
576 1911 691 1966 vicinior
703 1918 746 1967 est
756 1911 829 1966 enim
843 1925 920 1966 cere·
970 1913 1052 1984 Curia
1066 1915 1180 1969 tundere
1196 1912 1413 1988 [corrumpo-1,
1431 1916 1550 1989 tundere]
1573 1917 1676 1972 dieunt.
1699 1919 1763 1973 lmle

128 2003 187 2067 bro,
203 2003 273 2058 unde
286 2003 377 2057 omniu
392 2010 522 2067 manant3
538 2016 572 2057 ex
584 2018 638 2072 quo
658 2001 697 2066 ut,
716 2011 745 2055 ut
758 2016 800 2066 ea,
813 2016 873 2072 quse
886 2001 921 2057 ad
971 2015 998 2061 et
1008 2007 1072 2060 crrri
1085 2015 1234 2073 roeantnr;
1251 2007 1414 2077 quodetiam
1428 2008 1509 2063 iidem
1521 2008 1608 2064 Graeci
1624 2009 1764 2065 multonem

127 2096 196 2151 alios
208 2097 344 2167 pertinent
364 2111 470 2159 sensus,
493 2094 584 2150 ridere
598 2094 736 2150 dicamus:
761 2094 843 2149 veluti
859 2111 921 2150 cnm
971 2097 1074 2171 [Forte
1090 2100 1220 2171 spuitur,
1242 2098 1304 2153 lona
1318 2097 1458 2171 proauiam]
1473 2109 1579 2155 uncant.
1602 2099 1685 2156 Inter.
1703 2099 1762 2156 Cri·

127 2189 260 2244 dicimus:
274 2188 341 2244 vite
354 2188 487 2259 quomodo
509 2194 601 2252 sonat,
614 2186 674 2241 tide
687 2187 820 2256 quomodo
839 2187 920 2257 sapit,
971 2206 1020 2245 nes
1033 2191 1102 2245 unde
1116 2192 1264 2245 vorantur?
1280 2191 1356 2261 nup.
1370 2191 1466 2247 Crines
1481 2201 1569 2247 autem
1583 2195 1690 2264 proprie
1706 2211 1763 2248 ιιιιι-

127 2277 169 2331 sic
182 2284 210 2331 et
223 2285 331 2332 cetera
972 2286 1067 2340 lienum
1089 2293 1162 2349 sunt,
1177 2293 1204 2338 et
1218 2285 1282 2338 dieti
1307 2286 1396 2340 crines
1418 2302 1451 2341 eo
1474 2286 1546 2356 quod
1567 2286 1642 2341 ritus
1662 2286 1765 2343 discer-

164 2364 248 2420 luter.
261 2364 374 2421 Attditus
387 2382 471 2436 quare
481 2366 631 2437 appellatur
641 2368 653 2407 ⁹
663 2366 740 2437 ΜΡ·
758 2365 871 2421 trinitus
881 2374 922 2421 ⁰⁵²
971 2385 1081 2440 nuntnr,
1096 2377 1167 2430 trude
1182 2384 1206 2429 et
1222 2375 1414 2430 discriminalia
1434 2377 1568 2442 dicuntur,
1585 2377 1711 2448 aquibus
1724 2378 1766 2434 di·

129 2455 278 2527 appellatns
291 2471 324 2512 eo
340 2457 413 2526 quod
424 2472 504 2513 rocos
516 2457 633 2524 hauriat,
648 2458 699 2512 boc
715 2465 766 2524 est,
787 2472 848 2513 aere
863 2471 922 2510 rer·
972 2468 1036 2522 vtsae
1050 2466 1207 2537 fatigantur,

131 2550 225 2605 beruto
242 2550 373 2619 suscipiat
385 2565 476 2606 sonos.
1008 2559 1091 2614 luter.
1115 2559 1183 2626 Quid
1204 2567 1267 2614 sunt
1292 2567 1414 2630 tympora
1436 2558 1491 2632 [lto
1510 2561 1587 2625 cort.;
1608 2561 1671 2633 leq„
1693 2570 1764 2616 terrr-

167 2639 249 2695 luter.
267 2640 357 2708 Quare
370 2642 468 2697 dicitur
477 2643 627 2699 odoratus?
639 2642 717 2714 Resp.
734 2643 836 2697 Dicitur
849 2643 922 2697 enim
972 2649 1072 2722 porat?
1086 2649 1162 2719 Rern.
1180 2649 1312 2720 Tympora
1325 2659 1387 2705 sunt
1402 2665 1462 2718 quus
1475 2650 1599 2705 calvarias
1610 2651 1705 2707 dextra
1719 2651 1765 2706 lco-
1782 2703 1787 2713 ,

130 2733 267 2798 odoratus,
280 2733 357 2803 quasi
366 2734 438 2791 aeris
448 2734 760 2807 odorisanaetnqlatn,
770 2733 921 2807 attractusl.
973 2756 1060 2811 suque
1072 2740 1223 2810 subjacent.

130 2823 213 2878 Tucto
227 2823 300 2878 enim
314 2836 378 2879 aere
391 2825 517 2890 sentitur,
533 2825 572 2881 sic
593 2833 620 2880 et
632 2823 757 2891 ollactus,
771 2825 842 2894 quod
859 2825 924 2880 otlo-
1008 2832 1091 2885 latter.
1107 2832 1197 2899 Quare
1218 2833 1255 2886 ita
1270 2833 1422 2887 rorantur?
1436 2832 1512 2905 llerp.
1528 2832 1590 2889 ldco
1604 2834 1643 2889 sic
1662 2849 1765 2889 nuncu-

128 2914 203 2969 flbtls
212 2912 353 2969 afficietur·
370 2913 452 2968 luler·
470 2913 570 2970 Gustus
584 2915 656 2971 unde
666 2912 835 2985 appellatur?
846 2915 921 2988 Resu-
972 2932 1082 2994 pantur,
1093 2924 1155 2993 qnia
1167 2932 1316 2988 morentur,
1328 2925 1439 2995 ipsaque
1454 2924 1602 2980 mobilitate
1610 2925 1687 2994 qnasi
1698 2931 1766 2980 tem·

127 3005 229 3063 Gustus
242 3007 315 3062 onim
330 3023 346 3061 a
359 3014 468 3079 gutture
479 3016 522 3064 est
535 3008 631 3064 dietus.
972 3031 1038 3086 pora
1053 3029 1068 3068 a
1084 3014 1245 3084 quibusdam
1259 3013 1405 3069 intervallis
1419 3021 1569 3068 mutantur.

164 3099 247 3154 later.
263 3099 364 3156 Tactus
377 3116 461 3171 quare
475 3102 608 3157 vocatur?
627 3101 706 3173 ilcap.
722 3102 821 3158 Tactus
835 3101 923 3158 dietus
1008 3104 1091 3161 luter.
1108 3106 1197 3173 Quare
1210 3106 1281 3161 dieta
1296 3114 1339 3161 est
1357 3105 1461 3161 faciest
1474 3103 1549 3176 lterp.
1567 3105 1662 3162 Facies
1676 3107 1711 3161 ab
1722 3106 1764 3162 cl-

128 3201 181 3260 est,
193 3207 226 3249 eo
237 3194 309 3265 qnod
322 3202 468 3264 pertractet
481 3203 509 3252 et
524 3205 624 3269 tangat,
636 3206 664 3254 et
676 3199 825 3269 peremnia
838 3213 922 3252 mem·
935 3152 960 3218 c
974 3195 1036 3268 tigie
1050 3203 1092 3251 est
1111 3196 1192 3261 dicta,
1214 3195 1259 3250 ubi
1275 3193 1377 3268 [Fort.,
1392 3194 1440 3267 ibi]
1454 3203 1495 3250 est
1514 3195 1586 3250 enim
1599 3204 1656 3250 tota
1670 3194 1763 3266 [lsid.,

128 3290 178 3344 bra
192 3289 311 3362 rigorem
326 3305 421 3346 sensns
436 3282 570 3364 aspergat.
596 3291 662 3348 Nam
681 3301 753 3348 tactu
776 3292 922 3364 probamus
973 3293 1029 3342 tota
1041 3284 1123 3359 ineu]
1137 3287 1222 3357 tigtrra
1236 3287 1364 3353 bominis,
1378 3294 1406 3342 et
1420 3284 1630 3358 uniuscujusque
1642 3302 1765 3358 personat

128 3379 258 3450 quidquid
274 3381 380 3437 caeteris
394 3381 517 3437 sensibus
526 3381 650 3451 judicare
663 3400 717 3439 non
732 3400 885 3456 possumus.
972 3378 1100 3450 cognitio.

164 3470 370 3529 intentionem
392 3481 481 3530 tactus
499 3482 565 3544 quot
586 3490 647 3532 esse
668 3475 817 3532 dicuntur?
841 3474 920 3546 neap,
1008 3467 1091 3522 luter.
1108 3467 1198 3535 Quare
1221 3468 1321 3522 dicitur
1341 3468 1452 3524 uultus?
1467 3467 1543 3539 lleap.
1564 3468 1659 3524 Voltus
1675 3468 1764 3524 dietus

128 3565 196 3619 uno.
209 3561 293 3618 luter.
309 3564 395 3632 Quat
412 3564 490 3636 neap.
507 3563 826 3622 tuteonnoxtrinsecus
838 3568 921 3634 venit,
973 3567 1025 3625 est,
1039 3574 1072 3615 ao
1082 3559 1154 3630 quod
1165 3573 1286 3630 peneum
1299 3558 1423 3614 volontas
1434 3558 1516 3613 animi
1531 3559 1691 3615 ostenditur.

128 3652 201 3725 quod
214 3651 295 3709 ierint
307 3669 316 3717 ·,
330 3660 376 3707 ant
390 3654 463 3708 intus
479 3653 504 3707 in
518 3654 576 3723 ipso
586 3668 700 3723 corporo
712 3655 810 3718 oritur,
823 3663 852 3710 ut
862 3670 924 3711 sen-
1009 3648 1092 3705 luter.
1107 3648 1302 3716 Quaestione?
1324 3647 1400 3719 ltcrp.
1424 3648 1577 3704 Secundum
1599 3649 1766 3704 voluntatem

130 3748 222 3804 tiatttr.
971 3742 1047 3796 enirn
1060 3740 1087 3795 iu
1103 3740 1192 3795 uarios
1204 3748 1293 3794 motus
1305 3746 1434 3803 mutatur,
1448 3739 1557 3794 undeet
1574 3738 1700 3794 differunt
1714 3739 1767 3796 siut

164 3837 251 3892 lrucr.
265 3836 353 3892 {labet
371 3835 555 3907 unnsquisque
576 3850 671 3892 sensus
683 3835 821 3906 propriam
844 3842 924 3889 natu·
974 3837 1107 3900 utraquc;
1122 3844 1183 3884 narn
1198 3827 1282 3884 lactes
1302 3827 1459 3898 simpliciter
1477 3828 1608 3897 accipitur
1622 3829 1654 3883 de
1673 3830 1767 3887 unius-

130 3944 200 3996 raru,
212 3945 246 3983 on
269 3929 343 3984 non?
365 3928 443 3999 licap.
464 3926 551 3983 [labet
562 3927 680 3999 quidem.
700 3926 783 3982 inter.
805 3926 864 3993 Qua
878 3942 923 3981 ra·
973 3919 1104 3992 citiusque
1122 3918 1238 3974 naturali
1253 3925 1382 3988 aspectu;
1398 3917 1488 3973 vultus
1511 3926 1601 3973 annm
1614 3918 1765 3975 animorum

130 4022 224 4077 tione?
239 4020 316 4092 Reap.
334 4020 409 4088 Quod
424 4021 497 4077 enim
508 4019 652 4076 uidendum
665 4026 718 4083 est,
740 4017 825 4075 oeulis
848 4020 923 4090 capi·
974 4010 1132 4081 qualillleffl
1147 4008 1288 4081 Significat·

130 4111 469 4184 2„r3q,1oqa„qqssnqun1‚
486 4111 715 4180 auribu53quam
730 4108 822 4164 molita
842 4107 924 4182 422
1010 4101 1093 4156 luter.
1109 4100 1196 4155 Frons
1218 4100 1290 4155 unde
1311 4115 1409 4155 nomen
1433 4099 1556 4169 accepit?
1578 4099 1655 4170 Rcrp.
1679 4100 1765 4155 Frons

130 4213 160 4262 ct
172 4206 249 4272 dura,
266 4212 338 4261 tactu
356 4205 543 4270 restituentem
565 4217 646 4274 sapor
658 4215 723 4257 rere
735 4208 835 4273 gustu,
857 4202 925 4257 odor
974 4194 1047 4249 enim
1068 4193 1103 4250 ab
1120 4191 1259 4250 oculorum
1273 4191 1451 4248 foraminibus
1466 4192 1605 4248 1¹⁰ffll⁰²l²
1625 4201 1685 4258 est;
1708 4194 1766 4249 haec

132 4305 223 4352 antem
237 4297 350 4353 naribus
363 4294 481 4351 ducitur.
975 4285 1064 4357 imago
1076 4284 1198 4355 quaedam
1213 4283 1307 4350 aniani,
1323 4285 1475 4354 mentisque
1493 4292 1595 4340 motum
1614 4285 1704 4354 specie
1717 4300 1765 4340 sua

167 4389 251 4445 inter.
266 4391 330 4460 Quae
347 4399 388 4447 est
402 4389 489 4461 prima
504 4403 568 4458 pars
587 4385 727 4443 hominist
739 4385 816 4458 Reup.
832 4384 924 4442 Prima
974 4376 1111 4448 exprimit,
1125 4375 1189 4431 dnm
1203 4375 1244 4432 rel
1257 4375 1317 4430 laeta
1331 4374 1372 4431 vel
1386 4375 1469 4432 tristis
1484 4384 1535 4432 est.

129 4499 195 4554 pars
207 4483 327 4554 corporis
342 4490 433 4552 caput.
448 4479 531 4534 luter.
548 4478 637 4547 Quare
650 4477 688 4533 ita
698 4478 831 4534 vocatur-t
844 4475 921 4547 neap,
937 4503 963 4567 υ
1011 4465 1073 4523 llaec
1085 4466 1143 4532 tibi,
1156 4465 1240 4523 irater
1250 4467 1298 4534 rui,
1309 4466 1342 4522 de
1353 4467 1456 4523 ratione
1467 4468 1591 4523 bumana
1603 4477 1705 4523 naturae
1714 4467 1766 4522 bac

131 4572 194 4628 ideo
206 4573 277 4627 enim
290 4573 381 4628 datum
396 4581 439 4626 est
453 4569 490 4624 illi
504 4571 556 4626 hoc
569 4583 678 4636 nomen,
692 4583 725 4626 eo
738 4567 810 4638 quod
820 4574 848 4623 et
862 4583 923 4624 sen-
943 4572 945 4576 ’
976 4564 1035 4619 rice
1048 4561 1181 4619 sufficiant
1195 4560 1351 4634 (Hucusque
1364 4576 1397 4616 ec
1407 4559 1498 4630 trid).

131 4679 179 4718 sus
191 4678 286 4718 omnes
300 4670 327 4719 et
339 4662 415 4718 nervi
429 4661 490 4715 inde
503 4659 609 4715 initium
623 4659 740 4731 capiant,
754 4667 835 4729 atque
846 4673 924 4716 exeo
1289 4669 1402 4727 CAPUT
1421 4670 1462 4725 qq,

131 4753 221 4810 omnis
234 4753 340 4826 vigendi
353 4768 435 4808 causa
449 4752 572 4818 oriatur,
584 4751 622 4806 ibi
634 4750 707 4806 euim
719 4763 814 4806 omnes
828 4764 924 4806 sensus
1276 4758 1309 4797 nc
1321 4757 1477 4797 srtatrraos.

132 4861 282 4924 appareut;
296 4852 367 4908 undo
388 4852 472 4922 ipsius
486 4850 591 4916 animm,
607 4863 666 4919 qnae
678 4846 794 4904 consulit
806 4846 923 4918 corpori,
1011 4837 1094 4894 luter.
1110 4837 1164 4892 lsta
1176 4835 1241 4891 ntibi
1256 4833 1400 4899 sufficiunt,
1414 4833 1461 4889 sed
1482 4834 1505 4889 si
1527 4833 1624 4904 placet,
1648 4845 1768 4888 reverta-

132 4942 569 5014 quodammedogcritpersonam.
976 4946 1037 4987 mur
1056 4930 1091 4985 ad
1112 4927 1244 4983 rationem
1269 4925 1389 4995 spiritus,
1413 4925 1520 4996 dequo
1542 4922 1622 4996 paule
1643 4925 1767 4994 superins

168 5031 251 5089 luter.
269 5031 338 5102 Quid
352 5039 394 5088 est
407 5031 495 5087 vertis
508 5029 564 5103 [lta
578 5026 649 5102 cod]
660 5026 672 5082 l
685 5025 761 5100 lleap.
778 5027 871 5084 Vortix
883 5034 926 5084 est
972 5023 1031 5092 jam
1042 5019 1143 5091 aliquid
1163 5016 1308 5089 protulisti,
1328 5023 1356 5071 et
1376 5018 1578 5089 investigemus,
1594 5017 1621 5071 in
1638 5025 1766 5105 quantum

133 5139 166 5181 ea
177 5139 253 5194 pars,
266 5139 320 5196 qua
333 5122 422 5194 capilli
434 5120 530 5192 eapitis
544 5119 718 5191 colliguntur,
730 5127 758 5174 et
770 5117 798 5173 in
811 5133 864 5189 qua
873 5133 924 5174 eas
976 5113 1031 5169 lleo
1053 5109 1224 5181 permittente
1246 5107 1393 5174 valeamus,
1415 5117 1480 5177 quot
1502 5105 1577 5179 ilde,
1591 5106 1663 5177 qnod
1688 5106 1769 5176 spin'-

134 5216 220 5273 saries
232 5214 351 5278 uertitur,
366 5213 476 5267 undeet
491 5217 672 5281 nuncupatur.
976 5213 1019 5260 tus
1031 5203 1102 5260 idem
1124 5207 1231 5256 creator
1246 5199 1367 5255 omnium
1388 5198 1526 5254 creasset?
1543 5197 1620 5270 Rurp.
1647 5195 1769 5252 bitlleills

171 5305 253 5361 luter.
270 5303 340 5372 Quid
351 5310 393 5359 est
406 5300 546 5358 calvaria?
566 5298 642 5370 neap.
664 5295 925 5353 Calrar·iaestdieta
976 5310 1020 5350 res
1031 5300 1074 5349 est
1095 5292 1129 5347 ad
1151 5288 1376 5361 inuestigandum,
1398 5289 1444 5344 sed
1463 5295 1551 5344 umen
1574 5288 1715 5353 iaciamus,
1737 5296 1767 5341 ut

135 5400 170 5456 ab
181 5398 288 5455 ossibus
299 5396 382 5454 cultis
395 5410 443 5466 per
454 5392 641 5450 delectionem.
655 5396 684 5447 et
695 5389 853 5446 neutraliter
861 5404 926 5462 pru·
976 5385 1054 5440 dieis.

135 5493 283 5548 nuntiatur.
1011 5474 1094 5530 inter.
1119 5475 1168 5530 llic
1183 5488 1247 5546 crgo
1267 5471 1345 5537 milri,
1367 5480 1433 5541 quot
1456 5469 1567 5542 spiritns
1590 5470 1685 5527 vitales
1707 5485 1767 5526 esse

171 5583 252 5638 luter.
271 5581 340 5650 Quid
354 5588 395 5636 est
409 5577 582 5648 occipitium?
602 5575 677 5646 llecp.
704 5573 863 5646 occipitium
885 5582 927 5629 est
977 5567 1142 5625 credantur?
1157 5565 1232 5639 liecp.
1248 5563 1402 5621 secundm
1421 5565 1493 5635 quod
1507 5561 1568 5636 legi,
1587 5572 1644 5620 tres
1657 5563 1768 5636 spiritus

136 5674 233 5744 capitis
252 5688 315 5744 pars
338 5670 481 5742 posterior,
505 5668 582 5739 qnasi
607 5674 702 5723 contra
725 5665 862 5736 capnion,
885 5663 926 5717 rel
977 5662 1073 5718 uitales
1087 5662 1188 5717 creavit
1204 5660 1376 5730 omnipotens
1390 5659 1470 5716 Deus.
1486 5657 1568 5714 lntcr.
1584 5659 1634 5728 Qui
1648 5668 1711 5717 sunt
1723 5660 1770 5714 bit

137 5764 209 5834 qnod
223 5764 258 5819 sit
276 5763 370 5832 rapitis
383 5769 540 5816 retrorsum.
978 5752 1054 5826 neap.
1081 5751 1156 5811 Unus
1177 5758 1228 5819 est,
1252 5751 1299 5824 qni
1317 5765 1400 5809 earne
1421 5765 1478 5807 non
1495 5750 1626 5814 teum-rs
1638 5749 1716 5800 muns
1729 5741 1792 5805 mab
