3780 6120
67 221 123 275 urb

106 336 157 391 llic
169 346 220 400 1110
232 330 297 386 dum
306 325 378 383 volui
390 331 465 379 certo
480 329 508 376 te
521 321 584 386 line,
597 319 705 383 Thalia,

69 427 213 488 claudere,
224 436 268 476 res
282 418 382 474 nostris
394 414 514 470 occurrit
528 421 602 483 qesta
616 408 719 466 diebus.

460 204 625 265 Clllllllllb.
643 234 679 245 -
697 202 743 258 DE
762 194 894 256 bonnus.
915 194 959 250 ΕΤ
977 191 1027 249 SS.
1048 188 1145 247 ECCl..
1166 185 1313 246 nubunt.

875 317 896 372 11
910 307 1007 363 Erexit
1016 305 1131 361 volitans
1143 315 1234 359 secum
1253 315 1334 370 super
1347 304 1420 355 astra
1434 295 1567 367 polomm.

1644 171 1698 234 stt

948 397 1010 451 11111
1023 411 1073 464 ego
1085 403 1165 449 nauto
1177 394 1252 448 rudis
1266 392 1365 446 teneris
1377 398 1504 457 congesta
1517 384 1628 450 carinis,

71 518 154 571 Fessa
172 514 235 567 licet
253 522 354 579 paucos
373 511 542 575 quapropter
563 502 651 556 adhuc
675 513 743 554 canc
766 511 862 551 versus
912 483 1357 557 1111111111111111111111111
1376 496 1448 535 cem
1462 479 1628 549 gubernans,

69 608 160 676 Atque
173 605 226 658 mei
237 601 313 673 pueri
332 612 441 654 causam
456 595 583 665 succinge
599 606 756 663 parumper,

69 699 122 753 Cui
136 709 242 767 quoque
255 697 417 762 presentem
429 695 524 742 testem
540 700 583 740 me
595 685 709 753 contigit
719 697 789 739 esse.

111 789 181 856 Ergo
194 784 244 838 luit
255 781 365 853 quidam
375 778 481 850 juvenis
493 776 611 831 nutritus
627 774 654 829 in
672 774 739 828 urbe

71 878 219 942 Euburica,
234 873 348 944 simplex
359 872 459 935 animo,
479 868 527 925 sed
541 866 660 921 feruidus
674 875 737 920 actu
752 906 759 918 .

72 972 179 1039 Quique
193 982 260 1022 mese
273 965 344 1019 rexit
358 962 470 1034 puerilis
482 968 602 1027 tempora
615 957 677 1010 vitm

72 1061 203 1122 Consilio,
218 1055 291 1111 solus
303 1053 419 1122 quadam
433 1050 478 1119 qui
494 1057 572 1103 nocte
587 1046 671 1100 suetis

72 1149 177 1205 lnsistit
191 1145 316 1217 precibus
335 1139 435 1196 Christi
449 1136 594 1194 Cenitricis
610 1135 637 1189 in
653 1133 723 1189 aula.

74 1241 152 1296 'lunc
167 1237 214 1291 lux
226 1235 296 1288 ulrnu
310 1232 420 1286 domum
433 1227 522 1283 subito
537 1225 687 1295 repleverat
702 1222 793 1286 illam,

74 1330 110 1385 Et
123 1342 186 1383 curu
198 1326 258 1380 luce
271 1321 352 1376 simul
366 1318 440 1372 uenit
454 1317 496 1370 vir
509 1314 630 1370 vestibus
641 1311 726 1375 albis,

75 1418 205 1489 Fulgidus
218 1420 341 1482 aspectu,
356 1415 429 1463 statu
441 1404 563 1461 sublimis
576 1404 706 1466 honesto,

74 1510 110 1564 m
124 1506 229 1563 blandis
240 1505 365 1574 juvenem
380 1499 463 1553 nimio
482 1504 585 1551 terrore
600 1494 741 1549 cadentem

73 1598 170 1653 Elerat
185 1592 321 1662 alloquiis,
335 1589 489 1655 librumque
503 1573 621 1639 ostendit
640 1590 773 1651 apertum.

76 1686 196 1756 Perlegit
209 1684 281 1738 bunc
290 1679 409 1748 juvenis,
422 1676 490 1731 dixit
502 1675 546 1729 cui
565 1672 658 1728 codiee
669 1672 763 1726 clauso

75 1774 214 1832 Candidus
228 1773 272 1826 ille
288 1790 294 1825 τ
312 1769 407 1824 Sciens
421 1767 519 1820 iterum
533 1763 633 1834 majora
646 1762 759 1818 ridebis.

78 1867 129 1922 llis
140 1865 230 1930 dictis,
239 1862 327 1918 subito
341 1858 443 1914 nitidus
455 1856 588 1927 disparuit
600 1856 707 1924 bospes.

77 1957 164 2029 250
178 1955 246 2010 ilinc
257 1966 363 2022 quoque
375 1958 437 2021 post
450 1947 554 2017 aliquos
565 1961 620 2002 uon
644 1945 724 2016 longo
746 1954 868 2016 tempore

913 579 1052 633 Euburicae
1063 577 1097 629 ud
1110 584 1217 646 portum
1230 572 1392 628 commercia
1406 570 1467 640 jure
1483 567 1594 632 reduxi;

914 667 949 723 Ut
962 677 1025 736 pote
1039 681 1098 736 quae
1111 665 1250 735 proprium
1265 664 1371 718 sibime
1386 662 1499 715 nutriuit
1515 659 1663 722 alumnum,

913 759 1011 813 imbuit
1024 765 1051 812 et
1063 757 1158 826 primis
1172 766 1310 824 utcunque
1324 760 1448 808 verenter
1461 752 1495 807 ab
1509 751 1597 804 annis.

914 846 977 901 llaec
990 846 1092 901 idcirco
1106 846 1149 900 cui
1164 845 1282 915 propriis
1294 845 1327 899 de
1343 843 1482 908 Patribus,
1496 850 1578 912 utque

809 1000 814 1013 .
915 936 1032 1006 Regibus
1047 944 1074 990 ct
1087 934 1195 990 Sanctis
1208 933 1307 989 ruralia
1319 933 1436 986 cuimine
1452 932 1559 1002 scripsi.

914 1023 969 1079 llos
981 1024 1083 1095 pariter
1094 1033 1215 1088 sanctos,
1229 1023 1306 1092 tetigi
1319 1037 1387 1090 quos
1400 1021 1523 1076 uersibus
1538 1018 1609 1083 istis,

914 1113 1062 1183 Deprecor,
1073 1120 1103 1166 ut
1116 1119 1238 1190 nostrum
1249 1111 1341 1166 mundi
1353 1110 1387 1166 de
1402 1111 1507 1181 gurgite
1525 1108 1650 1178 cymbam

914 1204 956 1260 dd
968 1212 1076 1275 portum
1086 1204 1151 1258 uite
1165 1202 1270 1258 meritis
1282 1204 1461 1272 precibusque
1472 1202 1631 1271 gubernent.

1219 1354 1391 1413 CCLXXXII.

1176 1481 1189 1509 1
1205 1467 1246 1522 Ad
1259 1468 1283 1522 F
1286 1470 1444 1524 riducinuot.

915 1581 1045 1640 Chartula
1053 1595 1217 1652 percurrens
1229 1582 1402 1638 1111111111
1419 1583 1460 1636 ler
1470 1596 1529 1636 meu
1545 1581 1618 1637 salve

880 1654 905 1714 Β
951 1675 1113 1744 Perpetuum
1127 1689 1203 1739 nato,
1216 1675 1291 1747 pacis
1304 1674 1330 1729 in
1346 1689 1393 1729 ore
1405 1683 1461 1727 tuo.

917 1767 1009 1824 Dulcis
1021 1786 1096 1826 amor
1108 1771 1208 1836 Patris,
1222 1771 1313 1826 valeas
1329 1770 1372 1824 dic
1384 1783 1490 1837 semper
1504 1765 1604 1835 ubique

952 1858 1019 1915 Cum
1031 1861 1132 1930 pietate
1150 1875 1228 1917 sacra
1242 1868 1271 1915 ct
1283 1859 1464 1931 prosperitate
1476 1858 1556 1913 bona.

917 1948 971 2005 Per
982 1949 1041 2006 loca
1053 1960 1148 2007 sancta
1167 1953 1386 2018 tuisanctorum,
1403 1961 1476 2015 note,
1491 1949 1579 2005 fidelis

742 2035 869 2108 [menses
954 2041 998 2097 Sis
1012 2058 1116 2099 memor
1129 2045 1332 2113 Albiuisempcr
1347 2045 1374 2098 iu
1388 2059 1435 2099 ore
1448 2044 1532 2114 pacis.

77 2134 350 2206 Percutiturjurenis
364 2130 484 2188 currenti
499 2136 574 2200 peste
586 2142 637 2198 per
650 2134 736 2193 artus,

80 2232 264 2303 AEgrotusque
278 2227 323 2281 diu
340 2224 421 2279 dubia
433 2223 483 2277 sub
496 2229 583 2275 morte
593 2219 710 2290 jacebat,

80 2323 209 2391 Augustis
223 2320 363 2374 retrabens
378 2317 527 2386 perituram
541 2313 652 2367 naribus
664 2325 773 2376 auram;

81 2413 164 2482 loque
173 2410 243 2465 meis
254 2407 387 2463 recubans
398 2405 533 2470 manibus,
549 2411 613 2457 tuuc
626 2400 738 2471 spiritus
749 2398 809 2468 ejus

82 2505 132 2559 Est
146 2509 237 2571 raptus
251 2500 353 2564 subito,
364 2510 515 2567 corpusque
528 2495 658 2550 remansit
671 2494 760 2547 inane.

82 2595 149 2651 Post
162 2594 277 2663 spatium
291 2588 409 2655 rediens,
424 2588 522 2643 iterum
535 2585 583 2643 sed
595 2584 716 2640 membra
730 2583 871 2649 movebat,

83 2686 118 2744 111
136 2685 203 2741 mibi
217 2682 358 2746 narrabat,
371 2680 483 2751 quidam
493 2677 564 2748 quod
579 2677 691 2731 duxerat
702 2674 778 2729 illum

82 2776 123 2832 Ad
137 2776 195 2831 loca
207 2772 318 2844 pulcbra
328 2769 418 2833 nimis,
430 2765 529 2821 multos
547 2765 593 2820 ubi
610 2763 677 2818 uidit
687 2772 817 2828 orantes,

82 2867 191 2938 ignotos
210 2870 343 2931 notosque
357 2857 448 2925 simul,
462 2857 509 2912 sed
528 2856 645 2910 maxime
656 2864 756 2910 sancte

83 2961 159 3018 lllius
174 2955 303 3019 Ecclesia
312 2953 387 3008 letos
398 2949 507 3020 agnovit
518 2949 650 3004 alumnos.

84 3052 137 3119 Qui
156 3064 218 3103 mor
230 3045 379 3113 suscipiunt
398 3040 509 3112 placidis
522 3038 689 3108 amplexibus
699 3038 783 3104 illum,

86 3142 120 3198 lit
135 3154 225 3196 secum
245 3136 351 3206 penitus
363 3146 471 3202 semper
483 3130 601 3185 retinere
613 3128 748 3194 uolebant,

85 3232 142 3288 Sed
151 3232 206 3286 cito
215 3229 310 3284 ductor
325 3240 387 3280 eum
397 3236 529 3278 converso
540 3219 607 3276 calle
618 3219 725 3275 reduxit

85 3322 126 3378 Ad
140 3320 277 3392 proprium
289 3331 398 3385 corpus,
411 3314 513 3379 dicens,
525 3312 597 3382 quod
613 3311 678 3366 solis
693 3313 728 3367 ad
741 3319 829 3367 ortum

86 3416 147 3474 1111
161 3413 258 3468 melius
272 3408 413 3464 habiturus
426 3407 495 3471 eris;
519 3405 553 3460 de
565 3402 694 3458 iratribus
708 3404 776 3458 alter

88 3506 143 3562 Sed
160 3504 238 3560 bodie
251 3501 398 3557 moritnms
410 3499 472 3562 erit,
489 3497 620 3567 cujusque
637 3504 759 3566 paratam

88 3597 184 3653 Vidisti
193 3595 293 3649 sedem.
307 3589 436 3645 iuuenem
452 3602 502 3642 nec
515 3594 606 3642 sermo
621 3584 724 3640 ieiellit.

87 3690 157 3746 111111
170 3689 224 3742 cito
235 3683 382 3746 convaluit,
395 3680 458 3735 dum
474 3679 515 3734 sol
529 3677 655 3733 rutilabat
668 3677 701 3731 ad
716 3685 822 3740 ortum3

88 3782 161 3837 Ante
173 3779 243 3833 diem
258 3773 377 3830 medium
393 3770 481 3825 luerat
494 3768 541 3822 sed
555 3774 678 3821 mortuus
694 3765 773 3819 ulter.

88 3868 137 3924 1111
149 3875 238 3922 tamen
249 3862 356 3933 juvenis
368 3874 480 3931 parturn
495 3866 556 3926 post
568 3865 683 3926 tempus,
695 3856 789 3910 eodem

88 3961 169 4017 Anno
179 3956 328 4028 percutitur
339 3948 491 4022 populantis
505 3955 580 4018 peste
593 3945 703 4010 doloris,

89 4050 178 4119 Atque
189 4045 254 4102 mibi
267 4043 359 4099 statim
372 4040 467 4094 morbo
480 4037 606 4107 predixit
617 4035 645 4090 in
657 4034 704 4089 ilio
718 4049 725 4096 ;

89 4142 148 4201 liae
160 4141 204 4196 lue
211 4131 269 4210 jam'
281 4136 393 4199 moriar,
408 4133 462 4188 cito
476 4131 567 4186 curnis
580 4129 701 4184 claustra
714 4125 877 4195 relinquam.

91 4235 149 4290 Nec
160 4247 237 4288 secus
254 4228 352 4291 euenit,
367 4225 494 4295 quonium
506 4223 548 4278 vis
562 4234 659 4291 magna
672 4217 773 4273 doloris

919 2133 985 2191 Esto
996 2135 1066 2204 pius,
1082 2137 1166 2202 mitis,
1181 2145 1260 2193 cauto
1275 2136 1458 2191 moderamine
1470 2149 1594 2207 pergens,

955 2225 1074 2283 Consilio
1084 2228 1212 2297 pmdeus‚
1223 2239 1251 2284 et
1261 2230 1360 2299 pietate
1374 2238 1481 2298 potens.

920 2315 949 2370 ln
965 2332 1089 2372 sermone
1103 2319 1212 2388 quidem
1227 2335 1321 2385 verax,
1336 2327 1364 2374 et
1376 2319 1457 2375 corde
1470 2318 1566 2385 fidelis,

955 2406 1117 2464 Collaudans
1130 2408 1267 2466 Christum
1277 2411 1334 2466 oris
1344 2410 1372 2464 iu
1382 2408 1479 2465 officio.

922 2496 1038 2555 Sedulus
1051 2499 1079 2553 in
1095 2501 1233 2568 precibus,
1248 2508 1405 2556 sanctorum
1419 2501 1538 2556 maxime
1549 2498 1660 2572 templis

957 2589 997 2644 Ne
1014 2599 1041 2646 te
1054 2598 1198 2662 pretereat
1210 2591 1290 2647 ullius
1304 2591 1445 2647 auxilium.

923 2676 1021 2735 Sobria
1035 2695 1097 2734 cum
1111 2680 1192 2736 sociis
1202 2678 1303 2735 iaciens
1314 2680 1437 2735 convivia
1445 2678 1536 2748 iustis,

958 2768 1127 2839 Pauperibus
1142 2770 1233 2840 largus
1248 2784 1297 2825 ceu
1317 2770 1478 2840 miserisque
1491 2777 1577 2840 pater.

924 2859 1072 2918 Prohibees
1085 2863 1192 2932 propria
1207 2862 1347 2918 sceleratis
1359 2871 1450 2919 castra
1472 2864 1586 2933 rapinis,

960 2955 999 3010 Ne
1012 2957 1139 3025 cuiquam
1149 2955 1261 3011 tulerint
1274 2956 1300 3010 vi
1315 2971 1363 3011 sua
1377 2955 1448 3010 lorte
1462 2955 1511 3010 tui.

926 3043 1042 3101 Ssuctus
1051 3046 1089 3099 ait
1104 3063 1111 3098 τ
1127 3044 1233 3100 lustum
1247 3060 1301 3099 non
1313 3046 1369 3101 vidi
1381 3060 1477 3115 nempe
1490 3046 1625 3109 relictum,

961 3133 1025 3203 Ejus
1039 3150 1120 3205 egens
1132 3150 1224 3189 semen
1240 3151 1292 3189 non
1305 3150 1355 3205 ego
1374 3150 1444 3213 pane
1458 3151 1547 3191 sacro.

925 3224 1055 3297 Pauperis
1075 3226 1109 3280 ud
1136 3225 1263 3281 tbronum
1288 3225 1391 3280 clamor
1413 3224 1570 3281 conscendit
1597 3222 1713 3294 Olympi,

960 3315 1056 3369 Audiet
1074 3323 1102 3369 et
1120 3313 1245 3370 Cbristus
1261 3314 1332 3369 ilbus
1345 3315 1402 3384 ipse
1417 3330 1521 3384 preces.

926 3404 984 3458 Nou
997 3413 1042 3457 tus
1056 3419 1150 3459 mense
1165 3419 1261 3475 precor
1274 3405 1353 3460 lurtis
1368 3408 1409 3460 rel
1423 3405 1493 3460 forte
1507 3406 1617 3475 rapinis,

963 3493 1011 3550 Vel
1024 3496 1153 3551 miserum
1167 3495 1260 3565 spoliis
1273 3496 1332 3565 ipsa
1347 3496 1442 3552 domus
1454 3495 1567 3551 redolet.

927 3589 1031 3659 Saepius
1044 3590 1192 3646 Altitbroui
1208 3590 1255 3646 tibi
1267 3591 1303 3647 sit
1313 3591 1426 3647 conviva
1443 3591 1580 3647 sacerdos.

963 3681 996 3735 Et
1007 3679 1108 3736 Cbristi
1123 3681 1249 3746 launoius,
1262 3682 1396 3736 111111111-
1410 3691 1491 3751 atque
1509 3696 1611 3750 regum

928 3770 1014 3838 Quam
1026 3774 1139 3826 verbosa
1154 3773 1232 3826 mulis
1247 3787 1362 3841 persona
1375 3773 1486 3826 adsueta
1498 3771 1633 3841 loquellis,

877 3871 884 3881 “
962 3859 1079 3916 Auribus
1094 3861 1262 3929 ingeminans
1276 3862 1357 3915 rerba
1371 3860 1487 3918 nclunds
1502 3861 1565 3914 tuis.

1161 3979 1166 3986 ’
1228 4013 1412 4070 1111111111.

1213 4125 1255 4179 Ari
1279 4125 1435 4191 Quemdum.

931 4237 1007 4294 liusa
1019 4237 1112 4294 volans
1125 4239 1216 4294 ueniat
1232 4240 1302 4294 doni
1318 4252 1329 4280 ⁰
1343 4254 1440 4311 magno
1452 4239 1522 4296 ierre
1536 4241 1648 4297 salutem

88 4324 195 4387 Crevit,
209 4329 236 4375 θῑ
250 4315 532 4384 ellseffldffll'ssl'eflssffl
546 4308 696 4365 1111111111
711 4308 815 4362 mmm·
894 4326 980 4394 DCui
993 4326 1064 4382 Deus
1077 4335 1209 4382 aetcrnum
1225 4329 1325 4384 tribuat
1335 4345 1384 4401 per
1395 4330 1492 4385 secula
1505 4330 1578 4386 salve
1599 4349 1605 4385 :

90 4418 145 4487 Qui
159 4414 230 4471 tenui
248 4411 365 4467 moriens
377 4407 494 4461 unimam
509 4403 651 4459 traducere
662 4399 727 4454 llatu

91 4509 162 4562 bum
176 4505 267 4572 coepit,
279 4501 366 4556 luerat
379 4497 523 4568 uigilanse
539 4490 668 4547 iratribus
683 4505 761 4554 unus,

91 4598 142 4654 llir
156 4596 257 4665 probus
269 4600 296 4648 ct
308 4606 400 4655 versu,
417 4587 485 4642 uidit
497 4586 543 4656 qui
556 4585 672 4640 culmine
685 4583 719 4639 ab
733 4581 786 4636 alto

91 4687 269 4745 Descendisse
283 4684 372 4737 rirum
385 4679 455 4734 lucie
465 4694 512 4734 seu
525 4684 600 4732 veste
613 4689 770 4739 coruscum,

47 4826 55 4839 .
92 4780 130 4838 Et
142 4776 264 4848 posuisse
276 4787 354 4827 suum
366 4786 427 4825 mor
441 4784 471 4822 os
484 4766 624 4822 urorientis
635 4765 669 4819 ad
683 4778 743 4828 orn,

93 4868 223 4926 blandius
245 4863 385 4933 amplexus
408 4859 530 4913 munibus
553 4868 660 4926 quoque
688 4853 808 4908 membra
833 4864 882 4905 cu-

749 4940 858 5012 [btmtis
874 4958 882 4993 ι

91 5056 298 5126 Regressusque
312 5041 429 5099 animum
443 5039 549 5094 solvens
564 5036 597 5092 de
611 5047 720 5089 carcere
732 5031 823 5087 carnis

132 5188 212 5243 Vens.
232 5181 311 5238 toto.

133 5337 146 5362 ³
167 5319 234 5373 llide
247 5314 325 5383 epist.
338 5309 399 5372 111,
412 5308 445 5362 ud
459 5306 633 5365 Friduinum;
657 5315 707 5355 nec
726 5305 793 5383 putu
813 5297 885 5378 bunc

92 5396 233 5452 diuersum
249 5399 309 5439 esse
324 5383 357 5434 ab
371 5395 403 5434 co
415 5379 459 5447 qui
475 5379 519 5432 bic
541 5373 690 5444 appellatur
713 5369 883 5446 1111111111.

135 5464 148 5502 b
163 5459 219 5513 lloc
233 5466 342 5509 carmen
359 5449 522 5517 descriptum
536 5460 568 5498 cx
582 5444 641 5497 cod.
656 5456 705 5495 ms.
731 5437 884 5498 llurlcruno,

94 5533 134 5589 de
148 5544 202 5601 quo
214 5526 291 5596 plura
300 5522 356 5592 jam
369 5519 494 5598 diximus
505 5515 571 5569 vide
586 5513 650 5565 tomi
663 5510 671 5564 1
686 5504 886 5593 1111111111111

96 5614 208 5672 quoque
233 5592 400 5649 extraximus
424 5586 564 5658 epistolam
584 5581 647 5646 Sil,
670 5580 703 5633 ad
726 5577 885 5631 lrrdumum

932 4418 1016 4485 Quem
1034 4419 1159 4488 precibus
1173 4417 1282 4475 Christo
1296 4429 1451 4475 sanctorum
1467 4423 1544 4477 turba
1560 4438 1608 4493 per
1627 4423 1720 4484 orbem

932 4509 1055 4563 Assiduis
1068 4508 1182 4578 Domino
1196 4511 1366 4565 commendet
1379 4520 1471 4566 sancta
1485 4525 1636 4581 precamur.

933 4599 969 4655 Ut
985 4600 1178 4665 sunusvcniat‚
1192 4602 1316 4656 veniente
1333 4611 1464 4671 tempore,
1477 4612 1555 4658 iratus

933 4693 1022 4749 Albini
1034 4692 1132 4757 Patris,
1142 4692 1299 4762 preclaram
1313 4692 1389 4746 lectus
1407 4691 1439 4746 ud
1454 4695 1559 4759 urbem,

934 4783 993 4850 Qua
1005 4790 1114 4838 sanctus
1128 4791 1221 4836 sancto
1236 4781 1365 4834 llartiuus
1378 4797 1491 4850 corpore
1504 4793 1611 4853 pausat.

934 4872 1010 4938 Quod
1021 4880 1150 4940 prestare
1164 4886 1261 4940 precor
1273 4871 1362 4937 nobis,
1376 4872 1419 4941 piu
1432 4875 1519 4944 grstia
1534 4874 1646 4930 Christi.

935 4962 989 5018 Sed
1003 4969 1039 5025 tu,
1056 4970 1129 5025 uste,
1144 4961 1200 5015 Deo
1210 4959 1323 5031 placidis
1332 4962 1434 5016 seruire
1445 4972 1581 5019 memento
1672 5014 1674 5025 ,

936 5054 1063 5115 lloribus,
1082 5061 1111 5107 ut
1126 5053 1200 5107 mitis
1212 5066 1318 5122 semper
1330 5061 1356 5108 te
1368 5063 1491 5124 protegat
1507 5055 1567 5120 ille;

936 5143 1067 5214 Prospere
1080 5158 1130 5213 per
1144 5152 1231 5200 terras
1244 5145 1351 5215 ignotas
1365 5146 1446 5201 ducat
1458 5153 1579 5212 cuntem,

938 5280 1063 5334 abbatem
1086 5277 1294 5344 Cerwicensem‚
1310 5279 1355 5348 qui
1376 5279 1447 5334 idem
1463 5279 1547 5333 videri
1562 5277 1647 5348 possit
1660 5292 1721 5338 cum

939 5353 991 5407 isto
1005 5349 1158 5412 l'riduciuo,
1172 5350 1224 5405 uisi
1237 5348 1309 5418 quod
1321 5350 1394 5404 bunc
1408 5359 1501 5403 uatum
1511 5348 1616 5403 lidelem
1628 5357 1722 5418 roret,

940 5423 1013 5475 illrum
1027 5434 1089 5472 roro
1103 5428 1132 5471 ut
1146 5419 1252 5473 Patrem
1266 5427 1420 5474 verteretur.

976 5508 986 5535 ⁰
1008 5492 1215 5556 Forteliomm,
1231 5491 1264 5545 ad
1278 5506 1358 5558 quern
1371 5498 1412 5545 est
1425 5490 1505 5564 epist.
1520 5488 1580 5545 185.
