3780 6120
88 328 156 384 lttl
491 329 567 388 OPP.
589 326 790 387 accrescat.
807 357 844 368 -
862 322 928 382 lte.
947 325 992 382 bll
1010 324 1135 384 btllttls
1153 326 1307 388 canals,
1647 329 1718 388 lm

87 446 170 513 ricae,
193 443 220 500 id
241 452 293 513 est,
315 445 396 511 linea,
417 445 584 514 cingebatur,
600 443 793 501 continentiam
807 442 873 497 insi·
886 442 910 502 Δ
924 437 1013 496 incute
1027 441 1162 511 pontilicis
1172 458 1233 499 esse
1244 443 1396 511 uidebatur,
1411 446 1539 511 ostendit,
1551 446 1615 516 quia
1627 446 1715 519 digui-

86 545 164 602 nuat,
175 551 235 606 qun
244 545 331 593 mater
345 545 425 593 estet
437 536 682 608 custospudicitiae,
693 550 746 606 qua
758 532 877 588 maxime
927 538 1026 597 tatem,
1041 546 1122 601 quarn
1135 533 1278 603 praetendit
1293 535 1320 589 in
1339 535 1450 601 lrabitu,
1463 549 1590 592 exercere
1609 550 1717 609 semper

87 629 179 684 ornari
200 628 342 700 pontifices
363 630 512 687 condecet:
532 631 615 696 itanc,
635 630 682 700 qui
700 629 822 701 ingratus
834 634 878 683 est
927 622 1007 676 debet
1022 623 1049 676 ιιι
1063 637 1157 692 opere,
1171 632 1201 678 ιιι
1213 624 1318 680 Domini
1331 625 1460 695 placitum
1478 642 1585 696 semper
1596 627 1716 694 haltere,

87 717 155 785 beo,
168 720 268 790 perdit,
283 720 352 776 sicut
365 719 415 775 lob
428 722 461 776 de
475 720 575 777 talibus
594 720 677 776 dicit:
696 718 817 773 balteum
836 732 877 772 re·
925 713 1136 769 atsubditorum
1155 722 1218 770 rota
1237 715 1352 773 Domino
1368 716 1480 773 idoneus
1497 719 1533 774 sit
1547 733 1654 789 semper
1672 718 1716 774 oi·

87 826 148 880 pant
171 808 297 876 dissoluit,
315 818 339 864 et
362 811 497 882 praeinpit
519 811 582 881 sane
596 827 669 866 renea
691 826 781 865 eoram
796 805 874 880 (inb.
925 802 1008 860 serre.

87 914 138 963 ιιι,
153 898 214 970 ιιι).
229 898 331 970 Regum
344 900 427 966 eninr,
444 900 471 955 id
485 908 527 956 est
539 908 693 956 sanctorum
705 900 876 956 sacerdotnm
961 895 1124 963 Feminaiia,
1140 897 1238 968 quibus
1250 898 1375 970 pudenda
1386 899 1443 956 loca
1456 902 1579 972 corporis
1589 903 1717 974 tegeban-

87 987 218 1054 balteum,
231 990 283 1044 hoc
293 998 345 1055 est,
356 990 482 1060 pudicam
495 990 688 1046 continentiam
703 991 835 1058 dissoluit,
848 989 875 1046 id
925 993 980 1050 tun
994 987 1188 1041 wbtissessliam
1207 1002 1223 1041 ι
1238 989 1382 1044 concubitu
1401 991 1557 1062 designant,
1580 1007 1641 1062 quac
1659 1008 1717 1048 ma-

88 1089 139 1146 est,
151 1078 260 1136 dissolui
274 1081 417 1151 permittit,
433 1095 494 1136 enm
506 1081 542 1137 de
556 1081 612 1136 suis
625 1079 769 1139 virtutibus
782 1080 875 1137 extolli
925 1089 1043 1145 gnopcra
1062 1076 1188 1133 omuibus
1211 1078 1339 1148 gradibus
1359 1080 1528 1137 observanda
1550 1082 1715 1152 precipitur.

88 1169 238 1238 coeperint:
254 1178 282 1224 ot
295 1170 437 1240 praecingit
451 1169 515 1225 sune
533 1184 635 1239 asperae
654 1168 819 1240 poenimtiae
832 1184 877 1225 ro-
925 1163 1003 1219 Unde
1017 1164 1125 1230 dicitur,
1146 1166 1179 1220 ad
1194 1166 1335 1222 velandam
1351 1168 1554 1238 turpitudinem.
1572 1171 1661 1241 Turpe
1675 1178 1719 1227 cst

87 1273 137 1313 nos
150 1274 258 1325 ennam,
273 1268 304 1314 ut
327 1260 457 1330 incipiant
479 1260 536 1316 suis
557 1260 665 1316 casibus
682 1261 874 1332 ingemiscere,
924 1254 998 1308 enim
1017 1255 1184 1310 sacerdotem
1196 1257 1378 1313 netalascivae
1388 1260 1475 1315 emtis
1488 1260 1623 1324 infamari,
1634 1276 1715 1330 quem

88 1349 134 1419 qui
148 1349 261 1405 aliorum
275 1349 394 1421 lapsibus
407 1350 556 1406 debuerant
570 1349 670 1405 auxilio
685 1348 837 1405 subuenire.
924 1346 1051 1400 convenit
1064 1347 1138 1402 velut
1158 1348 1184 1403 in
1200 1363 1262 1405 arce
1276 1351 1460 1418 castimonie,
1475 1351 1509 1407 ab
1521 1353 1645 1409 omnibus
1657 1369 1718 1410 sus·

65 1460 70 1468 ·
123 1438 436 1511 Superbumeraie,qucd
449 1438 797 1510 Hebraieeepbeddicitur,
812 1439 876 1494 ebe·
922 1435 977 1504 pici
991 1444 1018 1490 et
1030 1438 1164 1492 venerari.
1178 1437 1257 1506 Quod
1268 1454 1334 1496 vcro
1348 1438 1485 1497 seminalia
1499 1443 1549 1513 ipsi
1565 1443 1617 1499 sibi
1631 1443 1718 1514 impo-

87 1529 216 1586 dientiam
228 1533 416 1588 mandatorum
430 1533 478 1588 liei
493 1533 701 1604 siguificat,qun
715 1533 876 1589 induebatur
923 1532 1006 1590 ⁰²⁰²·
1030 1533 1128 1581 emim
1153 1527 1257 1599 Msslses
1285 1529 1424 1601 designat,
1441 1547 1584 1603 (illumque
1608 1531 1715 1604 [aaran

87 1622 225 1688 sacerdos,
240 1631 268 1677 ut
281 1624 435 1679 meminerit
444 1634 577 1695 praecepta
596 1625 642 1680 bei
656 1634 781 1692 strenue,
796 1626 875 1696 quasi
924 1614 1153 1687 unumquemque]
1165 1632 1193 1672 ⁸⁰
1206 1632 1222 1671 ι
1236 1620 1338 1673 carnali
1348 1622 1565 1691 c⁰¹¹⁰¹¹l5⁸⁰0¹¹tia
1577 1621 1717 1678 festinam

86 1727 155 1767 onus
170 1713 290 1767 inumeris
304 1713 469 1783 impositum,
482 1714 874 1784 deberoportara,0110gvefo
923 1700 1040 1770 debere;
1053 1705 1150 1761 deinde
1159 1707 1304 1764 virtutibus
1314 1711 1365 1764 sibi
1375 1711 1507 1778 subditos,
1518 1711 1594 1781 quasi
1607 1712 1716 1784 iloysen

86 1802 195 1858 uomina
207 1802 422 1872 patriarcharum
436 1803 508 1859 inter
518 1804 653 1861 sacrificia
662 1814 690 1861 et
702 1806 729 1861 in
742 1807 871 1872 humeris,
888 1776 911 1839 Β
924 1796 1079 1853 ministrum
1094 1799 1198 1870 templi,
1212 1800 1334 1856 restibus
1347 1817 1490 1858 exornare.

86 1890 156 1948 sieut
171 1897 198 1946 et
210 1892 237 1944 in
254 1900 364 1962 pectore
379 1892 514 1961 portabat,
526 1901 651 1949 monetur
664 1896 774 1964 perboc
785 1911 876 1953 sacer·

86 1981 146 2048 dos,
162 1988 191 2036 nt
202 1981 322 2051 priorum
336 1981 447 2036 Patrum
462 1981 543 2039 [idem
556 1991 584 2039 et
596 1984 718 2055 exempla
733 1997 874 2058 sequatur,
1192 1954 1307 2013 CAPUT
1325 1956 1448 2013 fflff·

86 2081 118 2129 tlt
129 2072 258 2140 fidelium,
273 2074 320 2144 qui
333 2081 396 2129 suni
413 2073 461 2130 filli
478 2075 674 2144 apostolorum,
693 2077 721 2132 in
742 2078 798 2134 suis
810 2093 875 2134 (ila-
1029 2103 1094 2153 pun)
1107 2104 1274 2147 acumem
1288 2107 1458 2150 vgggmm
1468 2107 1612 2151 accusa,

87 2165 204 2222 tionibus
218 2167 372 2222 meminerit
379 2175 430 2234 ,ιιι
447 2175 478 2223 nt
492 2167 558 2240 ipsis
577 2170 672 2225 eadem
691 2171 813 2243 exempla
831 2186 875 2229 se-

86 2257 191 2329 quenda
202 2264 343 2328 proponat.

121 2344 272 2413 Rationale,
288 2345 359 2415 quod
373 2354 434 2402 crat
447 2347 474 2402 in
488 2346 578 2404 lrnnte
591 2349 737 2420 pontificis,
752 2350 875 2423 designat

83 2437 149 2508 qnia
160 2444 253 2507 pastor
263 2437 396 2508 sapientia
408 2448 436 2493 et
446 2439 567 2496 doctrina
577 2441 657 2497 debet
665 2442 793 2513 praeditus
802 2457 872 2499 csse.

84 2524 153 2581 liam
168 2535 195 2581 et
207 2527 268 2583 ideo
281 2527 412 2585 rationale
421 2527 517 2598 judieii
529 2528 644 2598 dicitur,
658 2533 722 2602 quia
735 2533 815 2591 debet
831 2548 875 2590 re-

85 2625 145 2674 ctor
158 2618 285 2674 Ecclesiae
297 2619 390 2676 subtili
404 2636 511 2693 semper
522 2622 721 2681 examinatione
731 2624 802 2682 bena
816 2641 874 2681 rna-

85 2710 164 2781 laquc
178 2711 340 2778 discernere,
355 2714 458 2784 etquid
473 2714 515 2768 tei
527 2715 635 2784 quibus,
648 2717 755 2786 quando
768 2726 797 2773 et
807 2734 874 2788 qua·

85 2799 147 2855 liter
168 2801 326 2869 conueniat,
351 2804 471 2860 studiose
494 2805 623 2874 cogitare.
638 2805 696 2861 Hoc
716 2808 788 2862 enim
802 2810 873 2878 quod

85 2891 202 2947 dicitur:
217 2891 304 2948 Panes
315 2894 343 2947 in
357 2894 485 2949 rationale
493 2895 591 2964 judicii
608 2897 754 2953 doctrinam
768 2909 793 2954 et
806 2903 874 2955 ceri-

84 2989 165 3035 tatem
179 2981 277 3053 (Enati.
293 2999 389 3051 xxvttt,
401 2984 457 3057 36),
476 2992 506 3040 ιιι
524 2986 648 3044 videlicet
668 2989 767 3045 haheat
782 2992 872 3048 scien·-

86 3070 151 3125 tiam
167 3070 379 3142 Scripturarum,
395 3090 448 3145 quo
461 3077 548 3146 possit
563 3076 631 3134 alins
646 3077 744 3135 docere
767 3087 795 3135 ct
807 3096 872 3136 con·

86 3163 249 3219 tradicentes
272 3179 394 3237 arguere.
420 3167 640 3239 Quadrangulum
661 3178 737 3238 erat,
761 3181 872 3243 propter

85 3261 199 3322 quatuor
212 3253 419 3326 Evangeliorum
442 3257 611 3328 doctrinam;
630 3260 738 3332 duplex,
761 3271 874 3334 propter

84 3344 204 3401 scientiae
218 3354 245 3402 et
258 3348 349 3419 operis
364 3346 528 3406 firmitatem.
543 3350 668 3407 Mensura
688 3353 782 3425 palmi,
801 3356 873 3426 quod

84 3445 127 3493 est
136 3439 281 3509 digitorum
294 3443 425 3508 extensio,
440 3442 563 3516 designat
571 3443 763 3504 discretionem
773 3448 800 3504 in
810 3464 874 3519 per·

83 3530 235 3584 severantia
250 3530 382 3586 honorum
400 3548 522 3603 operum.
543 3534 665 3602 Quatnor
683 3539 791 3594 ordines
803 3539 872 3611 lapi·

84 3618 160 3682 dum,
168 3617 214 3685 qui
226 3627 304 3672 erant
316 3619 478 3676 inrationali
490 3623 644 3679 nominibus
654 3628 872 3695 patriarchatum

83 3708 224 3777 insculpti,
246 3719 363 3779 qrtatunr
378 3713 533 3780 exprimunt
555 3715 718 3784 principales
740 3721 871 3789 virtutes,
957 3696 1055 3751 P⁰⁸¹⁰³
1069 3696 1193 3766 munus
1215 3695 1333 3765 imeri&
1349 3711 1410 3766 ‘¹¹¹ae
1423 3693 1503 3766 ”¹¹⁸⁰
1520 3695 1581 3750 “¹⁶“
1604 3696 1713 3753 dicim·

83 3799 267 3870 prudennam,
282 3804 497 3871 mmmmm,
518 3802 718 3873 fortitudinem,
729 3809 871 3878 jammam·
922 3785 1064 3856 Signilicat
1084 3794 1175 3839 atatem
1198 3786 1427 3855 perseverantiam
1453 3786 1481 3840 in
1504 3785 1715 3888 bonannctione.

85 3887 168 3945 »remi
191 3891 217 3944 in
237 3907 398 3964 unoquoque
421 3895 538 3965 lapides,
562 3895 642 3952 fldem
663 3909 763 3956 sanem
785 3901 874 3959 mni·
922 3874 993 3928 ilinc
1005 3872 1105 3943 loseph
1119 3873 1192 3929 inter
1204 3872 1303 3928 iratres
1316 3888 1388 3938 suos,
1404 3873 1518 3929 talarem
1532 3882 1651 3930 tumeam
1664 3878 1715 3933 ba·

86 3980 161 4046 tatis,
183 3981 239 4036 siue
261 3981 357 4050 iidem,
377 4000 451 4055 spent
464 3993 491 4040 et
503 3987 663 4043 charitatem
677 3989 872 4048 demonstrant.
922 3965 1013 4022 ΜΨ)
1027 3964 1202 4021 dffifflbi‘u'·

959 2219 1096 2278 &adalia
1105 2222 1233 2278 dicuntur
1245 2221 1334 2278 solea.
1349 2221 1399 2278 Est
1411 2231 1501 2278 autern
1515 2238 1600 2294 genus
1611 2224 1717 2284 calcea·

923 2403 1032 2474 quidem
1045 2403 1117 2460 solea
1130 2404 1256 2461 muniens
1265 2405 1348 2473 pedes
1361 2419 1376 2458 a
1392 2410 1485 2471 terra;
1501 2406 1628 2476 superius
1638 2422 1715 2474 sero,

923 2491 961 2548 nil
975 2493 1137 2564 operimenti
1160 2495 1274 2560 habens,
1294 2503 1385 2566 patet:
1406 2492 1539 2564 rpuojussi
1562 2506 1626 2553 sunt
1648 2514 1716 2570 apo·

923 2583 985 2640 stoli
1004 2583 1148 2642 abomino
1161 2584 1246 2642 indui.
1282 2584 1424 2657 Significat
1444 2594 1535 2644 autem
1558 2587 1714 2645 ministrum

922 2674 998 2730 uerbi
1013 2675 1062 2732 liei
1075 2690 1130 2731 non
1143 2675 1242 2732 debere
1253 2675 1370 2732 terrenis
1381 2675 1548 2744 incumbere,
1563 2677 1610 2734 sed
1626 2679 1717 2749 potius

923 2766 1079 2822 coelestibus
1091 2766 1207 2835 initiare,
1222 2776 1249 2822 et
1261 2767 1481 2838 praedicationem
1494 2783 1571 2825 snam
1590 2768 1654 2824 nulli
1669 2784 1716 2824 nc·

923 2855 1036 2912 euitare.

959 2947 1024 3004 Post
1039 2947 1175 3004 sandalias
1196 2947 1224 3003 in
1244 2946 1374 3004 Ecclesiae
1393 2948 1575 3015 vestimentis,
1595 2951 1718 3020 seqtritur

922 3037 1145 3110 superhumerale,
1160 3038 1232 3110 qued
1244 3037 1275 3094 ιιι
1288 3053 1321 3093 ex
1336 3036 1391 3093 lino
1403 3039 1556 3109 purissimo.
1570 3038 1623 3094 Pet·
1632 3039 1715 3095 linunt

884 3126 907 3191 G
922 3129 994 3198 quod
1005 3144 1038 3183 ex
1052 3137 1124 3183 terra
1135 3128 1261 3192 sumitur,
1276 3136 1302 3182 et
1312 3143 1361 3198 per
1373 3127 1472 3183 multos
1485 3126 1591 3184 labores
1601 3131 1634 3184 ad
1647 3145 1714 3185 can-

924 3218 1017 3275 dorem
1032 3220 1148 3285 ducitur,
1169 3219 1325 3289 designatur
1346 3232 1447 3288 corpus
1466 3219 1631 3285 humanum,
1645 3218 1716 3288 estod

922 3322 956 3362 ex
971 3317 1043 3364 terra
1059 3316 1174 3365 constat.
1191 3306 1268 3364 Sicut
1284 3323 1351 3379 erge
1367 3306 1452 3363 linum
1467 3308 1629 3379 permultos
1643 3309 1718 3364 labo-

923 3414 968 3456 res
984 3399 1018 3454 ad
1039 3399 1186 3455 candorem
1207 3399 1379 3470 perducitur,
1394 3398 1433 3453 ita
1454 3414 1553 3469 corpus
1568 3401 1715 3456 humanum

922 3491 1016 3547 inultis
1030 3491 1230 3547 calamitatibus
1244 3491 1381 3558 auritum,
1404 3492 1548 3547 candidum
1569 3501 1597 3548 et
1619 3509 1715 3564 purum

922 3596 983 3637 esse
994 3580 1074 3637 debet
1088 3581 1122 3637 ab
1134 3580 1208 3637 omni
1221 3579 1301 3637 sorde
1312 3589 1495 3652 peccatorum.

86 4071 151 4138 Quae
164 4075 255 4129 ‹rmnia
268 4075 295 4129 in
307 4084 416 4146 pectore
429 4077 565 4149 pontificis
584 4083 738 4139 necessario
752 4098 813 4139 esse
827 4085 874 4140 de-
960 4076 1059 4131 Trtnica
1071 4090 1157 4146 usque
1171 4075 1205 4131 ad
1217 4075 1309 4142 ιιιιιιιι,
1324 4083 1366 4132 est
1383 4091 1451 4146 opus
1467 4077 1568 4132 bortum
1582 4080 1715 4148 usquead

85 4159 160 4227 bere,
176 4162 256 4234 iratius
266 4165 428 4233 ornamenti,
440 4167 467 4222 id
482 4174 534 4235 est,
550 4167 690 4226 manualis
701 4173 790 4243 specie
804 4187 874 4243 praa-
922 4167 1201 4233 consummationem,
1226 4167 1252 4221 in
1276 4167 1331 4222 taio
1352 4168 1424 4222 enim
1439 4166 1501 4222 bnis
1520 4176 1563 4223 est
1579 4171 1712 4240 corporis.

86 4259 219 4307 monetur.
922 4259 970 4317 ilie
983 4275 1047 4332 ergo
1060 4259 1130 4314 bene
1143 4258 1269 4324 inchoat,
1284 4258 1330 4329 qui
1345 4258 1534 4314 rectitudinem
1547 4259 1610 4315 boni
1625 4261 1716 4331 operis

123 4343 212 4412 Tiora,
228 4361 287 4416 qun
300 4354 328 4402 et
348 4346 448 4404 cidaris
459 4357 488 4404 et
498 4349 579 4405 mitra
593 4360 721 4420 vocatur,
733 4354 768 4410 'et
781 4363 874 4411 conte
922 4365 1009 4421 nsque
1031 4350 1065 4405 ad
1088 4349 1169 4404 bnern
1183 4348 1280 4404 debitae
1293 4348 1417 4419 perducit
1437 4349 1560 4405 actionis.
1579 4348 1632 4415 Qui
1645 4351 1715 4405 eninr

87 4438 166 4510 gebat
180 4447 207 4493 et
219 4441 331 4495 ornabat
345 4450 425 4513 capnt
438 4443 581 4513 pontilicis,
601 4445 728 4502 admonet
739 4461 800 4502 eum
814 4463 873 4504 om-
885 4477 912 4539 ο
922 4442 1123 4515 perseuerauerit
1137 4457 1219 4512 usque
1233 4441 1261 4495 iu
1275 4441 1364 4510 fincta,
1378 4439 1421 4493 iaie
1432 4439 1520 4495 tainus
1535 4441 1584 4495 erit
1600 4439 1713 4513 (Metti.

86 4544 135 4583 nes
154 4544 248 4586 sensus
270 4532 366 4601 capitis
380 4531 435 4587 beo
457 4547 617 4590 consecrare
640 4535 755 4603 debere,
774 4551 808 4592 ne
829 4537 872 4592 sel
923 4550 961 4600 x,
976 4533 1040 4605 ιι).

86 4620 157 4675 oculi
168 4631 278 4693 pateant
289 4625 323 4678 ad
335 4624 479 4680 uidendum
488 4627 647 4694 vanitatem,
658 4629 700 4684 rel
709 4632 801 4687 ceteri
810 4646 869 4687 sen-
960 4641 1062 4696 Deiude
1073 4640 1194 4710 serpitur
1206 4656 1283 4704 aona,
1294 4654 1355 4710 quac
1373 4637 1509 4709 cingulum
1524 4638 1641 4707 dicitur,
1659 4654 1714 4710 qna

86 4727 132 4767 ⁵¹¹⁸
153 4714 198 4780 (ιιΙί
220 4713 247 4767 ιιι
261 4714 466 4786 capitevtgent,
488 4717 623 4787 ῑῐιῑιιῦῑῑιῑῑ
645 4721 824 4787 mimihilt,
844 4731 872 4778 ιι
923 4731 1097 4801 restringitur
1110 4729 1228 4799 poderis,
1250 4744 1284 4783 ne
1306 4728 1366 4783 laxe
1379 4742 1428 4799 per
1440 4729 1522 4798 pedes
1536 4728 1647 4785 diffluat.
1662 4729 1715 4785 Per

85 4820 134 4874 per
147 4805 207 4860 illos
220 4806 373 4861 intromissa
386 4807 528 4863 delectatio
548 4808 660 4863 incestet
675 4810 757 4865 animi
772 4813 872 4867 sancti-
924 4836 1006 4892 quam
1028 4819 1185 4892 designatur
1199 4819 1327 4876 discretio
1350 4820 1470 4875 omnium
1489 4821 1638 4876 stanuum:
1657 4823 1714 4877 air.

86 4902 178 4947 tatenr.
207 4893 319 4949 Lamina
334 4910 415 4951 aurea
445 4897 542 4952 diuinae
563 4898 867 4973 majestatisatquepe·
924 4919 996 4967 tutes
1009 4912 1080 4967 enim
1095 4910 1154 4966 sine
1168 4911 1338 4974 discretione,
1362 4924 1414 4965 non
1438 4912 1560 4979 virtutes,
1585 4913 1713 4970 sedvitia

85 4985 177 5039 tentiae
190 4983 275 5056 ligura
290 4995 349 5052 est,
370 5001 431 5057 quiae
443 4987 471 5041 in
484 4985 574 5043 ironte
590 4988 725 5059 pontiucts
746 4991 873 5061 departa-
922 5010 1003 5068 sunt,
1024 5015 1087 5056 nam
1101 5001 1216 5057 uirtutes
1230 5001 1256 5057 in
1269 5001 1386 5073 quodam
1407 5002 1554 5059 meditullio
1571 5011 1635 5061 sunt
1649 5019 1713 5062 enn-

84 5077 175 5141 batur,
195 5077 258 5146 quia
274 5077 318 5131 ilia
337 5075 479 5132 ineffabilis
497 5078 612 5133 Deitatis
625 5081 744 5148 potentia
766 5083 872 5138 cunctis
922 5091 1034 5146 stinctae.

85 5181 145 5236 qum
161 5167 274 5234 creauit,
289 5169 489 5237 supereminet:
509 5177 537 5224 et
556 5170 666 5235 idcireo,
680 5171 759 5241 quasi
773 5182 871 5229 cuncta
954 5179 1084 5248 Sequitur
1095 5178 1226 5234 orarium.
1243 5179 1378 5246 Orarinnt,
1402 5180 1429 5236 id
1451 5190 1493 5236 est
1513 5182 1581 5240 stola
1593 5225 1602 5252 ,
1614 5185 1714 5242 dicitur

84 5258 269 5326 sanctillcaus,
281 5260 409 5317 eximiam
428 5261 480 5317 sibi
494 5263 584 5318 sedem
597 5263 625 5317 in
640 5261 805 5331 nantelmo
818 5273 870 5332 est,
921 5284 955 5326 eo
971 5269 1042 5339 quod
1056 5269 1221 5334 oratoribus,
1236 5269 1328 5335 idest,
1347 5271 1568 5340 predicatoribus
1581 5275 1713 5331 conceda-

84 5346 113 5404 in
126 5350 225 5405 mentis
242 5350 439 5420 principalitate
457 5353 605 5407 constituit.
631 5352 753 5421 Quattuor
773 5354 871 5411 litterae
923 5368 978 5415 tur.
994 5358 1223 5427 Admonetillnm,
1241 5360 1287 5430 qui
1302 5360 1347 5416 illo
1364 5361 1493 5428 induitur,
1507 5370 1537 5417 ut
1549 5379 1652 5419 memor
1666 5365 1713 5433 sit,

84 5437 113 5492 in
127 5438 225 5494 lamina
241 5441 357 5511 scriptae,
377 5448 492 5510 quatuor
512 5450 575 5496 sunt
588 5454 687 5496 centua
702 5443 806 5508 cnteis,
831 5453 872 5499 tn·
924 5451 975 5506 sub
987 5450 1052 5522 jugo
1064 5449 1176 5516 Christi,
1189 5451 1262 5521 quod
1278 5451 1376 5508 leue-et
1386 5468 1469 5508 snare
1478 5462 1530 5520 est,
1541 5468 1600 5510 esse
1611 5470 1640 5511 se
1649 5446 1713 5511 eon·'

84 5534 143 5582 tram
157 5528 285 5584 mucidum
307 5529 526 5600 complectentis,
541 5529 615 5585 crnci
629 5530 701 5584 enim
720 5529 821 5587 Christi
843 5532 871 5588 in
924 5541 1060 5596 stitutum.

85 5620 158 5674 omni
179 5629 303 5676 creatura
327 5636 392 5690 aper
407 5621 578 5685 conceditur,
600 5636 655 5693 qua
672 5623 791 5679 omnium
806 5625 872 5681 ilde·
959 5629 1042 5702 496
1055 5629 1204 5686 Dalmatica
1219 5647 1279 5703 qiam
1295 5634 1428 5705 sequitur,
1441 5636 1476 5692 ob
1490 5637 1542 5692 hoc
1555 5636 1663 5703 dieitur,
1680 5651 1713 5691 co

87 5708 152 5765 lium
176 5709 279 5768 frontes
304 5713 452 5783 signantur.
482 5711 558 5781 Quod
583 5713 684 5769 lamina
708 5730 815 5788 semper
843 5719 871 5773 in
924 5722 995 5794 qtrod
1016 5723 1044 5778 in
1065 5720 1196 5779 Dalmatia
1209 5722 1245 5780 sit
1259 5732 1375 5797 reperta.
1397 5725 1468 5783 Usus
1481 5735 1571 5784 nutem
1586 5725 1712 5783 dalmati·

923 2311 1025 2378 menti,
1045 2327 1099 2382 quo
1117 2312 1266 2368 induuntur
1279 2311 1395 2369 ministri
1416 2311 1559 2380 Ecclesia,
1580 2315 1716 2374 subterius
1823 2338 1831 2347 ·
