3780 6120
148 291 201 348 stt

147 406 225 461 lissei
234 402 269 459 ab
276 409 398 458 extremo
408 397 580 455 venientibus
591 397 698 467 hospita
711 406 805 466 portus

147 497 266 554 Naribus
276 484 389 559 oceano,
405 491 486 563 longo
498 506 546 546 sus
558 504 639 560 prora
650 487 770 544 remulco

146 592 242 649 Navita
255 604 308 660 qua
319 602 478 659 properans,
490 592 521 640 ut
534 583 613 640 sistat
625 583 659 638 ab
672 595 780 652 equore
792 581 891 636 fessus.

148 684 223 739 lianc
236 682 342 750 piscosa
352 679 409 733 suis
420 677 500 732 undis
512 673 636 731 interluit
649 672 705 728 llsa
720 669 822 743 [Angi.,
836 668 939 743 On‘sel,

148 772 301 842 florigeros
311 769 378 837 ripis
389 766 560 838 pretendens
571 763 692 834 undique
706 776 825 833 campos.

147 863 266 922 Collibus
280 869 307 917 et
321 860 397 915 silvis
408 857 486 915 tellus
499 855 638 913 hincinde
651 855 760 921 decora,

146 953 339 1022 flebilibusque
351 949 418 1006 loeis
432 946 564 1003 habitatio
577 944 698 1018 pulchra,
713 943 839 1009 salubris,

145 1044 297 1103 fertilitate
312 1041 353 1097 sui
366 1039 465 1095 multos
477 1037 603 1093 habitura
615 1035 735 1090 colonos.

145 1137 204 1205 Quo
219 1135 301 1188 variis
311 1131 417 1203 populis
426 1138 453 1185 et
468 1129 559 1200 regnis
570 1126 687 1197 undique
698 1124 760 1180 lecti

118 1209 130 1235 '
146 1227 200 1299 Spe
215 1226 283 1282 lucri
295 1224 393 1296 [ifnb.,
408 1218 543 1292 certatim]
554 1218 675 1283 veniunt,
687 1225 839 1287 quaerentes
855 1213 937 1270 diuite

819 1311 903 1384 [terra

144 1412 269 1477 Divitias,
284 1410 374 1467 sedem
388 1408 507 1472 sibimet,
522 1405 691 1476 lucrumque,
704 1404 851 1475 laremque.

144 1503 214 1560 ilinc
225 1503 458 1562 Romanamanus,
475 1497 593 1553 turbatis
603 1495 722 1567 undique
733 1495 858 1565 sceptris,

143 1595 290 1664 Postquam
305 1592 429 1656 secessit,
444 1589 556 1660 cupiens
568 1587 701 1658 depellere
715 1600 801 1641 saeros

144 1686 253 1750 llostes,
267 1683 404 1755 Hesperiae
417 1696 530 1754 regnum
544 1681 689 1750 sedemque
700 1679 785 1744 tueri;

456 282 463 297 ·
557 286 588 342 n.
607 285 639 342 r.
661 283 772 339 ntotnr
792 283 857 340 seu
877 268 1017 338 ntouint
1036 281 1178 341 oeenust
1197 280 1286 338 runs
1305 278 1348 336 tt.

951 395 977 455 Α
990 394 1136 467 Gregorius
1147 396 1256 468 presul,
1271 404 1329 452 toto
1343 391 1505 449 venerahilis
1517 392 1586 455 orbi,

990 486 1116 544 Ecclesiae
1127 489 1219 545 sedem
1229 487 1369 552 Romane,
1384 486 1517 541 maximus
1526 492 1607 555 atque

988 579 1122 652 Agrorum
1135 579 1236 636 Christi
1250 579 1347 643 cultor,
1364 580 1477 634 devotus
1489 579 1600 648 ubique,

989 667 1108 724 Plurima
1120 678 1256 739 perpetuae
1273 667 1399 739 dispersit
1414 667 1517 723 semina
1531 667 1604 722 ritae.

988 758 1104 816 llomere
1118 776 1168 816 neo
1180 760 1267 815 solum
1279 760 1371 816 Latios
1382 760 1554 832 confregerat
1566 774 1659 831 agros,

989 849 1042 907 Sed
1055 851 1142 907 honus
1154 859 1235 922 atque
1249 853 1310 923 pius
1325 852 1461 922 peregrini
1471 850 1559 908 cultor
1569 851 1662 923 agelli,

987 940 1087 998 Oceani
1101 942 1218 999 tumidos
1229 942 1300 998 ultra
1316 943 1432 998 sulcavit
1444 951 1547 1010 aratro,

987 1035 1100 1092 Pectora
1113 1036 1196 1091 dirini
1207 1035 1289 1092 fluctu
1302 1036 1412 1108 gentilia
1425 1037 1501 1093 verbi

986 1128 1069 1184 Arida
1086 1127 1221 1184 mellifluis
1232 1127 1397 1199 perfundens
1411 1145 1476 1183 arra
1491 1127 1619 1184 fluentis:

986 1223 1025 1279 lle
1039 1223 1136 1292 quibus
1148 1223 1266 1292 aequorei
1280 1230 1359 1292 potus
1372 1223 1489 1278 hausere
1503 1221 1626 1276 Britanni

986 1311 1046 1368 lam
1058 1313 1108 1370 sibi
1123 1322 1268 1384 perpetuae,
1280 1314 1388 1370 Christo
1403 1313 1530 1379 donante,
1546 1312 1654 1369 salutis.

986 1403 1099 1458 Eduin·
1116 1403 1219 1459 interea
1234 1412 1356 1459 veterum
1369 1402 1402 1458 de
1414 1403 1534 1474 germine
1549 1417 1655 1473 regum,

986 1493 1119 1551 liuborica
1133 1497 1253 1567 genitus,
1270 1495 1394 1551 domiuus
1408 1510 1458 1566 per
1471 1504 1568 1550 cuncta
1585 1493 1706 1561 futurus,

985 1586 1081 1644 Pulsus
1095 1589 1123 1643 in
1136 1589 1261 1645 exsilium
1277 1589 1291 1629 b
1307 1588 1375 1661 fugit
1389 1605 1456 1659 puer
1469 1589 1560 1644 invida
1574 1604 1667 1661 regna.

986 1681 1085 1737 brania
1100 1693 1111 1721 ⁶
1124 1682 1233 1753 gentilis
1244 1696 1297 1752 qua
1316 1681 1422 1738 viderat
1436 1681 1492 1751 ipse
1506 1697 1664 1751 snpcmum,

144 1777 225 1834 Urbis
240 1783 304 1830 tunc
318 1774 405 1830 tenuit
415 1783 551 1844 sceptrum
563 1787 628 1844 gens
638 1772 713 1842 pigra
728 1770 879 1825 Britooum.
948 1740 972 1800 B
987 1773 1070 1828 Nocte
1084 1781 1218 1844 soporata,
1234 1773 1309 1828 solus
1322 1773 1384 1827 dum
1399 1780 1521 1841 ternpore
1533 1772 1652 1843 quodam

144 1869 209 1936 Quae
223 1867 278 1922 lere
287 1866 424 1921 continuis
439 1865 578 1920 Pictorum
591 1879 685 1933 pressa
699 1862 804 1927 ducilis,

143 1958 253 2014 Servitii
268 1956 372 2029 pondru
387 1956 495 2010 tandem
509 1962 614 2011 vastata
630 1954 742 2020 subivit,

142 2050 198 2107 Nec
211 2050 296 2105 ualuit
308 2048 427 2121 propriis
440 2047 556 2119 patriam
569 2046 713 2103 defendere
731 2046 824 2110 scutis,

142 2144 190 2200 Vel
206 2145 357 2201 libertatem
368 2142 464 2215 gladiis
478 2155 608 2198 revocare
622 2147 775 2211 paternam.

142 2235 192 2290 Est
204 2235 324 2305 antiqua,
339 2243 447 2304 potens,
457 2231 534 2288 bellis
546 2239 573 2287 et
585 2245 698 2302 corpore
707 2238 848 2299 praestans,

141 2324 293 2382 Germanic
307 2325 419 2395 populos
431 2339 496 2394 gens
510 2324 582 2378 inter
592 2330 619 2378 et
629 2329 722 2376 extera
734 2336 828 2391 rcgna,

140 2415 272 2472 Dirritiam
286 2423 397 2485 propter
410 2413 475 2468 dicti
487 2412 647 2484 cognomine
658 2410 732 2465 Saxi.

140 2505 217 2561 lianc
225 2506 327 2577 placuit
340 2505 453 2560 ducibus
468 2503 543 2572 regni
556 2502 708 2556 conducere
717 2501 807 2564 donis,

141 2594 178 2650 Ut
190 2594 259 2649 foret
269 2593 369 2649 auxilio
382 2591 488 2661 patriae,
500 2603 584 2660 pavor
594 2589 717 2644 hostibus
730 2597 821 2659 atque.

140 2683 194 2741 0re
205 2684 276 2739 favet
291 2683 385 2754 rulgus
398 2683 517 2737 clamoso
526 2680 625 2735 mobile
635 2681 739 2746 statim,

141 2775 176 2831 lit
188 2774 258 2828 bona
271 2771 405 2828 collaudat
415 2781 522 2841 patrum
536 2771 659 2827 consulta
673 2786 795 2839 suorum,

137 2864 213 2919 Atria
225 2878 353 2937 gazarum
365 2870 492 2932 rumpunt
502 2862 614 2934 regaha,
628 2863 701 2934 genti

140 2951 247 3008 blittere
259 2951 329 3007 dona
339 2957 436 3021 parant
448 2949 555 3021 ignotae,
572 2965 624 3020 quo
639 2951 727 3023 magis
737 2951 783 3007 illa

135 3050 255 3113 Annuat,
270 3055 300 3102 ut
312 3045 417 3115 placite
428 3044 526 3100 feriant
537 3042 589 3098 sihi
603 3041 705 3098 foedera
719 3044 803 3114 pacis.

135 3141 186 3197 Ast
197 3140 305 3213 indigna
317 3137 409 3193 rident
418 3136 501 3192 tantis
511 3135 608 3191 exenia
621 3135 701 3191 rotis.

135 3230 216 3303 243
227 3230 342 3301 Legatos
354 3228 429 3283 exire
438 3225 542 3295 iubent,
553 3226 622 3280 rada
635 3225 706 3281 salsa
720 3225 821 3281 cannis

135 3320 194 3377 lam
210 3322 315 3376 sulcare
325 3320 397 3385 citis,
414 3316 484 3374 dulci
499 3317 644 3374 formidine
659 3327 721 3374 rota

134 3411 304 3482 ingeminant
320 3409 447 3480 iacrynris
461 3426 468 3461 :
481 3408 608 3478 quoniam
623 3409 663 3463 sie
677 3409 733 3478 ipse
745 3407 873 3464 monebat

135 3502 282 3561 Libertatis
292 3515 378 3567 arnor,
393 3498 488 3570 patna
500 3513 561 3570 spos
575 3514 607 3554 ac
619 3497 793 3555 redimendae.

135 3595 205 3664 Quid
215 3593 272 3663 jam
286 3588 363 3665 [Coti.
376 3588 468 3645 fibert.
484 3590 549 3662 quid
562 3588 623 3663 tibi]
636 3589 712 3661 plura
725 3592 837 3646 cauam?
859 3588 925 3648 Pro

543 3679 653 3753 [perans
665 3682 813 3748 exercitus,
826 3697 890 3739 ecce

133 3776 254 3837 Venerat
263 3776 360 3834 undosi
373 3785 466 3833 rectus
480 3783 555 3830 trans
569 3789 677 3845 aequora
691 3776 780 3846 ponti,

67 3894 73 3913 ν
134 3868 290 3925 Subsidium
304 3854 384 3923 sociis
397 3864 536 3932 referens,
550 3864 709 3934 hostemque
723 3863 869 3922 nefandum

133 3961 257 4032 Expulit,
272 3967 300 4014 ct
313 3959 378 4014 ricit
392 3956 486 4013 multis
498 3970 548 4027 per
559 3951 629 4012 belia
642 3954 797 4027 triumphis,

133 4053 224 4109 Donec
238 4051 313 4106 Picto
326 4048 401 4105 feror
415 4048 510 4104 timido
521 4046 601 4103 simoi
615 4047 722 4118 agmine
737 4046 817 4120 fugit,

132 4144 282 4201 Contentus
293 4139 410 4211 propriis
424 4152 485 4195 sese
498 4134 642 4195 defendere
654 4138 682 4194 ln
692 4140 762 4205 oris;

133 4233 196 4289 ilaec
209 4235 280 4288 inter
294 4227 396 4300 majora
410 4229 468 4285 dari
482 4226 614 4299 stipendia
627 4230 715 4299 poscit

132 4323 266 4380 Externos
284 4321 391 4377 sibimet
404 4318 499 4374 miles:
512 4318 570 4374 haec
585 4334 666 4375 eausa
680 4315 760 4374 duelli

131 4415 161 4472 Ιιι
173 4414 274 4470 sociatu
287 4412 374 4467 fuerat
389 4418 496 4481 gentem
509 4418 668 4466 convertere
681 4409 797 4476 ferrum,

133 4505 165 4560 Et
182 4519 291 4575 segnem
303 4501 428 4573 populum
442 4501 530 4572 patrio
543 4499 676 4571 depellere
690 4516 784 4571 regno.

132 4596 188 4651 itoc
200 4597 298 4666 pietate
312 4593 361 4649 Dei
374 4594 472 4660 risum,
486 4594 558 4664 quod
571 4608 637 4665 gens
647 4592 777 4649 scelerata

131 4684 171 4741 Oh
187 4700 236 4739 sua
248 4685 281 4739 de
292 4684 372 4738 torris
384 4691 491 4753 patrum
505 4690 616 4753 peccata
627 4684 739 4754 periret,

130 4774 301 4845 intraretque
314 4789 378 4830 suas
390 4774 504 4846 populus
517 4773 621 4830 felicior
631 4776 728 4842 urbes;

131 4863 183 4933 Qui
197 4874 354 4922 serratums
366 4864 473 4920 homini
486 4875 620 4937 praecepta
632 4865 738 4924 fnisset.

131 4958 207 5025 Quod
222 4957 272 5014 fuit
285 4958 388 5014 affatim
401 4957 513 5025 factum,
528 4959 645 5015 donanto
661 4960 797 5018 Tonante.

129 5044 190 5101 lam
205 5062 273 5103 nora
287 5048 349 5103 dum
366 5048 470 5103 crebris
482 5047 627 5120 riguerunt
640 5058 746 5122 sceptra
762 5053 918 5124 triumphis,

130 5137 164 5192 ht
177 5154 252 5210 reges
265 5154 298 5195 ex
313 5154 343 5196 se
352 5139 409 5209 jam
422 5141 504 5210 coepit
519 5141 620 5197 habere
633 5150 758 5212 potentes

129 5227 203 5283 Gens
217 5238 328 5285 verrtnra
343 5230 400 5286 Ilei.
418 5230 497 5286 flexit
513 5241 576 5289 tuuc
592 5234 721 5304 temporis
733 5234 822 5290 almus

166 5337 243 5395 Vers.
263 5340 306 5396 ts.

163 5481 178 5552 ξ
196 5471 293 5540 Eduin,
305 5476 372 5533 alias
387 5479 523 5546 Edwinus,
537 5482 603 5538 Aliae
614 5482 696 5549 fliius,
707 5498 756 5538 rex
769 5482 916 5540 Northum-

128 5539 205 5596 briae.
223 5543 326 5599 Aiford.
345 5551 491 5615 ennodii,
507 5568 581 5607 num.
598 5554 652 5607 iet
666 5569 695 5607 se
716 5592 723 5606 .

165 5607 298 5667 1ιΡιιΙιιιι
321 5617 348 5669 in
369 5620 502 5683 exsilium,
523 5622 557 5675 ab
576 5568 727 5677 Ernettnffo
748 5638 822 5692 rege.
847 5624 914 5680 lien.

115 5677 368 5742 Bedunienses.
385 5686 480 5746 Gentis
499 5691 579 5763 engi.
596 5693 642 5748 lib.
659 5708 689 5759 ιι,
705 5711 763 5770 cap.
783 5693 826 5747 te..

984 1864 1071 1919 Anxia
1085 1863 1166 1919 corda
1180 1879 1278 1935 gerens
1291 1864 1372 1928 curis,
1387 1862 1446 1919 ioca
1456 1876 1577 1936 congrua
1589 1865 1686 1930 adivit,

984 1958 1019 2012 iit
1033 1957 1132 2013 tacitus
1146 1956 1215 2011 sedit
1228 1956 1359 2012 sublustri
1372 1956 1473 2011 lumine
1488 1954 1575 2010 iunae:

985 2048 1032 2104 Vir
1046 2047 1120 2104 stetit
1133 2047 1240 2120 ignotus
1253 2046 1357 2113 habitu,
1370 2047 1499 2118 vultuque
1510 2055 1621 2117 repente

983 2138 1053 2193 Ante
1068 2137 1161 2194 oculos
1171 2135 1288 2207 juvenis,
1302 2138 1448 2209 verbisque
1461 2135 1560 2193 affatur
1572 2136 1688 2193 amicis:

987 2251 997 2284 ι
1011 2231 1077 2298 011ae
1091 2239 1117 2286 te
1131 2229 1199 2286 dura
1212 2231 1313 2301 coquit,
1326 2228 1454 2298 juvenum
1468 2227 1627 2293 fortissime,
1641 2227 1724 2285 curat

983 2321 1041 2378 flea
1053 2323 1124 2378 fleus
1136 2328 1254 2377 aeternus
1268 2320 1329 2377 coeli
1342 2322 1387 2391 qni
1402 2321 1491 2377 sidera
1503 2320 1577 2387 fecit,

983 2412 1048 2480 Quas
1060 2420 1090 2468 tu
1104 2411 1215 2482 pulchra
1228 2411 1304 2466 rides
1317 2410 1412 2465 solatia
1423 2411 1470 2465 dat
1482 2410 1531 2466 tibi
1547 2419 1634 2466 certa.

983 2503 1052 2558 Ecce
1065 2510 1138 2557 tuam
1153 2501 1238 2555 uitam
1253 2501 1385 2570 quaerenti
1401 2510 1490 2557 serrat
1502 2502 1537 2557 ab
1554 2503 1649 2568 hoste;

982 2594 1094 2663 lnsnpcr
1105 2594 1248 2663 imperium
1260 2593 1344 2648 latum
1360 2594 1408 2649 tibi
1420 2595 1549 2649 terminat
1562 2595 1652 2651 undis.

982 2689 1039 2744 ilex
1052 2688 1124 2743 ileos
1143 2687 1189 2743 iile
1202 2688 1251 2743 tibi
1264 2697 1349 2743 toturn
1364 2687 1401 2743 sit
1414 2702 1520 2757 semper
1535 2687 1563 2743 in
1575 2703 1682 2744 aerum:

980 2781 1177 2850 lmpoueusque
1190 2787 1234 2834 tuo
1247 2779 1328 2849 crpiti
1343 2793 1392 2848 pro
1407 2776 1509 2834 foedere
1522 2778 1666 2834 dextram:

981 2870 1044 2927 flacc
1055 2870 1113 2935 tibi,
1130 2870 1208 2937 dixit,
1220 2877 1300 2924 eruut
1313 2870 1399 2925 nostri
1414 2869 1552 2939 signacula
1565 2870 1650 2941 pecti.
1662 2890 1672 2924 ι

981 2963 1095 3018 Nuntius
1109 2962 1153 3018 his
1165 2962 1244 3018 dictis
1255 2960 1345 3018 subito
1361 2962 1486 3018 discessit
1498 2964 1533 3018 ab
1548 2963 1605 3030 illo,

980 3051 1030 3108 Cui
1046 3052 1122 3122 rigor
1136 3051 1238 3107 affatim
1252 3066 1335 3107 renas
1350 3051 1471 3107 decurrit
1484 3052 1511 3107 in
1525 3067 1631 3121 omnes,

980 3142 1060 3199 Pulsa
1075 3142 1169 3213 procul
1186 3141 1291 3214 fugiens
1304 3151 1332 3198 et
1344 3143 1498 3213 desperatio
1512 3143 1596 3201 fibras

977 3231 1116 3302 Liquerat.
1130 3232 1250 3288 Eventus
1266 3234 1399 3290 venientis
1411 3234 1483 3290 dicta
1496 3235 1622 3304 probavit

977 3319 1096 3391 lfospitis
1108 3322 1250 3377 :occubuit
1263 3324 1354 3378 statim
1371 3338 1420 3380 rex
1432 3339 1497 3381 ense
1509 3325 1627 3383 nefando

976 3411 1085 3470 invidus
1096 3413 1203 3486 imperii
1217 3415 1279 3470 vitas
1291 3415 1373 3471 simui
1385 3417 1457 3474 illius
1469 3424 1562 3490 atque.

977 3502 1169 3575 ‘lunejurenis
1181 3506 1289 3562 rediens
1303 3507 1415 3567 intrarit
1428 3509 1553 3566 amabilis
1566 3511 1650 3568 turbes

976 3596 1035 3650 lam
1049 3596 1164 3666 patrias,
1176 3599 1266 3669 populi
1278 3615 1475 3674 procerumque
1487 3602 1581 3662 favore
1592 3617 1730 3677 receptor.

976 3687 1027 3754 Qui
1042 3703 1104 3742 mox
1118 3688 1255 3759 accipiens
1267 3693 1366 3762 sceptri
1381 3695 1479 3766 regalis
1492 3696 1634 3764 honorem,

976 3778 1104 3845 Quaesivit
1117 3782 1233 3851 propriae
1248 3784 1320 3855 genti
1333 3785 1413 3852 bona,
1428 3786 1518 3860 largus
1530 3788 1558 3844 iu
1573 3804 1686 3858 omum,

975 3868 1032 3925 Nec
1046 3885 1095 3940 per
1106 3881 1211 3942 sceptra
1225 3871 1312 3942 ferox,
1327 3878 1375 3932 sed
1388 3877 1423 3934 de
1438 3879 1539 3950 pietate
1551 3881 1698 3954 benignus,

974 3957 1073 4015 Factus
1084 3975 1161 4017 amor
1171 3963 1273 4033 popuii,
1287 3966 1381 4035 patriae
1392 3975 1480 4037 pater,
1495 3978 1523 4026 et
1538 3970 1621 4029 decus
1635 3973 1714 4030 aule.

972 4047 1097 4106 Assiduis
1110 4067 1239 4123 superans
1252 4052 1360 4110 hostilia
1375 4067 1464 4113 eastra
1484 4060 1642 4133 triumphis,

972 4140 1140 4213 imperioque
1154 4159 1203 4199 suo
1218 4154 1312 4217 gentes
1324 4150 1510 4218 superaddidit
1524 4166 1632 4220 omnes,

972 4230 1086 4289 Finibus
1099 4244 1180 4305 atquc
1194 4235 1291 4308 plagis,
1306 4254 1360 4309 qua
1375 4241 1495 4296 tenditur
1509 4242 1597 4298 insula
1610 4245 1700 4317 longe.

971 4323 1086 4396 lamque
1097 4327 1192 4398 jugum
1207 4331 1279 4401 regis
1290 4346 1376 4400 prona
1393 4334 1499 4389 cervice
1515 4335 1645 4392 subibant

932 4437 960 4500 υ
973 4415 1109 4501 Saxonum
1122 4419 1246 4490 populus,
1259 4420 1361 4490 Pictos,
1375 4422 1537 4496 Scotusque,
1551 4425 1712 4486 britannus.

971 4509 1077 4566 interea
1088 4510 1194 4581 placida
1207 4514 1282 4583 regni
1294 4513 1357 4570 dum
1369 4530 1435 4586 pace
1449 4518 1567 4574 tribunal

971 4598 1090 4655 flexerat
1102 4602 1277 4673 armipotens,
1293 4607 1388 4676 sopitis
1403 4608 1520 4679 undique
1532 4610 1621 4678 bellis,

970 4690 1087 4750 Iustitiae
1100 4693 1195 4750 validis
1206 4696 1320 4767 populos
1332 4697 1457 4755 frenabat
1471 4702 1598 4769 habenis,

971 4783 1027 4841 Nee
1042 4787 1110 4856 rapit
1121 4802 1197 4842 arma
1211 4788 1297 4857 furor,
1308 4790 1397 4862 legum
1409 4794 1459 4850 sub
1471 4797 1590 4865 pondere
1603 4813 1728 4868 pressus,

971 4877 1089 4934 Ultrices
1103 4878 1192 4933 timuit
1207 4881 1303 4950 capitis
1317 4883 1380 4952 quia
1393 4884 1507 4957 quisque
1520 4902 1641 4955 sccrnes,

971 4965 1086 5022 Provida
1103 4968 1130 5022 ni
1143 4975 1200 5024 toto
1213 4981 1332 5027 servaret
1343 4982 1452 5042 pectore
1466 4976 1545 5043 scita,

971 5057 1036 5125 Quae
1049 5058 1139 5127 posuit
1150 5060 1256 5131 populis
1269 5070 1360 5118 rector
1374 5066 1506 5121 servanda
1520 5067 1652 5126 subactis.

971 5145 1076 5217 Accipit
1093 5162 1204 5206 uxorem
1218 5151 1330 5206 australi
1344 5154 1378 5208 de
1390 5163 1468 5225 parte
1483 5157 1591 5215 fidelem
1603 5160 1631 5226 l,

972 5239 1091 5297 lforibus
1104 5242 1254 5314 egregiam,
1268 5254 1429 5317 patrumque
1444 5248 1478 5304 ab
1490 5248 1595 5322 origine
1609 5252 1724 5320 claram,

1570 5364 1646 5420 ltere.
1660 5362 1724 5420 ibi

967 5487 1147 5631 brgrdqutgr,
1157 5491 1193 5614 {d
1207 5502 1258 5560 est,
1273 5494 1372 5563 risum,
1387 5506 1417 5552 ut
1440 5499 1467 5555 iu
1490 5500 1551 5557 Vita
1568 5504 1656 5559 saneti
1669 5500 1759 5562 witti·

1004 5626 1016 5666 Ι
1037 5629 1213 5700 Edeilarqom
1228 5632 1377 5691 Ethelberti
1400 5639 1472 5710 regis
1491 5639 1580 5696 Cantii
1601 5642 1697 5699 filiam.
1713 5643 1758 5700 Al-

967 5696 1037 5754 ford.
1054 5716 1124 5756 anno
1135 5701 1197 5767 otu,
1211 5718 1285 5758 ιιιιιιι.
1301 5706 1356 5760 liet
1370 5707 1444 5764 aiibi.
1458 5710 1529 5768 flecta
1544 5712 1591 5769 ΙΙΙ).
1610 5730 1641 5782 ιι,
1656 5729 1681 5768 c.
1696 5714 1724 5771 9.
