3780 6120
129 292 181 355 BBT
625 290 822 351 LlTilliGle.
845 322 880 333 -
899 289 1033 347 ostreis
1053 284 1120 344 PEll
1139 287 1272 344 TEBth.
1710 287 1763 342 590

127 408 172 464 ubi
190 414 234 463 est
250 404 322 460 Deus
338 406 453 460 eortrm?
479 412 505 457 rt
528 404 698 459 innotescant
721 404 747 457 in
767 403 919 458 nationibus
936 410 957 464 Λ
973 401 1041 455 cula.
1058 400 1224 458 Conrmendo
1239 402 1357 456 aninmrn
1373 417 1459 454 surram
1477 418 1503 454 sn
1521 419 1616 460 nsanos
1637 405 1764 475 potentie.

126 512 218 557 eoram
233 497 319 552 oeulis
337 497 447 551 uostris.
468 494 540 550 Ultio
551 495 692 566 sanguinis
708 509 849 551 serrorum
865 501 921 550 tuo
972 500 1035 557 tum,
1055 500 1084 547 ut
1095 493 1233 550 custodias
1249 509 1309 547 eam
1322 493 1416 548 diebus
1428 509 1459 547 ac
1480 495 1617 560 noctibus,
1636 494 1711 550 boris
1726 502 1764 549 at·

125 604 198 657 mm,
223 588 271 659 qui
291 585 393 643 eilusus
404 595 457 652 cst,
479 585 598 643 introeat
610 586 638 642 in
655 596 801 657 conspectu
820 594 866 641 tuo
878 602 922 657 ge
971 599 1022 652 que
1030 585 1183 640 momentis.
1196 583 1323 639 Miserere
1337 584 1400 647 mei,
1416 584 1661 657 Deusangelorum.
1673 584 1765 658 Dirige

125 681 210 738 tuitus
223 679 448 750 compeditomm.
468 679 624 735 &erundum
635 678 848 750 magnitudinem
858 677 921 733 bra·
971 690 1015 731 me
1030 675 1087 732 Ber
1104 675 1337 749 archangelorum.
1361 677 1472 734 Custodi
1493 694 1538 735 me
1560 679 1765 752 perorationes

126 771 179 828 chii
195 770 234 826 tui
249 767 360 840 posside
376 767 445 825 lilios
460 769 693 825 mortillcatomm
708 768 742 823 Bt
756 767 838 825 redde
853 767 921 824 siei-
970 765 1195 836 patriarcharum,
1208 781 1257 838 per
1273 767 1369 824 merita
1385 769 1587 843 pmphetamm,
1606 787 1656 844 per
1671 769 1766 831 suiira·

126 861 171 919 nis
182 851 288 917 nostris'
298 859 450 932 septuplum
467 859 494 916 in
513 860 573 914 sinu
592 874 706 915 eorum:
728 859 921 931 improperium
971 855 1222 928 giaapostolorum.
1233 857 1420 927 petticlorias
1435 868 1596 932 martpmm,
1612 876 1663 937 per
1682 862 1765 922 iidem

126 952 267 1025 ipsum,
290 950 363 1021 quod
377 951 609 1022 exprobraremur
630 951 690 1018 tibi,
712 949 836 1008 Domine.
867 950 921 1008 lios
971 947 1177 1015 contessomm,
1201 963 1251 1019 per
1272 949 1495 1009 intercessionem
1519 954 1640 1012 omniurn
1660 962 1768 1014 saneto·

125 1053 217 1102 antem
228 1044 344 1117 populus
360 1051 422 1099 tuus
434 1051 462 1099 et
475 1057 539 1099 oses
551 1058 657 1115 pascuae
669 1052 721 1099 tuae
732 1043 922 1101 confitebimur
970 1054 1044 1106 rum,
1060 1040 1106 1112 qui
1123 1041 1172 1097 tibi
1191 1040 1353 1112 placuemnt
1363 1045 1398 1100 ab
1409 1045 1513 1118 origine
1525 1047 1619 1104 mundi
1633 1064 1722 1121 usque
1731 1050 1767 1107 ad

128 1135 175 1191 tibi
191 1136 220 1191 in
232 1133 371 1192 seculum.
388 1134 417 1190 ln
431 1136 606 1207 generatione
621 1141 649 1191 et
659 1133 860 1206 generationem
874 1150 922 1190 an·
970 1133 1232 1190 consummationem
1245 1135 1346 1191 saeculi.
1366 1135 1432 1193 Oret
1443 1153 1493 1210 pro
1507 1154 1551 1195 me
1562 1147 1673 1198 sanctus
1686 1140 1765 1208 Abel,

128 1227 312 1284 nuntiabimus
329 1227 435 1283 laudem
454 1235 537 1282 tunm.
971 1224 1017 1296 qui
1028 1225 1131 1295 primns
1144 1235 1290 1282 coronatus
1304 1237 1346 1284 cst
1357 1231 1496 1301 martyrio.
1509 1231 1575 1289 Oret
1585 1247 1635 1306 pro
1650 1248 1694 1291 me
1706 1250 1767 1292 san·

165 1319 245 1390 110
262 1315 297 1373 Ut
311 1334 402 1389 aspro.
421 1316 497 1373 Oculi
516 1317 622 1373 Domini
644 1334 726 1389 super
737 1319 835 1390 justos.
861 1318 922 1375 Pre-
972 1322 1033 1369 etrus
1051 1313 1134 1379 Setlt,
1156 1316 1202 1388 qui
1223 1318 1327 1388 primus
1351 1321 1433 1391 coepit
1449 1322 1575 1379 inrncare
1595 1340 1693 1382 nomen
1716 1325 1766 1382 Do

127 1408 196 1466 tiosa
214 1409 242 1463 in
260 1415 410 1480 conspectu
424 1408 542 1464 Domini.
558 1407 696 1464 iustorum
713 1410 820 1465 animae.
972 1405 1048 1461 mini.
1072 1406 1138 1463 Oret
1152 1424 1201 1478 pro
1226 1425 1268 1464 um
1291 1419 1403 1468 sanctus
1418 1413 1524 1479 Bnoelr,
1550 1414 1597 1486 qui
1619 1417 1767 1474 ambularit

163 1498 265 1557 Oratio.
281 1498 320 1556 Ne
331 1500 488 1556 memineris
505 1501 679 1571 iniquitatum
701 1509 855 1557 nostrarum
876 1518 923 1556 an·
972 1514 1033 1554 cum
1047 1498 1113 1565 Deo,
1133 1509 1160 1557 et
1177 1502 1325 1558 translatus
1338 1511 1382 1559 est
1396 1504 1430 1559 de
1447 1505 1557 1562 mundo.
1583 1507 1647 1563 Oret
1662 1525 1712 1580 pro
1723 1528 1767 1566 mo

129 1591 281 1663 tiquamm,
295 1591 419 1656 Domine,
433 1605 521 1662 nequae
543 1605 592 1646 rans
606 1589 746 1663 originalis
758 1591 837 1663 eulpa
856 1606 923 1647 eon-
972 1597 1083 1646 sanetus
1099 1590 1165 1659 Noe,
1182 1609 1262 1664 quem
1281 1594 1352 1650 Deus
1365 1597 1483 1654 servarit
1494 1598 1521 1654 in
1542 1599 1641 1656 dilnrio
1658 1611 1768 1675 propter

129 1684 229 1748 tristes,
246 1697 314 1755 qrtos
324 1682 442 1738 secunda
457 1681 586 1736 nativitas
604 1681 631 1736 in
642 1680 750 1737 Christo
767 1688 919 1753 regenerat.
970 1680 1113 1752 justitiam.
1140 1683 1205 1741 Oret
1221 1701 1270 1756 pro
1283 1702 1326 1742 nte
1342 1686 1536 1745 Melchisedech
1552 1707 1599 1748 res
1609 1693 1708 1764 justus,
1721 1697 1767 1767 qni

127 1773 318 1847 Apprebendat
333 1788 383 1836 nos
405 1773 497 1844 itaque
510 1772 694 1828 misericordia
715 1778 772 1836 tua,
794 1771 918 1837 Domine,
937 1751 1091 1829 Bobviarit
1108 1774 1243 1843 dbmlm,
1271 1785 1298 1832 ot
1320 1778 1458 1836 benedixit
1481 1781 1517 1838 ei.
1545 1782 1632 1857 Roget
1652 1802 1702 1857 pro
1725 1804 1768 1842 nan

127 1864 316 1937 qutacreator
328 1864 447 1920 hominis
469 1864 498 1919 in
521 1863 631 1919 bomine
648 1863 780 1927 nascitur,
797 1872 825 1919 et
840 1862 921 1918 bomo
972 1861 1058 1920 indolis
1078 1865 1225 1932 Abrabam,
1250 1869 1296 1938 qni
1319 1869 1422 1938 primus
1435 1871 1559 1939 credidit,
1586 1875 1630 1931 eui
1643 1886 1768 1949 reputata

128 1957 155 2012 in
179 1956 235 2011 Deo
254 1954 429 2027 gloriOcando
458 1953 562 2027 [Forte
584 1954 787 2027 glorificandus]
811 1956 924 2009 assumi·
972 1963 1013 2009 est
1023 1955 1091 2012 fides
1103 1958 1136 2011 nd
1147 1958 1291 2028 justitiam.
1304 1959 1455 2018 intercedat
1465 1979 1514 2033 pro
1527 1981 1570 2021 me
1577 1965 1668 2037 justus
1680 1968 1766 2034 isaac,

129 2057 185 2103 mr·
304 2133 466 2195 PSALliUS
483 2135 747 2195 conressotttttt.

160 2251 252 2326 (Bran
279 2251 389 2323 carru.)
414 2249 471 2307 Nisi
488 2251 552 2322 quia
569 2251 701 2308 Dominus
715 2260 775 2306 erat
789 2251 817 2306 in
832 2253 919 2312 uoltis.

128 2342 199 2401 dicat
211 2351 278 2400 tunc
292 2342 396 2399 lsrael:
413 2343 467 2399 nisi
482 2342 546 2413 quia
566 2341 696 2398 Dominus
710 2350 770 2398 erat
788 2343 815 2397 in
833 2343 920 2399 nohis.

127 2432 193 2493 Gom
205 2442 384 2506 exsurgerent
393 2435 518 2491 homines
531 2435 559 2490 in
579 2449 640 2499 nos,
663 2434 732 2492 iorte
741 2434 818 2491 viros
831 2436 922 2508 deglo-

128 2525 225 2581 tissent
242 2539 302 2581 nos.
325 2522 393 2580 Cum
415 2525 579 2581 imsceretur
599 2525 676 2582 furor
690 2541 783 2582 eorum
804 2525 832 2581 in
851 2541 919 2581 nos:

129 2614 240 2672 tersitae
255 2631 326 2687 aqua
343 2615 528 2672 absorbuisset
539 2631 599 2673 nos.
614 2615 775 2674 Torrentem
786 2625 924 2688 pertrans-

128 2705 177 2761 irit
202 2705 295 2763 anima
319 2713 413 2762 nostra
440 2723 446 2759 ε
472 2704 586 2762 forsitan
608 2707 803 2778 pertransisset
831 2707 921 2763 anima

128 2806 221 2858 ttostm
245 2813 344 2871 squam
362 2797 573 2855 intolerabilem.
596 2798 758 2854 Benedictus
780 2798 921 2861 Dominus,

129 2888 173 2959 qd
191 2903 247 2945 non
273 2887 346 2945 dedit
368 2902 418 2944 nos
442 2887 470 2943 in
491 2888 646 2960 captionem
669 2888 798 2945 dentibus
815 2905 920 2945 coruus.

130 2975 226 3035 tulna
247 2987 341 3035 nostm
356 2976 429 3035 deut
444 2992 541 3050 passer
553 2985 646 3048 erepta
657 2985 701 3032 est
717 2978 750 3033 de
762 2977 859 3049 laqueo
873 2993 921 3033 se·

130 3068 262 3125 mudum
285 3066 411 3139 Laqueus
425 3069 560 3124 counitus
574 3076 635 3124 est:
655 3075 683 3122 et
697 3083 748 3124 nos
760 3068 866 3125 liberati
880 3085 922 3124 su·
935 3107 959 3172 c

131 3174 198 3216 mus.
220 3159 390 3229 Adiutorium
405 3169 527 3217 uostmm
546 3160 574 3215 in
598 3162 707 3216 nomino
726 3160 850 3216 Domini:
875 3162 921 3232 qni

131 3247 195 3305 iecit
209 3249 309 3306 coeltnn
319 3257 349 3306 et
366 3258 476 3306 terram.

163 3337 198 3393 tn
225 3356 316 3410 aspro.
341 3338 630 3398 lnimieideieeerttnt
656 3341 758 3398 framea
782 3341 921 3415 [Vulgare

130 3427 296 3503 iramee1in
320 3429 413 3487 tinem.
442 3431 604 3488 Destruxisti
629 3447 724 3490 omnes
751 3448 830 3505 sepes
852 3433 920 3502 ejars.

132 3520 248 3579 Laudem
264 3521 371 3580 Domini
384 3522 509 3596 loquetur
520 3540 551 3580 os
562 3540 661 3580 meum.

165 3613 269 3670 Oratio.
285 3613 431 3681 Converte,
455 3615 585 3680 Domine,
606 3616 735 3687 laqueos,
756 3633 823 3689 quos
843 3620 922 3674 nobis

132 3705 170 3775 hi,
183 3707 230 3778 qui
242 3708 348 3763 animas
361 3715 468 3764 nostras
487 3709 581 3764 venari
599 3717 744 3775 conantur,
763 3719 920 3781 opponunt;

131 3805 158 3853 et
169 3797 369 3853 aduersantium
383 3807 464 3868 atque
478 3798 673 3868 captivantium
685 3813 736 3855 nos
752 3799 865 3855 insidias
878 3800 923 3854 ad-

133 3884 220 3955 iutorii
238 3886 277 3941 tui
290 3885 466 3956 opitulationo
482 3887 629 3952 conturba,
646 3887 708 3957 quia
722 3887 775 3943 nisi
789 3896 816 3942 tu
832 3888 860 3944 iu
876 3904 924 3943 no·

134 3974 172 4032 bis
187 3974 283 4042 lucris,
297 3983 351 4030 mm
363 3992 413 4031 nos
428 3984 518 4046 potest
533 3977 669 4032 contraria
681 3977 767 4032 rirtus
779 3976 922 4048 deglutire,

134 4081 211 4137 quam
221 4067 375 4123 absorbere.
393 4067 459 4123 Esto
474 4083 614 4125 seruorum
626 4077 734 4125 tuorum
745 4081 774 4126 et
789 4077 882 4126 eustos
896 4080 925 4128 et

133 4161 259 4231 previus,
274 4168 306 4216 ut
315 4160 479 4233 spiritalium
494 4162 676 4233 nequitiarum
686 4164 852 4235 muscipulas
868 4180 922 4221 non

135 4249 272 4319 inerarrat;
288 4260 319 4308 ut
331 4253 454 4318 solatus,
470 4253 569 4324 quibus
583 4253 618 4309 ad
635 4261 663 4309 te
678 4255 772 4310 uenire
788 4257 922 4323 nituntur,

136 4350 189 4399 tota
204 4341 342 4400 alacritate
353 4352 511 4402 exerceant.

972 2045 1018 2113 qui
1033 2044 1083 2100 init
1099 2047 1229 2102 obeliens
1245 2049 1314 2117 patri
1335 2065 1420 2121 usqam
1443 2053 1477 2108 ad
1492 2064 1619 2122 mortem,
1638 2058 1665 2113 in
1680 2075 1770 2117 exem-¹

972 2133 1045 2202 pirum
1059 2133 1165 2191 Domini
1178 2138 1263 2192 nostri
1277 2136 1341 2193 lesu
1359 2140 1471 2209 illaristi,
1483 2145 1529 2214 qui
1540 2145 1647 2205 oblatus
1657 2157 1699 2205 est
1713 2151 1769 2207 lleo

972 2223 1045 2279 Patri
1059 2241 1108 2294 pro
1119 2225 1204 2281 salute
1220 2229 1322 2283 mundi.
1348 2228 1469 2287 Postulet
1479 2248 1529 2304 pro
1544 2251 1587 2291 me
1598 2235 1663 2294 felix
1672 2239 1768 2306 Jacob,

972 2316 1018 2386 qni
1034 2316 1100 2371 sitiit
1117 2318 1227 2391 angelos
1252 2320 1299 2375 Dei
1315 2329 1342 2376 ct
1364 2322 1470 2380 Domini
1492 2328 1633 2387 venientes
1650 2332 1678 2388 in
1694 2335 1770 2391 auxi-

972 2410 1037 2465 linm
1059 2412 1119 2467 sibi.
1145 2412 1210 2468 Oret
1229 2430 1279 2485 pro
1294 2431 1337 2471 mc
1363 2418 1457 2474 tonsus
1479 2417 1596 2494 loseph,
1619 2425 1666 2496 qui
1690 2427 1770 2487 soluit

972 2504 1077 2558 somnia
1090 2504 1171 2576 regis,
1185 2514 1213 2559 et
1224 2506 1416 2578 interpretatus
1429 2518 1483 2576 est,
1501 2522 1529 2567 ct
1538 2512 1671 2577 liberatus
1682 2525 1724 2574 est
1736 2518 1770 2575 de

973 2609 1094 2650 carcere.
1117 2595 1183 2650 Oret
1206 2613 1255 2667 pro
1273 2613 1316 2652 me
1334 2611 1445 2657 satietas
1463 2601 1528 2669 lob,
1551 2621 1666 2676 magnus
1682 2617 1711 2666 et
1726 2626 1772 2682 pa-

974 2684 1062 2749 tiens,
1083 2686 1128 2756 qui
1147 2686 1213 2742 nihil
1226 2690 1349 2757 peccarit
1369 2689 1396 2745 in
1418 2690 1497 2749 labiis
1512 2695 1581 2762 suis,
1602 2697 1629 2752 in
1644 2701 1771 2758 omnibus

967 2789 1033 2844 quac
1050 2776 1208 2833 acciderunt
1232 2777 1279 2834 illi.
1308 2779 1372 2835 Oret
1396 2797 1446 2854 pro
1470 2799 1514 2840 me
1538 2786 1636 2845 beatus
1654 2790 1770 2864 ltoyses,

972 2882 1034 2922 cum
1047 2882 1100 2938 quo
1117 2868 1222 2927 loeuars
1240 2881 1281 2928 cst
1299 2873 1370 2930 Deus
1388 2875 1457 2932 iacie
1469 2879 1502 2935 ad
1520 2877 1629 2938 taciem.
1647 2881 1772 2958 Oretpro

972 2973 1017 3015 me
1034 2960 1132 3017 llicsns
1144 2962 1214 3019 illius
1226 2963 1297 3029 Nara,
1320 2982 1401 3037 quem
1420 2968 1537 3041 elegisti,
1561 2971 1686 3041 Domine,
1708 2985 1772 3048 post

974 3052 1083 3123 lloyscn
1113 3052 1242 3111 famulum
1259 3066 1345 3112 tuum.
1364 3058 1430 3116 Oret
1449 3076 1500 3132 pro
1516 3079 1559 3119 me
1587 3075 1699 3126 unctus
1724 3069 1772 3128 Sa·

975 3148 1045 3203 nauel
1056 3149 1199 3220 propbeta,
1214 3151 1259 3220 qui
1271 3150 1410 3209 benedixit
1422 3163 1450 3210 et
1464 3157 1543 3212 unxit
1553 3157 1622 3215 duos
1634 3174 1714 3232 reges
1729 3177 1773 3220 su-

973 3254 1023 3308 per
1050 3238 1144 3295 lsrael.
1168 3239 1317 3297 Subveniat
1340 3243 1406 3298 mibi
1430 3254 1543 3302 sanetus
1564 3248 1665 3317 Dauid,
1688 3267 1770 3326 quern
1825 3286 1829 3307 2

973 3330 1078 3403 elegisti
1092 3333 1241 3388 sectandam
1248 3347 1296 3389 cor
1308 3342 1393 3401 tuum,
1408 3337 1531 3395 minine.
1546 3338 1713 3414 Depreeetur
1722 3360 1772 3420 pro

974 3438 1017 3478 me
1037 3435 1148 3482 sanctos
1160 3426 1233 3483 Elias
1253 3428 1492 3503 111propbeta,
1515 3449 1598 3506 quera
1610 3435 1723 3497 elevasti
1742 3441 1770 3497 in

974 3531 1055 3571 curru
1077 3517 1157 3589 igneo
1174 3534 1260 3590 usque
1282 3521 1316 3576 ad
1338 3523 1448 3579 coelum.
1473 3520 1540 3582 Oret
1552 3541 1603 3599 pro
1616 3542 1660 3586 me
1676 3531 1773 3589 beatus

973 3605 1069 3673 lsaias,
1090 3609 1166 3680 cuijus
1183 3612 1313 3667 mundata
1328 3622 1393 3670 sunt
1404 3613 1477 3672 labia
1488 3617 1550 3687 igne
1560 3618 1676 3677 coelesti.
1693 3620 1774 3680 Adsit

974 3701 1040 3756 milri
1064 3701 1160 3756 beatus
1177 3699 1327 3769 ieremias,
1345 3721 1427 3776 quem
1448 3707 1627 3766 sanctiiieasti
1646 3712 1673 3767 in
1692 3720 1771 3771 utero

974 3794 1069 3850 matris
1085 3809 1150 3848 strae.
1168 3793 1234 3850 Oret
1243 3811 1293 3864 pro
1304 3811 1347 3852 me
1360 3805 1471 3853 sanetus
1484 3799 1610 3858 Ezechiel
1627 3804 1770 3874 pmpbeta,

974 3885 1021 3955 qui
1036 3885 1103 3940 uidit
1120 3883 1238 3939 visiones
1257 3885 1396 3942 mirabiles
1411 3887 1476 3954 Dei,
1499 3897 1527 3944 et
1541 3892 1713 3963 prophetarit
1731 3912 1772 3952 re

974 3977 1172 4034 surrectionem
1185 3985 1362 4031 mortuomm.
1376 3977 1543 4049 Depreeetur
1554 3997 1604 4052 pro
1614 3999 1658 4040 me
1669 3985 1771 4042 electus

974 4067 1081 4132 Daniel,
1106 4066 1295 4123 desidembilis
1317 4066 1377 4132 Dei,
1396 4069 1442 4138 qui
1460 4069 1541 4125 soluit
1557 4060 1662 4129 somnia
1684 4078 1769 4148 regis,

974 4167 1003 4214 et
1019 4160 1213 4229 interpretatus
1225 4166 1278 4224 est,
1292 4166 1321 4215 et
1329 4157 1459 4216 liberatus
1471 4169 1513 4217 est
1528 4161 1562 4218 tle
1574 4162 1633 4220 lacu
1643 4165 1751 4222 leonum
1763 4186 1770 4224 :

974 4260 1003 4308 et
1017 4259 1073 4307 tres
1087 4250 1164 4321 pueri
1181 4247 1314 4316 Ananias,
1330 4249 1454 4319 haurias,
1471 4253 1595 4322 llisulrel,
1613 4255 1719 4313 liberati
1736 4259 1772 4315 ab

976 4345 1048 4416 igne.
1076 4342 1223 4398 Duodecim
1249 4343 1399 4415 prophete,
1420 4341 1501 4412 Osee,
1524 4345 1619 4414 Amos,
1633 4348 1770 4416 lliclneas,

165 4435 286 4493 nudate
300 4435 443 4493 Dominum
455 4437 488 4494 de
499 4437 586 4494 coelis.
601 4437 715 4512 lieqnire
725 4449 793 4496 retro
803 4441 831 4494 in
844 4437 923 4494 l'erin
938 4433 1185 4529 „Johehhbdias
1194 4433 1539 4504 llabacuc,lonas,llaum,
1550 4437 1712 4511 sophonias,
1721 4443 1772 4516 hg·

135 4529 226 4599 pomo.

383 4637 502 4681 utrumn
519 4639 555 4679 ur
571 4638 665 4680 sunau.

166 4732 236 4790 lusti
252 4733 281 4788 in
302 4740 433 4804 perpetuo
453 4734 554 4790 virent.
574 4733 767 4793 Gloriabuntur
783 4740 811 4794 in
826 4749 854 4795 te
869 4755 926 4797 om

136 4843 190 4896 aes,
201 4827 250 4900 qui
266 4827 379 4898 diligunt
392 4840 491 4883 nomen
503 4834 588 4883 tuum.
605 4828 785 4886 Exsultabnnt
795 4833 883 4890 sancti
896 4835 925 4892 in

136 4916 226 4988 gloria.
251 4914 392 4973 Brsniteut
403 4915 430 4971 in
442 4926 589 4987 conspectu
602 4918 666 4984 Dei;
682 4921 752 4991 apud
768 4929 794 4977 te
808 4932 861 4991 est,
875 4925 926 4982 Do

136 5007 215 5073 mine,
239 5005 301 5062 lons
319 5006 390 5062 ritae.
413 5006 544 5064 llirabilis
562 5009 633 5064 Deus
645 5010 672 5064 in
688 5013 792 5068 sanctis
804 5015 871 5070 suis.
895 5017 924 5072 lo

134 5104 280 5167 conspectu
296 5097 452 5170 angelorum
469 5099 583 5169 psallam
596 5100 655 5156 tibi.
671 5101 786 5169 Exaudi,
799 5103 923 5174 Domine,

135 5201 228 5246 rocem
239 5203 342 5255 meam,
359 5206 412 5263 qna
426 5190 551 5249 clamavi.

309 5322 435 5379 ouillo
448 5323 570 5381 SANCTl
583 5325 756 5385 GBEGOBll.

166 5434 326 5493 Dominator
343 5433 455 5492 Domine
470 5436 541 5493 Deus
562 5440 743 5510 omnipotens,
757 5444 804 5513 qui
823 5460 853 5500 es
865 5444 925 5501 Tri-

134 5527 206 5585 altas
220 5542 288 5594 una,
304 5525 384 5582 Pater
400 5528 428 5582 in
444 5526 523 5593 Titio,
536 5528 620 5584 Titius
632 5529 661 5585 in
674 5531 765 5599 Patre,
788 5547 851 5590 cum
866 5534 926 5607 Spi-

976 4540 1060 4597 gaeus,
1078 4525 1236 4591 Zacharias,
1254 4525 1420 4584 llalscbias:
1442 4530 1535 4595 Esras,
1550 4528 1659 4598 Tobias,
1675 4541 1703 4588 et
1719 4533 1773 4590 lla·

976 4616 1089 4672 chobel.
1115 4614 1182 4682 llos,
1202 4623 1336 4672 etomnes
1356 4624 1465 4672 sanctos
1483 4617 1590 4674 Veteris
1604 4619 1772 4680 Testamenti
1837 4676 1843 4689 ,

977 4709 1075 4763 ins-oco
1087 4708 1116 4763 in
1129 4708 1257 4763 auxilium
1271 4722 1372 4763 meum.
1395 4707 1461 4765 Oret
1473 4725 1523 4777 pro
1535 4726 1579 4766 me
1592 4722 1685 4769 sancta
1696 4716 1773 4787 rirgo

978 4799 1063 4855 llaria
1078 4806 1165 4855 mater
1179 4797 1340 4865 Salvatoris,
1354 4808 1383 4855 et
1393 4809 1505 4858 sanetus
1522 4801 1640 4860 loannes
1650 4805 1770 4876 Baptista

978 4905 1130 4962 praecursor
1145 4888 1265 4956 Domini,
1280 4897 1309 4947 et
1319 4906 1414 4949 omnes
1434 4895 1522 4951 sancti
1537 4897 1651 4967 apostoli
1664 4898 1772 4955 Domini

976 4979 1062 5038 nostri
1081 4979 1147 5035 lesu
1168 4980 1281 5045 Christi,
1302 4980 1400 5039 Detms
1414 4991 1443 5039 et
1465 4983 1581 5052 Paulus,
1600 4987 1723 5044 Andreas
1744 4999 1770 5046 et

975 5075 1111 5141 loanneS,
1140 5083 1196 5132 tres
1213 5075 1318 5145 iacobi,
1344 5077 1484 5154 Philippus
1503 5089 1532 5138 et
1547 5081 1770 5155 Bartholomaeus,

976 5167 1094 5225 Thomas
1108 5177 1134 5223 et
1147 5167 1297 5237 llattbaeus,
1319 5169 1446 5229 Tatltaeus
1463 5172 1574 5242 Simon,
1591 5174 1730 5234 Barnabas
1744 5186 1774 5234 ct

976 5258 1103 5325 llathias,
1117 5259 1234 5326 llarcus,
1245 5262 1345 5332 Lucas,
1361 5265 1525 5337 Stephanus.
1537 5269 1591 5326 Per
1601 5270 1697 5327 bomm
1707 5288 1773 5343 ergo

977 5360 1006 5408 et
1019 5359 1178 5407 caeterorum
1199 5354 1321 5410 omnium
1341 5367 1496 5414 sanctorum
1516 5358 1585 5416 Nori
1605 5361 1771 5420 Testamenti

978 5444 1075 5501 merita
1103 5444 1207 5515 depelle
1236 5463 1250 5502 a
1278 5464 1342 5514 me,
1369 5451 1495 5520 Domine,
1522 5457 1772 5528 concupiscentiam

977 5537 1056 5610 gule,
1078 5545 1107 5594 et
1122 5538 1156 5594 da
1178 5541 1244 5597 mibi
1257 5543 1384 5601 virtutem
1406 5547 1598 5608 abstinentie:
1624 5551 1713 5625 ingan
1727 5569 1772 5610 me

134 5616 187 5673 ritas
198 5625 312 5674 macto:
330 5618 377 5690 qui
394 5620 577 5690 essemperin
596 5623 730 5688 omuibus,
748 5632 849 5682 eteros
861 5634 925 5683 ante
977 5629 1102 5701 spiritum
1120 5628 1415 5710 fornicationem
1437 5640 1503 5698 mihi
1523 5645 1648 5702 ardorem
1662 5649 1773 5705 castita-

135 5710 237 5778 omnia,
263 5716 291 5766 et
306 5709 361 5766 eris
376 5712 559 5781 superomnia
577 5713 648 5768 Deus
659 5714 818 5772 benedictus
835 5716 863 5772 in
875 5732 925 5775 sae·
978 5721 1033 5777 tis:
1051 5721 1196 5796 exstingue
1207 5725 1236 5780 in
1252 5742 1294 5783 mc
1306 5730 1367 5801 capi
1379 5731 1492 5800 litatem,
1508 5741 1536 5791 et
1547 5736 1579 5793 dn
1593 5736 1660 5792 mihi
1681 5738 1771 5794 solun
