3780 6120
147 299 217 357 {le
477 296 555 353 (ll'P.¹
568 296 682 355 eoem.
706 331 740 340 -
758 299 871 356 dbblNl
888 299 1079 358 coaressto
1096 300 1196 358 rroet.
1216 333 1250 343 -
1268 300 1359 358 PARS
1378 302 1408 359 tl.
1700 306 1770 362 timo

143 417 228 481 eruci,
245 415 375 487 Spiritum
390 431 451 472 euin
464 417 547 473 verbo
561 428 656 492 sponte
669 417 779 483 dimisit,
796 426 931 489 praevento
947 417 967 474 d
983 415 1046 468 tiam
1070 423 1154 480 loom,
1170 415 1269 482 talem,
1288 425 1317 471 tu
1331 417 1376 474 cui
1387 417 1477 471 omnia
1491 424 1554 473 sunt
1566 418 1718 488 possibilia,
1741 428 1771 479 et

142 505 280 562 carnillcis
293 504 392 560 ollieio.
982 506 1048 559 nibil
1070 503 1196 573 difficile;
1214 513 1244 563 ut
1261 507 1368 578 placere
1384 506 1490 563 valeam
1511 522 1601 564 coram
1616 509 1701 564 oculis
1715 510 1770 567 tuis

178 598 220 657 lll.
241 596 341 654 Eodem
355 615 420 654 vero
436 611 572 656 momento
585 601 642 658 dies
655 604 742 659 media
757 603 931 660 delitescente
981 599 1007 649 ht
1020 597 1144 652 veritate·
1158 597 1242 653 'l'uam
1254 600 1362 669 oleron
1376 600 1509 655 abhorreo
1520 599 1696 668 medicinam
1709 617 1769 657 sum

141 693 199 750 sole
214 692 240 746 in
255 700 362 747 noctem
378 697 479 745 mutata
494 700 544 746 est.
567 693 735 750 Tuneludaei
750 711 829 750 eruce
842 695 931 751 detra·
980 689 1052 741 roim
1076 688 1152 743 Valde
1174 688 1307 744 issfllfflllss·
1333 689 1433 746 Ordine
1456 707 1510 761 (lm
1531 692 1637 761 placet,
1661 693 1770 749 ¹¹¹0<er

142 794 214 840 cmm
235 781 412 853 sepulcroque
430 783 562 852 positum,
584 801 680 854 magna
702 784 784 840 etiam
806 786 930 842 militaris
981 779 1070 834 mullis
1084 780 1257 851 longllOllle
1274 782 1354 847 mels,
1369 790 1396 837 θῑ
1413 799 1534 854 eamque
1545 784 1661 838 mollero
1672 798 1769 855 Doto!-

141 872 271 929 eustodiae
294 870 431 942 diligentia
453 872 698 940 circumsederunt,
720 890 765 941 ne,
780 876 841 944 quia
860 891 929 946 prae-
980 877 1066 924 torum
1083 884 1203 925 meortuu
1217 872 1250 925 ad
1267 887 1374 942 pulum,
1387 875 1544 942 Dllhsdllom
1562 873 1667 937 ²b02¹¹¹2
1680 874 1768 930 fl0d‘!

140 964 247 1022 dixerat
265 979 294 1020 se
314 963 391 1017 tertia
411 971 626 1018 resurrecturum
642 963 700 1028 die,
720 964 842 1036 discipuli
861 965 929 1021 clam
978 961 1076 1030 quibos
1090 961 1136 1016 tibi
1151 962 1264 1016 ridetur.
1281 961 1333 1018 Sed
1344 965 1435 1032 rogari
1451 971 1536 1027 tuam,
1551 963 1674 1028 Domine,
1687 963 1768 1019 mise-

140 1056 243 1113 amuliti
255 1072 352 1127 eorpus
365 1064 504 1125 suspectos
523 1053 654 1110 fallerent.
664 1057 762 1112 Verum
775 1057 809 1112 ad
821 1060 928 1113 tertiam
979 1055 1133 1121 ricordiam,
1148 1065 1174 1111 et
1192 1070 1287 1128 rogare
1302 1073 1354 1111 non
1371 1071 1465 1122 cesso,
1483 1058 1545 1126 qaia
1559 1058 1610 1113 boe
1622 1057 1705 1114 nimis
1719 1059 1767 1113 de·

139 1149 227 1203 luceru
243 1162 374 1203 concussa
391 1156 498 1215 repente
513 1155 594 1210 terra,
606 1154 633 1201 et
646 1145 714 1200 mole
727 1147 856 1213 revoluta,
869 1164 928 1218 quae
978 1146 1076 1200 sidero.
1092 1145 1214 1200 llollilica
1233 1161 1384 1201 cormeum
1399 1146 1496 1201 durum
1516 1154 1543 1201 et
1564 1147 1700 1217 lapideum
1719 1154 1768 1202 tua

138 1243 311 1296 obstnixerat
328 1245 546 1302 monumentum,
571 1246 599 1291 et
620 1236 742 1292 custodia
766 1253 865 1309 parere
887 1237 928 1292 lu-
978 1241 1093 1296 mirabili
1107 1248 1135 1295 et
1148 1240 1250 1310 potenti
1265 1241 1402 1295 unctione.
1416 1239 1552 1304 llollillca,
1565 1253 1673 1310 precor,
1688 1238 1770 1294 etlao

137 1339 209 1403 gata,
224 1329 302 1383 nullis
314 1327 503 1399 apparentibus
518 1327 665 1397 discipidIs,
680 1328 746 1383 nihil
760 1328 786 1382 in
801 1328 869 1394 loco,
882 1329 927 1384 ubl
977 1349 1020 1386 me
1033 1332 1180 1402 perignem
1196 1332 1425 1403 compunctionis,
1444 1332 1561 1387 bostiam
1575 1346 1663 1386 viram
1677 1332 1767 1402 quoti-

136 1419 241 1491 positus
254 1426 307 1484 est,
321 1423 454 1487 repertum
470 1424 522 1481 est,
535 1426 633 1487 praeter
646 1420 756 1473 esurias
771 1418 925 1488 sepulturae.
976 1421 1020 1476 die
1033 1438 1123 1477 eoram
1140 1433 1167 1477 te
1180 1421 1249 1477 deri.
1266 1421 1381 1492 Respice
1393 1437 1446 1487 use,
1463 1419 1586 1486 Domine,
1599 1430 1627 1477 et
1638 1422 1770 1477 miserere

137 1508 317 1565 Nihilominus
336 1516 426 1561 tamen
445 1506 577 1576 primores
594 1506 745 1562 iudeorum
761 1508 795 1563 ah
809 1510 926 1580 inempta
976 1511 1049 1566 mei:
1069 1512 1102 1567 da
1118 1513 1185 1567 milii
1208 1511 1332 1568 ellectum
1355 1514 1493 1582 petitionis
1511 1520 1538 1567 et
1552 1511 1677 1568 desider-ii
1692 1514 1765 1567 mei:

137 1614 190 1653 non
205 1605 342 1653 cessantes
357 1595 478 1666 persidia,
494 1596 635 1667 loquentes
648 1606 712 1653 re'ra
726 1599 848 1668 pecuniis
863 1614 925 1654 eor·
976 1603 1009 1658 da
1027 1605 1109 1674 capiti
1124 1620 1183 1660 meo
1204 1620 1301 1674 aquam
1321 1606 1490 1667 immensam,
1505 1613 1532 1658 et
1546 1603 1631 1658 oeulis
1646 1602 1714 1657 meis
1727 1603 1768 1656 in·

137 1697 282 1761 ruperunt,
306 1697 336 1743 nt
350 1703 411 1744 eum
431 1705 445 1743 a
465 1689 602 1758 discipulis
621 1691 776 1760 subreptum
802 1693 925 1746 securius
976 1691 1056 1748 lende
1068 1709 1160 1748 renim
1173 1695 1274 1749 iontem
1287 1693 1467 1765 lacrymarum
1476 1692 1575 1764 jugiter
1584 1701 1768 1758 emanantem,

135 1786 301 1857 jactitarent.
328 1782 403 1838 lusto
426 1783 527 1853 judicio
548 1791 602 1845 tuo,
627 1783 749 1849 Domine,
775 1793 803 1838 ut
818 1800 924 1840 sacrum
943 1768 1006 1840 But
1027 1801 1076 1856 pro
1096 1785 1252 1841 vulneribus
1267 1786 1363 1841 enimse
1385 1799 1452 1839 mem
1475 1784 1659 1839 indesinenter
1673 1782 1769 1839 diebos

137 1884 253 1930 testatur
264 1873 438 1928 vaticinium:
464 1883 491 1927 et
512 1873 587 1945 prius
610 1873 713 1928 multati
739 1861 803 1929 sont
826 1876 925 1931 intelli·
976 1876 1143 1931 senoctibus
1156 1875 1280 1940 defleam,
1303 1877 1388 1931 donee
1407 1882 1513 1944 tempus
1526 1884 1569 1929 est
1590 1874 1766 1944 acoeptabile,

135 1968 226 2037 gentis
239 1965 389 2029 oculorum,
411 1965 568 2034 auriumque
583 1963 668 2035 selige,
685 1974 712 2019 et
727 1974 836 2036 pastea,
855 1967 926 2023 sicut
970 1952 1061 2021 'donce
1078 1965 1137 2021 dies
1149 1974 1213 2021 sunt
1227 1965 1332 2032 salutis,
1348 1967 1433 2020 donec
1445 1972 1524 2019 vacat
1538 1963 1602 2018 dere
1617 1963 1686 2018 mala
1707 1978 1767 2032 qua

135 2057 278 2123 videmus,
300 2055 411 2128 projecti
433 2064 495 2109 sunt
519 2073 534 2109 a
559 2056 666 2126 propria
689 2057 770 2122 sele,
799 2066 827 2113 et
853 2075 924 2113 nunc
975 2055 1037 2123 teci,
1060 2068 1088 2113 et
1111 2058 1232 2127 quotidie
1255 2057 1344 2123 laei03
1364 2064 1394 2111 ιιι
1410 2056 1636 2127 pcrpcenitentice
1661 2055 1768 2110 labores

133 2153 171 2208 ‹li-
179 2153 266 2222 persi,
293 2149 452 2223 palabundi,
475 2159 502 2204 et
526 2150 587 2204 coeli
612 2149 715 2219 solique
739 2150 779 2204 sui
803 2159 924 2206 extorres
974 2149 1028 2202 rita
1040 2157 1140 2202 aeterna
1154 2147 1279 2216 perimor
1293 2161 1354 2201 enm
1374 2147 1462 2209 bonis,
1475 2153 1503 2199 et
1516 2145 1610 2199 ultima
1624 2145 1765 2214 portione,

135 2250 267 2313 vagantur
278 2258 327 2312 per
338 2243 429 2296 orbem
444 2242 502 2295 sine
516 2240 585 2311 lege,
600 2239 659 2295 sine
674 2256 746 2311 rege,
763 2241 822 2295 sine
834 2255 924 2295 sacer·
973 2239 1068 2295 saltem
1087 2254 1147 2294 cum
1169 2236 1214 2294 illo
1229 2238 1373 2294 venerabili
1396 2238 1516 2302 latrone,
1541 2237 1588 2307 qui
1610 2252 1659 2306 per
1682 2250 1766 2290 enirm

135 2330 208 2396 dote,
220 2338 247 2385 et
257 2331 314 2384 sine
327 2329 470 2385 oblatione.
487 2328 590 2396 Quibus
601 2330 682 2383 ctiam
697 2344 747 2384 nee
758 2329 923 2384 aduenarum
973 2331 1085 2384 uerbum
1100 2328 1212 2384 ellectus
1234 2337 1276 2384 est
1289 2329 1377 2384 haeres
1399 2328 1516 2399 paradisi
1543 2328 1570 2381 in
1594 2328 1652 2397 ipso
1671 2326 1768 2382 mortis

131 2418 193 2490 jure
208 2429 305 2476 ternam
322 2421 437 2490 patriam
453 2420 547 2473 saltem
565 2419 678 2490 uestigio
694 2420 812 2474 salutare
824 2434 922 2475 eonce-
973 2421 1101 2487 articulo,
1125 2429 1234 2492 propter
1256 2428 1330 2475 tuam
1354 2421 1468 2475 multam
1492 2417 1705 2474 misericordiam
1739 2425 1768 2471 et

136 2513 217 2567 litun.
242 2512 338 2567 Merito
354 2512 415 2565 talia
437 2510 586 2581 patiuntur,
604 2511 649 2580 qui
665 2509 808 2565 Dominum
831 2509 923 2579 glorie
973 2510 1132 2567 honitatem.
1690 2516 1692 2521 '

134 2602 219 2658 livore
233 2603 321 2673 potius
337 2599 537 2657 marcinierunt.
562 2601 646 2670 igitur
659 2600 784 2657 Christus
799 2616 861 2657 rere
879 2618 923 2656 re-
1009 2602 1040 2657 V.
1055 2601 1135 2667 Audi,
1151 2617 1211 2672 pre,
1233 2600 1294 2656 audi
1306 2613 1402 2670 preces
1422 2600 1494 2656 serrl
1509 2599 1566 2664 tui,
1589 2597 1765 2654 reminiscere

132 2709 259 2766 surgens,
281 2695 329 2750 sel
353 2710 406 2748 non
431 2694 513 2759 solus,
538 2695 623 2750 noluit
644 2694 724 2766 395
739 2709 768 2750 sc.
786 2695 813 2749 in
827 2694 922 2766 vulgans
972 2691 1176 2747 miserationum
1189 2701 1308 2756 tuarum,
1323 2691 1421 2762 quihus
1432 2690 1592 2745 mirabiliter
1602 2688 1764 2744 subventum

133 2786 259 2851 educere,
276 2784 390 2840 tortasse
410 2801 443 2839 ne
461 2785 537 2854 impii
551 2799 643 2840 errore
657 2784 846 2849 liberarentur,
863 2785 920 2850 sed,
972 2792 1014 2839 est
1036 2784 1154 2838 humano
1176 2783 1268 2853 generi
1292 2796 1341 2853 per
1358 2782 1506 2837 bonitatem
1522 2789 1606 2835 team.
1626 2778 1767 2848 Quomodo

131 2877 204 2948 qnod
218 2875 372 2931 credibilius
385 2883 442 2939 est,
465 2885 495 2928 ut
517 2873 584 2929 tides
599 2889 650 2928 non
666 2873 793 2928 mediocri
810 2873 922 2942 premio
972 2888 1026 2929 non
1049 2874 1157 2939 amasti,
1171 2873 1268 2927 Pastor
1280 2874 1362 2938 lone,
1379 2873 1425 2942 qui
1446 2871 1554 2943 proprio
1567 2870 1637 2925 Filio
1650 2878 1697 2926 tuo
1710 2886 1766 2926 nos

132 2967 267 3023 destinata
282 2962 440 3021 illideultate
453 2972 605 3030 constaret,
628 2979 688 3020 eum
702 2963 839 3033 discipulis
852 2978 920 3034 qua·
971 2964 1125 3035 pepercisti,
1140 2963 1186 3018 sed
1199 2977 1249 3033 pro
1262 2964 1341 3018 nobis
1352 2963 1443 3033 impiis
1455 2977 1516 3018 eom
1528 2962 1681 3018 tradidisti?
1695 2961 1767 3018 Sub·

131 3056 256 3127 draginta
278 3055 335 3110 dies
359 3055 429 3127 egit,
456 3054 568 3109 testibus
590 3054 694 3109 scilicet
715 3054 918 3124 preordinatis,
972 3054 1044 3109 ditus
1055 3054 1100 3109 ille
1110 3055 1160 3109 tibi
1172 3069 1257 3124 usque
1271 3055 1304 3108 ad
1318 3062 1434 3109 mortem
1445 3052 1545 3119 erucis,
1558 3067 1628 3108 onus
1640 3053 1686 3109 ille
1696 3054 1767 3110 inter

130 3145 232 3201 doeens
247 3159 293 3199 cos
312 3159 372 3214 qliae
394 3145 530 3199 docerent.
557 3143 659 3199 Dehinc
673 3143 776 3198 cunetis
791 3142 918 3213 expletis,
934 3115 958 3179 ο
972 3154 1093 3201 mortuos
1105 3146 1191 3210 liber,
1212 3153 1374 3217 potestatem
1392 3144 1495 3200 babens
1507 3143 1624 3215 ponendi
1647 3145 1765 3199 animam

129 3252 224 3297 coram
248 3236 303 3291 suis
328 3236 354 3290 in
379 3242 471 3290 monte
492 3233 654 3290 circumfusa
678 3235 749 3290 nobe
772 3236 799 3289 in
822 3235 921 3291 celum
971 3248 1060 3300 suam,
1073 3243 1101 3290 et
1114 3236 1211 3290 iterum
1226 3235 1348 3290 sumendi
1362 3248 1433 3289 earo.
1452 3233 1505 3288 Pro
1521 3234 1600 3290 nobis
1612 3233 1663 3291 tibi
1677 3235 1765 3291 rictor

129 3325 262 3382 ascendit.
278 3324 361 3393 Quem
375 3326 445 3379 sicut
458 3326 656 3390 ascendentem,
671 3326 707 3379 ita
719 3333 862 3379 venturum
874 3339 921 3380 an-
971 3336 998 3382 et
1011 3326 1136 3391 victima,
1158 3335 1186 3382 et
1208 3327 1268 3382 ideo
1283 3326 1371 3382 vietor
1389 3325 1452 3396 quia
1467 3326 1587 3381 victima.
1613 3325 1667 3381 Pro
1687 3325 1767 3382 eolis

129 3417 217 3487 getica
232 3416 403 3470 attestatione
420 3415 616 3485 prestolamur.
643 3415 700 3471 Duo
714 3416 785 3471 enim
800 3416 920 3485 praedicti
971 3417 1018 3474 tbi
1034 3418 1161 3473 sacerdos
1176 3425 1203 3472 et
1217 3416 1391 3481 sacrilicium,
1406 3426 1435 3471 et
1461 3416 1522 3471 ideo
1544 3417 1680 3482 sacerdos,
1700 3416 1765 3486 quia

131 3517 196 3564 sent
210 3508 359 3561 mirentus:
379 3508 483 3576 primus
496 3508 619 3576 quidem,
639 3507 685 3577 qui
701 3506 757 3576 iam
770 3516 920 3578 expunctus
970 3510 1142 3565 sacrificium.
1157 3509 1252 3564 llerito
1267 3510 1333 3564 milii
1347 3523 1409 3580 spes
1423 3508 1513 3564 valida
1525 3509 1551 3563 in
1565 3509 1612 3563 illo
1624 3517 1676 3575 est,
1692 3510 1766 3579 qood

130 3607 184 3663 est,
197 3583 223 3653 in
236 3597 387 3653 bumilitate
400 3599 562 3654 conditionis
575 3599 713 3665 bumanae;
727 3601 860 3655 secundus
873 3615 918 3655 au·
970 3600 1078 3656 sanabis
1100 3615 1194 3656 ornnes
1209 3600 1353 3672 languores
1368 3615 1443 3656 meos
1461 3616 1510 3672 per
1524 3615 1604 3666 eum,
1628 3601 1674 3670 qui
1690 3601 1767 3658 sedet

129 3699 196 3752 tem,
209 3690 253 3759 qui
265 3689 450 3745 concludendo
461 3687 558 3742 saeculo
573 3688 704 3752 imminet,
716 3689 742 3744 in
756 3688 920 3745 sublimitate
969 3690 1003 3744 ad
1019 3690 1156 3744 dexteram
1179 3697 1273 3754 tuam,
1299 3697 1327 3745 et
1347 3690 1499 3760 interpellat
1526 3704 1576 3760 pro
1597 3692 1685 3746 uoltis.
1716 3693 1767 3747 De-

129 3779 228 3836 divine
241 3781 389 3849 potestatis,
404 3778 511 3849 qnando
527 3778 639 3831 deourso
654 3775 733 3844 bailus
749 3777 836 3831 astatis
850 3785 918 3832 tem·
970 3795 1080 3850 sperare
1103 3780 1195 3847 utiquc
1209 3780 1374 3848 potuissem,
1392 3781 1443 3835 nisi
1464 3781 1583 3835 Verbum
1606 3788 1680 3834 tuurn
1701 3792 1766 3836 caro

129 3885 207 3943 pore,
220 3871 342 3940 jiulicare
355 3871 460 3925 uenerit
475 3870 563 3939 justos
577 3869 605 3922 in
619 3868 701 3922 uitam
715 3876 854 3933 eternam,
869 3867 920 3922 im-
970 3869 1057 3935 deret,
1075 3878 1102 3923 et
1116 3869 1253 3924 babitaret
1266 3869 1293 3922 in
1309 3868 1396 3922 nobis.
1422 3868 1451 3922 si
1473 3868 1558 3931 enim,
1577 3882 1639 3922 enm
1662 3869 1764 3924 inimici

127 3963 191 4035 pios
202 3970 404 4031 etpceeatores,
418 3962 464 4030 qui
481 3960 730 4014 thesaurizaverunt
744 3958 795 4013 sibi
809 3959 877 4012 iram
890 3960 918 4014 in
968 3973 1106 4021 essemus,
1131 3955 1297 4010 reconciliati
1313 3971 1406 4011 sumus
1419 3956 1469 4011 tibi
1493 3971 1542 4026 por
1564 3967 1679 4012 mortem
1703 3957 1764 4014 rua

130 4055 175 4111 die
189 4054 245 4118 ire,
262 4054 288 4106 in
303 4052 461 4121 supplicium
478 4060 625 4115 :eternum
646 4049 782 4104 suscitatis
795 4049 920 4104 omnibus
969 4048 1018 4114 tui,
1033 4056 1135 4118 quanto
1151 4047 1237 4118 magis
1254 4062 1326 4102 nune
1336 4047 1403 4102 salui
1419 4047 1482 4102 laeti
1498 4047 1532 4101 ab
1547 4048 1586 4101 ira
1601 4063 1649 4118 per
1659 4049 1764 4118 ipsum?

130 4142 167 4201 ab
178 4142 254 4196 initio
264 4141 407 4204 destructis,
420 4148 448 4195 et
459 4139 622 4204 reformatis,
636 4147 718 4208 atque
731 4139 873 4195 recensitis
885 4139 919 4194 ad
968 4140 1070 4214 gratias
1084 4139 1132 4193 tihi
1147 4153 1215 4207 ago,
1235 4139 1467 4210 indulgentissime
1488 4139 1583 4204 Pater,
1608 4156 1658 4211 pro
1671 4152 1764 4199 saneta

129 4232 271 4301 utriusque
286 4231 374 4284 meriti
388 4230 604 4298 expunctionem.
969 4230 1163 4294 incarnatione,
1187 4230 1319 4298 passione,
1335 4237 1439 4296 morte,
1463 4231 1677 4295 resurrectione,
1691 4241 1718 4288 et
1736 4232 1763 4289 in

167 4323 210 4378 lv.
225 4323 275 4378 Ubi
288 4339 321 4378 ne
340 4330 448 4392 peecata
463 4337 521 4377 mea
537 4321 636 4385 multa,
660 4324 806 4391 quae'nune
822 4322 917 4389 latent,
969 4321 1066 4376 caelum
1079 4320 1237 4374 ascensione
1248 4319 1353 4374 Domlrd
1365 4319 1627 4377 nostrileanluisti
1639 4322 1698 4377 Filii
1713 4324 1761 4379 tui.

129 4423 279 4485 appareant
302 4429 392 4468 eoram
416 4413 531 4483 angelis,
554 4420 582 4466 et
602 4413 726 4468 omnibus
748 4415 862 4480 sanctis,
884 4416 917 4470 da
968 4408 1102 4463 Deuedico
1118 4422 1214 4462 nomen
1231 4417 1304 4462 tuum
1321 4409 1385 4463 totis
1398 4411 1567 4479 precordiis,
1591 4426 1640 4480 pro
1656 4413 1701 4467 illa
1717 4430 1762 4469 sa·

129 4505 208 4570 ntilii,
224 4505 344 4569 Domine,
360 4519 434 4573 rogo,
457 4504 554 4567 loemn,
574 4503 701 4571 spatium,
717 4511 745 4558 et
759 4501 863 4559 fruetus
879 4505 919 4559 di·
970 4497 1121 4553 cratissima
1136 4498 1275 4568 „nguine
1289 4497 1429 4565 0ff¹¹⁸50¹¹0=
1444 4515 1496 4570 (ιΜ
1511 4514 1605 4556 Sumus
1615 4503 1761 4573 ΓθῐῙθΙΠιῑῙῑ

130 4604 192 4671 gne
209 4597 382 4668 pestilentie.
399 4595 437 4649 Da
452 4610 499 4649 cor
512 4595 657 4649 contritum
680 4603 707 4649 et
728 4594 917 4661 humiliatum3
970 4590 1117 4660 implorans
1131 4590 1291 4645 incllabilem
1303 4592 1453 4646 bonitatem
1475 4601 1558 4658 tuam,
1576 4607 1609 4647 ne
1621 4597 1763 4664 permittas

124 4691 164 4746 -da
178 4692 290 4762 gratiam
307 4689 497 4758 lacrymarum,
511 4685 642 4740 delumeu
655 4685 681 4739 in
694 4687 786 4752 corde,
801 4688 834 4742 da
847 4686 919 4742 uires
970 4697 1020 4735 nos
1036 4682 1155 4752 ingratos
1178 4681 1260 4754 [esse]
1276 4683 1357 4737 tantis
1370 4683 1508 4738 benefieiis
1526 4692 1553 4739 et
1566 4685 1689 4756 mdignos
1706 4696 1761 4744 tam

131 4782 296 4851 incorpore,
316 4789 347 4833 ut
367 4793 426 4847 qtae
449 4775 551 4846 agenda
567 4782 645 4840 suat,
666 4775 782 4841 rideam,
797 4776 872 4830 etad
886 4791 918 4831 ea
934 4770 939 4779 '
970 4772 1062 4827 multis
1086 4773 1313 4828 miserationibus.
1332 4774 1431 4828 Sumus
1445 4775 1517 4829 enim
1533 4777 1570 4830 tul
1592 4779 1682 4847 operis
1698 4794 1763 4851 pars

129 4869 276 4939 implenda,
290 4883 350 4938 qim
362 4865 468 4921 dederis
485 4866 588 4929 ridere,
602 4863 708 4918 fortiter
720 4864 915 4920 convalescam.
970 4878 1023 4919 non
1044 4864 1120 4928 nilis,
1141 4879 1209 4934 quos
1224 4873 1299 4919 tanto
1320 4866 1367 4919 tibi
1389 4865 1491 4935 placuit
1513 4869 1645 4924 redimere
1663 4872 1760 4940 pretio.

129 4963 258 5017 liiscrere
282 4960 344 5023 mei,
367 4958 493 5022 Domine,
509 4957 653 5020 irrisorem,
679 4971 712 5011 ne
737 4956 833 5026 perdas
856 4971 915 5022 me,
969 4956 1035 5024 Quis
1048 4957 1127 5027 digna
1150 4957 1329 5013 admiratione
1344 4966 1487 5028 penetrare
1505 4968 1587 5030 qaicat
1601 4961 1761 5018 immensam

129 5065 232 5122 qtrreso,
248 5065 309 5103 cum
323 5046 461 5118 pcccatis,
484 5046 573 5110 vitiis,
593 5045 679 5115 culpis
698 5054 727 5099 et
749 5043 917 5114 negligentiis
968 5047 1079 5117 pelagas
1093 5046 1164 5100 illius
1183 5047 1280 5100 summi
1301 5048 1426 5112 consilii,
1446 5064 1501 5119 quo
1521 5058 1661 5120 susceptus
1681 5052 1762 5107 lromo

130 5144 208 5198 tucis.
225 5142 262 5195 Da
276 5140 341 5195 mini
354 5149 463 5209 propter
475 5151 572 5190 nomen
585 5145 671 5200 ιιιιιιιι,
687 5145 715 5188 ιιι
727 5135 775 5204 qui
786 5134 918 5203 jestilieas
969 5139 1013 5194 ille
1027 5136 1176 5193 dominicus
1191 5138 1281 5191 unitus
1294 5146 1409 5192 osteum
1425 5138 1498 5202 Deo,
1519 5148 1547 5193 et
1565 5151 1719 5211 assumptus
1733 5142 1761 5196 in

130 5232 245 5301 impios,
268 5239 295 5284 ct
313 5230 435 5284 ririlleas
448 5237 577 5292 mortuos,
593 5235 621 5280 et
641 5225 739 5281 multus
750 5235 916 5295 peccatores,
969 5231 1065 5291 Deum,
1079 5246 1131 5284 non
1153 5228 1310 5284 contusione.
1325 5228 1490 5292 substantias,
1514 5230 1562 5284 sed
1584 5231 1687 5285 unitate
1701 5244 1762 5301 per-

128 5332 159 5378 et
173 5338 226 5376 non
239 5329 320 5385 suitt;
343 5335 417 5391 rogo,
429 5320 462 5373 da
476 5317 589 5387 gratiam
605 5323 689 5381 tuam,
705 5325 734 5372 et
749 5316 861 5371 emenda
876 5319 917 5370 ri·
969 5336 1053 5377 sorice.
1067 5319 1198 5374 llediator
1209 5319 1308 5389 quippe
1320 5318 1368 5373 Dei
1387 5327 1414 5373 et
1426 5320 1565 5374 hominum
1579 5320 1704 5378 Christus
1714 5320 1760 5377 le

131 5422 188 5471 tarn
206 5426 311 5467 miraris:
332 5412 442 5466 meliora
464 5419 539 5464 actus
561 5421 649 5471 meos,
665 5421 795 5475 compone
808 5420 917 5462 mores:
969 5426 1027 5475 sus,
1042 5409 1171 5464 Dortiinus
1185 5417 1287 5472 noster,
1302 5407 1373 5463 Deus
1387 5409 1574 5480 einriipotens,
1589 5426 1761 5482 nequaquam

131 5503 197 5561 trrlle
214 5503 247 5561 de
273 5507 315 5558 nie
337 5503 408 5572 qnod
423 5501 471 5557 tibi
487 5499 619 5569 displicet,
643 5505 672 5552 et
691 5497 758 5551 milii
782 5505 871 5561 nocet,
892 5506 918 5554 ct
970 5502 1100 5557 altercat
1121 5501 1148 5555 iu
1169 5500 1347 5565 humanitate,
1365 5500 1434 5555 alter
1448 5502 1475 5556 iu
1497 5502 1648 5570 diuinitate,
1663 5505 1710 5560 sed
1733 5506 1760 5560 in

132 5593 222 5651 triliue
233 5611 281 5663 pru
294 5594 414 5648 bonitate
427 5601 482 5656 tua,
496 5591 568 5663 quod
579 5587 650 5644 nosti
662 5587 710 5642 tibi
722 5586 828 5657 placete
839 5584 924 5659 posse
970 5602 1085 5664 atraque
1107 5603 1202 5647 uatum
1226 5609 1295 5648 unus
1316 5593 1441 5664 idemque
1465 5595 1535 5651 Deus
1561 5597 1656 5663 boum,
1679 5599 1762 5655 impio

131 5687 237 5745 etmihi
253 5685 389 5759 prodesse.
403 5682 455 5738 iac
470 5696 522 5749 uie,
538 5694 643 5754 precor,
656 5675 782 5744 clemens,
798 5692 846 5750 per
857 5694 918 5754 gra·
970 5683 1050 5742 Deos.
1063 5683 1118 5742 h'ee
1137 5684 1219 5756 igitur
1236 5697 1321 5757 pirrus
1341 5685 1422 5741 boore
1448 5696 1594 5759 conceptos
1622 5697 1679 5760 est,
1708 5705 1761 5749 oea
