3780 6120
140 244 194 302 830
551 244 582 301 Β.
600 244 632 301 F.
647 242 761 302 elatat
776 241 843 299 stltt'
862 238 1001 297 atttlxt
1020 238 1163 297 brenen
1183 238 1272 299 PARS
1289 238 1331 296 tt.
1675 292 1687 311 ,
1728 243 1779 305 010

140 361 254 432 Semper
265 360 328 417 dum
343 359 420 426 tivit,
434 359 537 415 directo
549 367 591 415 cst
603 359 672 415 calle
683 365 802 413 secutus.

140 468 153 496 ι
170 454 255 524 liuius
268 453 322 507 vita
337 452 443 522 quidem
458 450 547 522 qualis
562 451 613 505 init
627 456 691 504 onte
705 445 837 518 magistri,

138 544 218 601 Claro
231 553 290 614 post
304 544 406 599 obitnm
421 543 497 614 signo
509 550 551 598 est
563 539 698 612 patefacta
711 537 814 595 001000.

139 634 223 705 AEger
237 635 309 688 enim
322 633 431 703 qnidam
446 632 535 689 Patris
548 631 611 686 dum
624 629 742 701 cingitur
755 626 819 685 almi

140 723 291 793 Iielliqniis,
304 725 412 794 penitus
423 730 499 793 peste
510 729 552 778 est
564 729 675 777 sanatus
686 720 721 775 ab
733 718 789 774 illa.

175 812 213 870 Te
226 829 333 885 quoque
344 813 433 869 Pierio
446 819 596 884 tangentes,
611 810 737 866 balthere
747 809 773 874 b,
787 807 900 880 plectro,

138 906 171 961 Et
184 907 242 972 tibi,
255 916 358 973 sancte,
372 906 461 961 locum
475 905 574 960 nostris
588 904 615 957 in
627 902 751 959 versibus
764 901 846 955 istum

137 995 218 1067 255
237 996 381 1067 signantes
398 995 525 1065 nettmm,
538 994 646 1065 placida
662 998 793 1048 tumente
808 997 909 1056 teneto,

137 1086 172 1141 Et
190 1099 253 1155 rege
265 1100 338 1140 nunc
349 1093 471 1141 nostram
485 1084 573 1156 pelagi
585 1098 634 1156 per
646 1082 746 1140 cerula
759 1082 884 1154 cymbam

140 1175 203 1230 lnde
216 1184 336 1230 monstra
348 1176 442 1241 trians,
455 1174 611 1246 scopulosas
621 1175 693 1231 inter
705 1182 733 1230 et
746 1174 842 1236 undas,

136 1263 172 1320 tu
185 1266 270 1335 possit
283 1273 391 1336 portum
402 1276 516 1337 portans
529 1267 664 1339 attingere
677 1275 773 1321 tutum.

171 1356 219 1411 Est
234 1357 310 1411 locus
333 1356 440 1413 undoso
451 1356 635 1412 circumdatus
649 1357 767 1426 undique
779 1362 872 1425 perito,

135 1450 259 1522 Rupibus
270 1451 413 1506 horrendis
425 1460 563 1522 praerepto
575 1460 602 1508 et
618 1452 739 1524 margine
753 1458 854 1521 septus,

134 1544 164 1600 ln
178 1560 232 1613 quo
245 1543 408 1615 bellipotens
422 1552 533 1599 terreno
547 1545 575 1600 in
589 1559 704 1614 corpore
716 1543 794 1599 vitiles

134 1634 239 1708 Saepius
249 1637 337 1691 aerias
350 1635 477 1692 vincebat
490 1635 616 1690 Baltbere
631 1644 745 1699 turmas,

134 1728 200 1795 Quae
211 1728 262 1783 sibi
276 1727 444 1783 multimodis
455 1727 600 1783 variabant
612 1726 681 1783 bella
698 1726 800 1797 liguris.

133 1818 183 1886 Qui
199 1825 289 1872 tamen
301 1817 452 1887 intrepidus
463 1818 571 1874 bestilia
583 1824 672 1874 castra
687 1816 783 1882 relisit,

134 1907 197 1963 Tela
211 1908 402 1980 rnalignumm,
419 1924 528 1980 semper
541 1909 631 1965 emeis
644 1923 720 1963 artua
734 1909 829 1966 beatus

131 1997 247 2068 Belliger
264 2013 412 2069 opponens,
428 1999 533 2069 galeam
551 2006 712 2069 scutumque
724 1997 797 2054 lidei.

132 2090 181 2144 l'ir
193 2091 254 2161 pius
269 2090 314 2145 ille
331 2091 441 2162 quidem
453 2091 572 2162 quodam
586 2091 651 2146 dum
664 2098 787 2160 tempore
798 2089 871 2145 solus

129 2182 255 2238 Incubuit
266 2184 404 2255 precibus,
415 2185 550 2241 meditans
563 2184 686 2241 eoelestia
700 2191 805 2239 tantum
820 2202 827 2238 ε

131 2271 293 2330 lion-ibilem
306 2276 396 2332 subito
409 2277 551 2346 strepitum
566 2274 646 2331 simul
661 2281 742 2345 atque
752 2273 889 2344 fragorem

128 2367 249 2434 Audiuit,
266 2367 349 2424 ueluti
371 2369 444 2442 nvlgi
463 2369 631 2442 emmpentis
656 2368 685 2423 in
702 2368 803 2425 hostes.

130 2456 206 2513 Turre
215 2458 306 2513 anima
320 2475 353 2515 ex
367 2461 474 2530 superis
494 2458 633 2529 eujusdam
648 2458 766 2514 nubibus
779 2457 840 2528 ejus

128 2546 199 2602 Ante
208 2548 291 2618 pedes
302 2549 412 2617 cecidit,
430 2548 516 2604 nimio
529 2547 687 2603 tremelacta
699 2549 797 2603 timore
810 2565 817 2613 ;

945 359 970 418 Α
984 355 1072 411 Altius
1082 355 1217 428 attgelieas
1226 357 1288 415 eoeli
1301 371 1384 427 super
1395 364 1469 415 astra
1482 373 1531 430 per
1544 359 1633 417 ulnas.

983 447 1036 502 Par
1050 462 1158 518 qnoque
1165 448 1222 519 jam
1234 449 1320 505 veteri
1336 450 1634 522 sgnumqneaqmbtte
1645 453 1731 525 sigen

982 537 1083 595 110000
1098 538 1179 595 Petra
1192 539 1237 610 pio
1248 539 1332 611 gessit
1343 539 1485 597 clementia
1501 541 1613 599 Christi.

981 628 1049 685 Nam
1066 629 1140 686 velut
1155 645 1297 701 aequoreas
1307 630 1404 689 Petrus
1419 632 1574 690 calcaverat
1585 636 1689 703 00000,

982 718 1027 776 Sic
1041 721 1105 777 huic
1121 721 1212 777 evenit
1225 739 1233 789 ;
1251 723 1377 794 gradiens
1390 739 1453 781 nam
1466 731 1591 797 tempore
1604 728 1729 799 quedam

980 809 1065 881 llupis
1082 812 1110 866 in
1122 810 1235 867 excelse
1244 822 1380 884 prerupto
1394 815 1527 887 margine,
1540 832 1607 874 casu

979 900 1109 973 Contigit,
1121 909 1150 956 nt
1161 903 1271 959 caderet
1283 920 1291 960 :
1307 905 1355 960 sed
1368 903 1495 964 ductibus
1507 908 1552 965 ille
1563 909 1685 969 marinis

980 991 1121 1057 Sullultue,
1134 993 1258 1064 graditur
1270 994 1351 1051 siccis
1364 1012 1446 1068 super
1460 1014 1571 1069 aequora
1583 1000 1698 1071 plantis.

978 1084 1013 1139 tn
1025 1100 1076 1139 cen
1088 1101 1152 1143 rura
1169 1086 1218 1143 soli
1229 1097 1374 1158 premeret,
1387 1091 1428 1146 sic
1441 1092 1562 1149 ambulat
1575 1095 1679 1151 undis:

977 1172 1037 1227 lem
1050 1174 1103 1230 nisi
1118 1176 1190 1246 quod
1202 1177 1287 1235 levius
1297 1189 1455 1251 susceperat
1467 1183 1539 1239 unda
1558 1194 1701 1251 ruentem,

977 1264 1063 1331 Quam
1074 1265 1096 1320 si
1109 1266 1176 1325 dura
1189 1268 1279 1325 virtum
1291 1271 1461 1341 accepissent
1470 1290 1535 1331 arva
1552 1278 1712 1335 cadenteru.

978 1356 1047 1411 lium
1059 1358 1123 1423 mit,
1138 1359 1209 1414 0000
1221 1357 1291 1426 tluit,
1302 1376 1383 1419 casus
1395 1377 1430 1419 ne
1442 1363 1551 1421 laederet
1567 1366 1659 1425 illum.

977 1445 1120 1504 Gressibus
1133 1465 1197 1507 arva
1210 1459 1330 1519 manent,
1342 1451 1419 1509 illurn
1431 1468 1465 1509 ne
1477 1466 1613 1528 mergeret
1627 1473 1729 1531 aeqtrnn

974 1540 1102 1601 Ambulat
1114 1557 1179 1614 ergo
1193 1542 1263 1601 ireto
1277 1543 1375 1611 solido,
1387 1560 1437 1602 ceu
1451 1548 1560 1605 tramite
1574 1557 1685 1618 terrae,¹

976 1631 1067 1688 Donec
1080 1632 1113 1687 ad
1126 1633 1289 1703 undivagam
1299 1645 1459 1705 pervenerat
1473 1637 1530 1707 ipse
1543 1641 1671 1697 00010000
1687 1661 1694 1697 :

939 1697 1063 1790 Bonam
1078 1739 1140 1781 mon
1153 1727 1276 1784 aseendit
1289 1741 1387 1784 securo
1402 1727 1469 1784 ealle
1480 1730 1618 1800 pedester.

976 1811 1034 1869 Non
1050 1813 1077 1869 in
1091 1822 1166 1871 veste
1178 1815 1276 1885 liquor,
1291 1832 1345 1875 non
1357 1818 1445 1875 soccis
1458 1820 1576 1877 0000000
1589 1822 1700 1881 humer.

975 1901 1052 1969 Quod
1066 1912 1163 1960 natura
1177 1914 1268 1977 negat,
1282 1907 1334 1963 boe
1347 1908 1394 1965 dat
1407 1916 1451 1965 tua
1465 1911 1587 1979 dextera,
1602 1911 1724 1981 Christe,

976 1992 1054 2049 Unda
1066 2002 1114 2050 tuo
1123 1994 1201 2064 jussu
1215 1996 1302 2067 pelagi
1316 1998 1347 2053 ttt
1359 1998 1562 2070 perviajustis:

975 2084 1058 2143 Terra
1071 2087 1119 2143 sed
1129 2103 1145 2144 e
1157 2097 1254 2145 eontra
1266 2089 1365 2147 vindex
1375 2090 1406 2147 iit
1420 2108 1520 2164 gurges
1530 2094 1645 2167 iniquis.

966 2174 1074 2234 ausen
1091 2178 1142 2234 ista
1156 2179 1283 2249 bumiles,
1302 2182 1366 2238 dum
1379 2183 1490 2240 devorat
1502 2185 1550 2242 illa
1564 2188 1712 2258 superbos,

972 2264 1051 2322 Nune
1063 2275 1089 2324 tc
1099 2269 1146 2325 sed
1159 2270 1276 2340 petimus
1288 2272 1386 2343 devoti,
1403 2274 1531 2331 Baltbere
1545 2287 1656 2344 sancte,

973 2356 1008 2413 Ut
1019 2357 1088 2413 sicut
1101 2359 1170 2415 0000
1185 2370 1262 2418 tuum
1276 2363 1405 2434 portabat
1422 2365 1457 2422 ab
1470 2382 1581 2438 equore
1593 2385 1708 2443 eorptvs,

973 2445 1010 2501 Tc
1023 2462 1118 2502 sanum
1132 2450 1242 2520 penitus
1256 2453 1391 2513 revebens
1405 2455 1441 2513 ad
1457 2457 1552 2515 littora
1565 2468 1656 2517 ueta:

972 2534 1018 2592 Sic
1029 2539 1156 2609 precibus
1168 2550 1277 2600 uestras
1293 2544 1399 2602 animas
1410 2547 1526 2605 evadere
1539 2548 1643 2609 ductus

128 2638 215 2706 Quam
235 2655 297 2696 mox
311 2640 389 2695 turba
402 2641 495 2696 minax
509 2640 612 2711 ingenti
626 2640 741 2696 borrore
759 2648 852 2696 secuta
867 2647 921 2710 est,
971 2626 1119 2686 0100031108
1138 2629 1232 2701 sicia»
1247 2643 1410 2708 memllil’
1423 2639 1527 2697 imme
1540 2641 1654 2701 “lubic

128 2727 195 2784 Cum
207 2730 291 2785 variis
306 2731 432 2785 miseram
449 2731 538 2801 poenis
550 2739 679 2802 torquere
690 2731 826 2788 volentum
841 2750 849 2786 ε

127 2817 164 2872 bt
172 2817 253 2874 Pater
267 2818 311 2874 ille
320 2820 382 2890 pius
394 2820 508 2891 placidis
521 2821 690 2893 amplexibus
704 2821 777 2878 illam

124 2908 247 2982 Arripuit
262 2912 376 2983 gremio,
392 2915 538 2986 statimque
552 2914 664 2987 inquirit
677 2917 711 2972 ab
721 2915 778 2984 ille,

970 2716 1075 2774 claruit
1087 2719 1131 2779 bis
1140 2722 1223 2780 etiam
1237 2727 1400 2785 venerabilis
1413 2730 1487 2788 aena
1500 2743 1512 2773 ⁸
1523 2732 1623 2793 diebus

968 2809 1141 2870 Anaelroreta
1154 2832 1242 2887 sacer,
1252 2821 1337 2877 eremi
1347 2833 1452 2880 secreta
1468 2835 1589 2895 secema,

969 2903 1105 2964 Terrenus
1119 2906 1225 2983 lugiens
1235 2910 1293 2984 jam
1302 2929 1417 2987 corpere
1430 2925 1523 2975 castos
1536 2920 1670 2991 10000000

125 3000 282 3070 00000001,
301 3002 480 3078 curlugeret,
504 3004 608 3063 laceret
629 3005 670 3064 vel
683 3022 743 3079 quse
760 3008 853 3064 malai
869 3005 918 3065 cot
970 2994 1008 3052 Ui
1022 3012 1085 3054 cum
1099 2998 1231 3071 ῐθῧθθθθ
1245 3001 1370 3063 000051θῦ
1384 3013 1477 3076 0005ει
1491 3008 1604 3067 habere.
1650 3041 1658 3049 ·

124 3183 272 3254 Respondit
286 3199 294 3240 ε
312 3202 321 3239 r
339 3185 434 3243 Levita
447 3186 495 3255 lui,
508 3190 556 3246 sed
568 3197 659 3246 mente
671 3191 788 3262 maligna
807 3101 884 3176 [²⁰⁰0

123 3274 253 3330 Feminea
268 3277 406 3347 amplexus
420 3280 545 3337 manibus
560 3296 621 3339 sum
636 3292 747 3353 pectora
762 3292 879 3351 tantum,

122 3361 158 3416 Et
172 3363 279 3433 culpem
289 3368 384 3421 erubui
396 3368 490 3424 vivens
503 3371 530 3425 in
547 3386 630 3429 carne
643 3373 732 3430 lateri.

123 3450 201 3506 Nurrc
216 3452 317 3509 idcirco
336 3456 386 3512 ieri
402 3457 478 3515 duris
491 3461 648 3521 incursibus
661 3467 753 3524 hostes

123 3540 175 3596 Per
188 3543 299 3613 triginta
310 3545 367 3602 dies
381 3562 469 3604 meme
483 3559 609 3622 torquere
619 3566 778 3626 sequuntur.

122 3630 179 3686 lieo
191 3642 298 3703 captata
310 3634 359 3705 lui,
374 3639 421 3695 sed
439 3656 490 3697 nee
506 3657 603 3701 secum
616 3651 744 3705 remansi.
763 3672 773 3705 0

124 3720 199 3778 Το00
213 3726 331 3781 100001)οῑ
343 3742 406 3783 eum
417 3729 538 3790 clamans
550 3750 584 3792 ex
599 3738 723 3796 hostibus
735 3758 823 3799 unus·

125 3833 136 3867 r
153 3815 212 3871 lion
226 3819 307 3874 bodie
321 3820 444 3894 elingies,
458 3842 508 3883 nce
520 3829 543 3885 si
557 3832 676 3888 tenearis
690 3834 718 3891 in
730 3835 802 3893 ulnis

121 3906 206 3973 Petri,
220 3912 267 3967 sed
281 3914 393 3970 meritas
406 3918 527 3987 patieris,
541 3923 670 3992 pessime,
685 3942 790 3996 peenas.
810 3950 820 3983 t

121 4000 239 4059 Sanctus
253 4004 408 4064 atiraseens
418 4007 490 4066 Petri
504 4014 626 4070 mnvicia
639 4026 761 4090 pmpter,

120 4094 184 4152 liae
195 4097 233 4151 ait
248 4115 255 4150 ε
273 4115 283 4148 r
300 4098 371 4155 Ecce
381 4101 471 4157 minor
481 4105 588 4162 meritis
606 4123 666 4164 snm
677 4112 782 4169 centies
792 4113 838 4169 ilio

119 4187 245 4262 Principe
256 4192 424 4262 apostolico;
440 4195 487 4251 000
501 4196 534 4252 de
547 4199 649 4269 pictate
660 4201 793 4261 Tonantis

120 4279 276 4349 Conddens,
289 4282 351 4340 dieo
367 4286 425 4354 tibi,
438 4293 501 4343 trux
515 4296 544 4343 et
560 4306 631 4348 saeve
644 4300 771 4364 tyranne,

119 4371 179 4429 Non
192 4373 272 4430 bodie
290 4375 411 4446 portabis
424 4392 485 4433 eam
499 4380 551 4434 sub
562 4388 664 4438 tartara
676 4392 775 4442 tecum.
793 4407 803 4440 i

120 4461 196 4520 'lunc
209 4464 271 4535 pius
287 4466 457 4523 interventor
467 4468 549 4526 enno
558 4475 748 4541 prosternitur,
761 4484 841 4547 atque
926 4432 954 4494 D

120 4553 325 4628 Cumiacrymis
340 4558 455 4615 liernim
466 4573 516 4630 pro
528 4561 607 4632 culpa
622 4563 754 4634 supplicat
764 4566 819 4622 ille.

119 4643 175 4705 tue
187 4648 263 4718 prius
276 4646 320 4704 ille
333 4665 428 4720 preces
443 4652 550 4709 desistit
562 4652 676 4711 lundene
687 4671 793 4726 sacres,

119 4736 206 4805 Quam
216 4741 333 4812 propriis
346 4743 464 4798 animam
477 4742 544 4801 lerri
558 4744 672 4802 vidisset
685 4748 778 4804 ocellis

155 4874 233 4931 Vere.
254 4875 333 4931 1500.

155 5049 170 5079 ⁸
188 5037 287 5095 llalvill.
302 5039 320 5126 1.
334 5042 380 5126 eit.
395 5058 458 5170 pap.
472 5046 532 5103 100.

154 5107 169 5149 b
185 5107 318 5168 Cunetvlsr
329 5112 421 5171 Lmdrs

969 3084 1129 3158 angelicam
1141 3089 1222 3150 terris
1231 3092 1316 3148 vitam
1328 3093 1442 3155 devotus
1451 3099 1567 3169 agendo,

970 3175 1053 3233 llulta
1070 3181 1221 3252 prophetali
1234 3184 1360 3254 predixit
1373 3196 1463 3245 mente
1475 3189 1577 3249 lutura.

968 3267 1008 3326 lle
1019 3285 1073 3341 quo
1086 3271 1165 3343 plura
1178 3282 1252 3330 vetat
1264 3278 1372 3333 narrari
1387 3278 1464 3337 llusa
1476 3296 1624 3343 recurrem

969 3357 1103 3418 Carminis
1116 3363 1150 3418 00
1164 3363 1255 3433 linem,
1270 3367 1432 3439 propriique
1442 3370 1477 3425 00
1491 3380 1570 3442 gesta
1584 3374 1732 3445 magistri3

1003 3473 1053 3541 Qui
1066 3484 1128 3545 post
1141 3476 1306 3548 Eegbertem
1320 3482 1485 3539 venerandae
1497 3485 1617 3559 insignia
1629 3490 1706 3547 00010

968 3560 1103 3634 Suscepit,
1120 3566 1228 3636 sapiens
1240 3566 1407 3626 AElbertus‘¹
1423 3575 1534 3632 nomine
1544 3576 1645 3635 dictus.

966 3650 1114 3709 virbonus
1128 3663 1156 3711 et
1177 3656 1276 3727 justus,
1303 3659 1406 3732 largus,
1423 3663 1496 3734 pins,
1511 3673 1596 3738 atque
1608 3669 1760 3743 benignam

966 3741 1111 3799 Catholicae
1124 3745 1188 3802 ssdei
1201 3747 1301 3816 iaumr,
1315 3760 1478 3824 pmeepter,
1489 3764 1617 3824 amaron

966 3833 1094 3891 Ecclesia
1106 3845 1206 3906 rector,
1218 3839 1324 3908 doctor,
1339 3841 1477 3912 00100000,
1487 3846 1629 3917 alumnas,

965 3924 1080 3984 iustitiae
1097 3929 1194 3997 cultor,
1210 3930 1276 4003 legis
1288 3933 1364 4002 tube,
1380 3951 1472 4009 praee
1484 3940 1595 4011 salutis,

966 4016 1033 4087 Spes
1044 4020 1166 4091 inopum,
1183 4024 1366 4096 orphanisque
1388 4037 1475 4100 pater,
1490 4033 1597 4093 solator
1619 4046 1753 4107 egentem

964 4108 1039 4166 'lrux
1050 4112 1153 4182 rigidis,
1169 4112 1337 4187 blandusque
1355 4118 1445 4186 bonis,
1465 4122 1758 4198 durusqnesaperb‘u:

964 4200 1055 4259 Fortis
1066 4204 1093 4259 in
1112 4205 1243 4274 adversis,
1258 4210 1369 4266 nuntiis
1383 4210 1434 4267 livit
1447 4213 1531 4285 inque
1544 4218 1686 4277 00000000

964 4291 1053 4350 ilente
1065 4310 1159 4366 sagax,
1175 4312 1230 4355 non
1241 4314 1289 4356 ore
1300 4300 1398 4372 loquar
1413 4320 1420 4357 :
1436 4304 1484 4360 000
1496 4314 1629 4364 strenuas
1642 4316 1717 4366 acta.

964 4381 1012 4437 Cui
1024 4394 1154 4454 quantum
1170 4389 1258 4443 erevit
1268 4391 1398 4447 cumulati
1415 4395 1521 4452 culmen
1536 4397 1662 4466 bonoria,

965 4470 1081 4528 Tantum
1094 4477 1279 4534 menehumili
1297 4494 1357 4537 sese
1368 4483 1470 4552 pietate
1477 4485 1597 4558 subegit.

964 4560 1002 4619 Ile
1016 4578 1070 4634 quo
1087 4565 1213 4623 versillae
1227 4569 1308 4639 paulo
1317 4571 1377 4641 plns
1394 4587 1508 4643 pergere
1520 4591 1619 4647 000000

963 4652 1104 4710 Euburicae
1116 4671 1222 4712 meeum
1237 4658 1319 4715 libeat
1331 4662 1390 4729 tibi,
1403 4678 1505 4733 quaeso,
1517 4664 1662 4735 iuventus.

964 4743 1014 4800 llic
1026 4747 1090 4817 quia
1100 4762 1171 4817 saepe
1183 4757 1243 4805 tuos
1256 4750 1372 4821 perindit
1384 4762 1493 4810 nectare
1505 4771 1614 4824 sensus,

1541 4887 1623 4946 t‘ers.
1643 4891 1712 4949 ttts

961 5054 1099 5112 translatae
1110 5072 1173 5113 0000.
1187 5075 1225 5116 n.
1239 5059 1310 5132 Lege
1322 5061 1480 5119 Bollandum
1492 5066 1527 5122 ad
1535 5066 1611 5123 diem
1624 5068 1644 5125 0
1657 5069 1750 5129 iderti.

433 5118 581 5175 amensise
601 5121 684 5193 iscopi
695 5138 766 5180 anno
776 5140 832 5183 arn
842 5141 911 5198 pon·
960 5127 1007 5183 nbi
1027 5127 1096 5183 situs
1109 5130 1266 5185 monasterii
1282 5146 1331 5188 sen
1342 5132 1427 5189 eremi
1442 5133 1471 5190 S.
1484 5134 1607 5195 Baltlrerl
1624 5140 1751 5197 insonte

109 5177 252 5247 ·tiilcatus;
268 5184 343 5254 regni
358 5199 423 5242 vero
439 5186 566 5245 100000οι1
580 5134 823 5252 Konnnmnmmm
837 5198 910 5270 regis
960 5197 1110 5268 reponitur.
1127 5198 1242 5256 Mantua.

119 5263 166 5304 xx.
186 5268 197 5302 r
218 5248 268 5306 Vir
282 5252 386 5311 Domini
400 5265 428 5314 et
440 5259 582 5341 presbyter
595 5261 752 5331 lieltherus,
768 5267 910 5337 quiritem
997 5278 1009 5307 ⁰
1031 5268 1069 5323 be
1081 5268 1133 5324 isto
1149 5267 1224 5325 ecte
1237 5272 1399 5330 anachoreta
1412 5276 1481 5333 nibil
1495 5278 1560 5337 alibi
1576 5281 1753 5354 reperirept·

118 5319 336 5380 anochoreticam
347 5325 375 5381 in
388 5326 563 5400 Tinmgabam
577 5330 701 5400 duxerat,
715 5335 786 5390 viam
799 5346 909 5395 sancto-
960 5336 1009 5393 tui.
1028 5338 1142 5395 Manita.

119 5402 179 5443 nrm
195 5389 306 5449 Patmm
318 5395 456 5479 ingressus
470 5409 522 5467 est,
535 5401 677 5473 migrando
691 5404 725 5461 00
736 5420 799 5461 enm
814 5409 859 5478 qui
880 5424 910 5466 se
995 5407 1010 5448 d
1031 5407 1168 5464 AEibertus
1185 5411 1320 5483 0000000010
1346 5417 1478 5472 acmessit
1491 5433 1564 5475 anuo
1576 5420 1654 5490 70ος
1668 5423 1753 5480 llore-

120 5457 278 5539 reformavit
295 5466 329 5521 ad
347 5469 490 5541 imaginem
506 5470 553 5527 11111
567 5473 625 5540 eui,
639 5475 725 5543 pridie
738 5474 828 5533 Nonas
840 5477 911 5534 1100-
961 5478 1013 5535 den
1026 5478 1122 5533 tnnet.
1150 5489 1219 5550 part.
1246 5482 1342 5551 priori,
1371 5500 1432 5570 pag.
1447 5487 1510 5547 000.
1536 5488 1640 5548 blabill.
1658 5491 1752 5551 Anasi

45 5558 51 5565 -
119 5533 182 5594 trae,
200 5550 210 5583 0
227 5532 314 5602 inquit
328 5536 463 5609 Turgotus
484 5541 511 5595 in
529 5541 611 5598 Libro
625 5544 658 5600 de
676 5545 797 5603 Ecclesia
812 5549 911 5605 00001-
959 5545 1022 5602 libr.
1036 5565 1111 5614 xavv,
1125 5565 1200 5606 uum.
1214 5551 1245 5606 11
1261 5559 1289 5608 ct
1303 5555 1348 5623 10,
1363 5557 1430 5613 obiit
1443 5573 1515 5617 auno
1533 5559 1596 5619 700.
1610 5562 1751 5621 idemiibr.

120 5600 222 5680 mensi,
243 5607 748 5700 0000100000000’10600110νο000.
763 5616 908 5674 Colitnrin
959 5631 1115 5706 ragnum.
1133 5620 1174 5676 11.
1192 5620 1258 5679 i'ide
1280 5624 1361 5683 etiam
1378 5626 1514 5686 Aliortum
1529 5631 1565 5688 ad
1579 5648 1685 5709 000000
1704 5630 1753 5688 iii

117 5664 209 5723 Fastis
224 5671 406 5736 Bertedmtnns
419 5678 462 5736 dre
474 5679 505 5734 ar
522 5680 586 5736 lior.
608 5684 737 5750 liequtnoe
748 5687 909 5747 liunelmum
960 5698 987 5745 et
1004 5689 1060 5744 rbi.
