3780 6120
165 255 215 312 dli
570 255 600 311 B.
620 255 652 310 F.
671 254 784 310 ALllllVl
804 252 870 308 SEU
890 250 1028 306 ALCUlNl
1055 252 1198 309 desudet
1217 253 1306 309 rsus
1322 254 1368 311 td.
1738 249 1794 305 bib

165 374 235 428 ritiir
255 371 306 427 sibi
324 386 373 442 per
391 371 553 427 calumniam
575 371 700 440 imputari
719 371 791 439 quod
806 370 872 423 aluos
887 366 957 422 filios
971 369 1072 428 Adam
1093 384 1154 424 esse
1176 368 1343 425 decerneret.
1367 370 1434 425 Vide
1456 375 1534 424 notas
1554 366 1585 422 b.
1608 365 1738 423 hemaidl
1760 368 1797 423 de

166 444 288 507 dicei·et;
304 458 336 497 es
351 458 405 511 qua
420 443 528 511 quidem
543 441 651 510 querela
666 439 790 503 insertur,
806 440 833 493 iii
848 453 952 509 pugna,
1007 438 1176 494 Moutlaucoii
1197 439 1317 508 epistole
1333 439 1418 494 saneti
1434 437 1573 494 Adianasii
1588 439 1622 492 ad
1635 436 1701 491 Adel
1719 436 1796 495 liium

167 513 212 567 illa
226 521 319 567 contra
334 513 457 566 Eniiomii
471 522 499 565 et
511 511 674 579 Apollinaris
686 511 850 564 assertiones
863 522 955 576 susce-
1004 511 1159 580 praemissas
1174 510 1239 562 tomi
1255 509 1265 562 l
1279 509 1396 579 Operum
1410 517 1480 579 part.
1497 525 1533 570 tn,
1549 507 1596 561 lol.
1613 506 1675 561 tlte.
1714 522 1747 561 oc
1760 523 1796 564 ex

166 592 211 652 pta
228 583 291 636 talia
307 583 448 638 Theodoro
461 581 609 645 excidisse,
624 595 656 634 eii
671 581 768 649 quibus
787 580 855 636 deos
875 578 956 631 abeo
1004 594 1098 634 errore
1122 578 1167 633 alii
1184 594 1327 633 emanasse
1346 579 1481 642 viilcntiir,
1502 593 1570 647 qnos
1587 577 1752 632 Athanasius
1767 579 1800 633 in

167 653 238 707 lilios
252 652 335 706 luisse
347 654 477 707 admissos
489 650 546 719 jain
560 660 616 703 turn
631 649 713 718 aliqui
727 649 892 720 colligerent.
908 647 957 701 De
1005 650 1084 720 epist.
1096 650 1131 703 ad
1141 648 1292 717 Epictetum
1305 658 1426 703 recenset
1439 665 1466 702 n.
1479 648 1513 712 ἓ,
1526 646 1617 714 illique
1632 647 1658 700 in
1671 661 1703 701 eo
1715 647 1798 717 positi

166 738 240 777 mein
253 725 323 777 etde
336 723 459 777 Nestorio
472 738 504 776 ex
518 720 629 775 historia
643 717 816 773 nnanilestum
830 716 956 786 estquod
1005 726 1084 774 erant
1098 718 1169 788 quod
1183 734 1281 800 eorpus
1293 735 1325 774 ex
1340 718 1423 772 llaria
1436 718 1555 798 genitam
1571 715 1649 771 Verbi
1661 715 1800 773 divinitati

168 794 200 846 ad
229 808 369 848 excessum
393 808 478 861 usque
503 799 598 845 contra
621 788 737 843 Ariaiios
762 787 954 847 decertaverit,
1006 789 1042 844 sit
1056 786 1284 845 consubstantiale
1299 806 1306 842 ε
1321 788 1393 857 qaod
1408 788 1525 843 Verbum
1542 802 1569 840 iii
1589 800 1718 852 earnem,
1732 800 1801 843 osse

164 861 275 932 iainque
289 879 370 933 supra
383 879 415 918 ex
427 859 550 930 epistolis
561 860 619 929 ejus
632 858 755 927 quaedam
772 858 956 920 recitavimus,
1005 867 1033 914 et
1046 858 1157 927 capillos
1170 865 1198 911 et
1211 858 1239 912 iii
1253 865 1338 912 toturn
1353 873 1387 913 ce
1419 873 1450 911 us
1464 857 1499 911 sit
1512 863 1660 921 miimtum,
1676 863 1703 911 et
1717 872 1733 912 a
1748 872 1801 914 aa·

167 933 312 1002 exquibus
326 940 400 1003 patet
416 932 467 985 hoc
478 928 847 985 eontraAriaiioscertamen
863 941 957 982 ansam
1006 936 1068 983 tura
1087 944 1134 982 sua
1153 928 1316 994 desciverit;
1336 943 1389 997 quo
1429 927 1547 982 Verbum
1569 941 1623 981 non
1641 941 1675 982 cx
1693 925 1800 995 diaria,

168 1004 252 1058 errori
267 1002 301 1055 de
313 1002 410 1072 duplici
426 1001 497 1063 silio,
512 999 598 1053 altero
613 998 716 1053 scilicet
726 998 855 1057 naturali,
871 997 957 1052 altero
1007 999 1054 1052 sed
1066 1011 1099 1052 ex
1112 1013 1160 1052 sua
1174 999 1257 1068 ipsius
1270 998 1418 1053 substantia
1431 995 1557 1066 passibile
1569 995 1620 1051 sibi
1632 1011 1731 1069 eorpus
1741 995 1803 1053 ior-

168 1071 293 1140 adoptivo
308 1072 463 1141 praebuisse.
479 1068 666 1151 apertissimis
679 1068 769 1122 verbis
793 1069 819 1122 id
841 1069 958 1122 habetur
1006 1069 1136 1133 uiaverit;
1150 1069 1221 1138 quod
1234 1068 1292 1139 ipsa
1307 1069 1395 1122 deitas
1409 1067 1481 1120 Patri
1495 1067 1733 1123 consubstantialis
1743 1067 1803 1123 cir-

167 1140 194 1193 in
207 1139 437 1210 epistolaloannis
447 1139 607 1193 Antioclieni
617 1179 624 1204 ,
635 1147 661 1192 et
673 1138 850 1208 quorumdam
863 1137 958 1192 Orien·
1008 1138 1142 1202 ciimcisa,
1158 1139 1285 1205 crucique
1301 1136 1380 1191 allisa
1395 1136 1490 1195 luerit.
1508 1142 1560 1190 etc.
1579 1135 1657 1191 lland
1668 1138 1801 1208 equidem

166 1210 275 1272 tallunii,
290 1211 337 1280 qui
348 1209 607 1278 constanstinopolim
629 1209 702 1264 missi
720 1208 842 1270 inierant,
856 1210 890 1262 ad
904 1206 959 1259 llu-
1008 1206 1123 1262 dixerim
1142 1208 1267 1262 absurdis
1285 1208 1359 1263 hisce
1372 1205 1544 1276 opinionibus
1557 1207 1645 1277 ipsum
1658 1206 1802 1279 Apollina-

166 1277 223 1333 liim
245 1280 441 1342 'lbessalonic.,
456 1287 520 1333 tom
537 1280 569 1334 lV
584 1278 668 1333 Cone.
692 1278 791 1340 llaiisi,
806 1277 857 1332 col.
873 1276 956 1339 ttt5,
1008 1292 1065 1331 rem
1088 1277 1253 1342 adhesisse3
1276 1279 1340 1346 quiri
1362 1276 1528 1333 eontrarium
1549 1291 1583 1330 ox
1604 1276 1673 1332 libro
1692 1276 1802 1333 Leontii

166 1350 211 1404 ubi
225 1351 262 1404 ita
272 1359 366 1405 contra
377 1350 506 1422 Cyrillnin
515 1348 727 1404 Alexandrinum
739 1357 956 1416 conqueruntur:
1008 1343 1149 1417 Byzantlni
1161 1356 1226 1401 tom.
1240 1349 1249 1402 l
1264 1347 1338 1402 Lect.
1349 1347 1439 1402 Canis.
1452 1345 1517 1401 edit.
1529 1346 1662 1415 basnage,
1674 1345 1721 1402 lol.
1734 1346 1790 1403 600

169 1420 235 1474 iAd
250 1421 306 1474 liare
326 1435 373 1474 eos
395 1428 553 1474 exsecratur
574 1420 618 1489 qui
642 1418 811 1499 evangelicas
832 1416 960 1486 apostoli·
1008 1416 1154 1486 colligitur,
1167 1418 1211 1471 ubi
1228 1418 1250 1472 is
1263 1417 1441 1489 fragmentum
1454 1416 1574 1486 epistole
1586 1415 1752 1488 Apollinaris
1765 1388 1802 1475 ad

166 1503 266 1558 casque
280 1506 359 1545 voces
372 1489 405 1543 dc
417 1490 526 1545 Christo
538 1488 650 1543 lloiinino
663 1488 846 1559 distinguunt,
861 1496 890 1541 ιιι
909 1488 959 1541 hu·
1009 1485 1184 1557 Serapionem
1203 1487 1245 1541 his
1267 1488 1356 1542 verbis
1374 1486 1476 1542 refert:
1495 1504 1504 1536 i
1521 1484 1620 1541 Eorum
1642 1495 1732 1542 autem
1752 1489 1801 1559 qui

166 1561 244 1615 miles
254 1560 362 1641 quidem
374 1559 408 1613 ad
420 1560 614 1613 humanitatem
624 1600 632 1621 ,
644 1558 750 1613 diiinms
762 1573 825 1612 vero
838 1556 872 1610 ad
882 1554 959 1611 Chri·
1008 1555 1101 1612 dicunt
1112 1572 1221 1613 carnem
1236 1557 1291 1612 [leo
1304 1556 1578 1620 consubstantialem,
1592 1571 1717 1627 magnam
1729 1561 1802 1614 insa·

166 1631 202 1684 sti
217 1630 386 1684 divinitatem
399 1628 527 1684 reserant.
543 1627 620 1695 Quod
633 1628 726 1682 Ariani
747 1637 774 1682 et
796 1625 958 1681 Eiiooniiiaui
1008 1626 1081 1680 niam
1099 1628 1296 1682 damnavimus.
1316 1627 1405 1681 iltcm
1427 1625 1607 1696 hagineutum
1628 1642 1661 1682 ex
1685 1627 1801 1698 epistola

166 1700 330 1762 sentientes,
346 1699 446 1754 hunnile
482 1715 515 1754 ue
530 1699 737 1768 dispensationis
751 1712 830 1751 roccs
843 1697 876 1750 ad
891 1695 956 1750 divi·
970 1711 995 1772 Β
1008 1693 1128 1763 ejusdem
1146 1697 1180 1752 ad
1199 1696 1356 1767 Dionysium
1371 1716 1377 1750 :
1394 1715 1403 1747 ι
1420 1697 1497 1765 Quod
1515 1704 1605 1753 autem
1624 1712 1703 1753 nemo
1721 1698 1803 1755 nobis

165 1771 277 1824 nitatem
292 1770 456 1833 rescientes,
493 1783 556 1823 eum
572 1769 688 1823 Verbum
704 1776 857 1822 ereaturam
873 1774 900 1820 et
914 1765 956 1819 la·
1010 1767 1067 1822 haec
1077 1769 1194 1837 objicere
1205 1775 1309 1836 potest,
1321 1783 1380 1837 quar
1391 1776 1484 1821 contra
1497 1765 1709 1837 qiiosdanndicta
1719 1776 1801 1835 suut,

165 1849 290 1904 cturaio,
304 1839 469 1909 alteriusque
483 1838 655 1903 substantiae,
669 1847 698 1893 et
711 1838 786 1893 Patri
799 1836 959 1905 inaequalem
1009 1837 1181 1892 manifestum
1200 1847 1242 1891 est
1260 1854 1293 1893 ex
1312 1838 1361 1903 iis,
1375 1854 1434 1907 quar
1446 1852 1554 1907 semper
1565 1837 1740 1907 scripsimus,
1754 1855 1802 1895 ne·

166 1924 227 1965 esse
242 1909 376 1964 allirmare
390 1924 443 1963 non
457 1909 623 1964 dubitarunt.
640 1928 649 1960 ι

200 2009 293 2075 xiid.
310 2020 590 2091 Ampliorproprestus
611 2017 813 2073 Nestorionismi
828 2034 860 2073 ea
875 2019 960 2091 irripu-

165 2091 289 2160 qnotione
302 2090 509 2160 Apollinarismi.
522 2118 559 2129 -
570 2088 721 2158 Ampliores
735 2098 825 2143 tamen
838 2102 961 2169 progres-

165 2175 212 2215 siis
228 2161 271 2214 hic
285 2175 364 2214 error
378 2160 493 2230 sumpsit
514 2172 547 2212 ex
569 2174 658 2229 pugna
681 2167 776 2213 contra
797 2157 960 2228 Apollinari·

166 2239 237 2292 stas,
253 2244 317 2294 seu,
331 2231 375 2298 qui
391 2245 424 2284 ex
441 2231 537 2285 horum
553 2229 613 2283 sinu
628 2229 769 2299 prodiere,
786 2227 960 2300 Syriusiastas

165 2309 299 2370 suscepta.
313 2300 410 2355 luirato
419 2300 476 2370 jam
490 2300 652 2363 notavimus,
665 2299 738 2368 ipsos
751 2299 832 2353 etiam
845 2298 960 2351 Arianos

166 2370 199 2424 ad
212 2385 274 2425 euin
288 2384 407 2425 errorem
422 2370 544 2424 deviasse
558 2384 611 2438 quo
625 2378 775 2424 statuerant
787 2368 906 2422 Verbum
920 2367 960 2421 di·

165 2439 257 2494 vinum
274 2439 299 2493 in
315 2440 422 2495 homine
437 2448 576 2508 assumpto
588 2439 684 2493 animae
700 2438 759 2493 loco
779 2437 877 2499 luisse,
892 2437 960 2491 adeo

166 2516 196 2562 int
238 2509 325 2573 assio,
350 2524 424 2564 riiors
446 2518 603 2576 ceteraque
626 2508 799 2563 infirmitates
822 2510 848 2561 iii
871 2509 959 2577 ipsum

166 2524 284 2634 Verssum
307 2578 474 2644 reciderent,
491 2578 609 2648 illudque
631 2593 664 2632 en
687 2578 861 2646 consequenti
883 2591 960 2631 crea·

165 2657 242 2710 tura,
260 2663 313 2701 non
328 2649 397 2703 benis
411 2649 553 2704 dicendum
567 2655 648 2705 esset.
663 2646 722 2702 Ado
742 2649 809 2702 tavit
828 2649 900 2701 hune
914 2659 959 2698 er-

166 2733 256 2772 rorem
280 2726 372 2786 postea
398 2717 577 2801 Apollinaris,
601 2733 654 2772 non
668 2665 775 2786 qiiinfem
791 2716 959 2772 divinitatem

168 2788 247 2842 Verlii
262 2803 323 2841 cuin
336 2787 445 2843 Ariaiins
458 2803 567 2858 negans,
581 2802 732 2858 peiniegans
746 2797 837 2843 tamen
850 2786 959 2842 Christo
1009 2815 1037 2870 in
1049 2832 1175 2882 famem,
1193 2833 1271 2883 ossa,
1285 2819 1409 2890 capillos,
1432 2834 1528 2874 nervos
1546 2830 1573 2875 e,
1591 2821 1619 2874 jn
1635 2827 1722 2877 mmm
1743 2837 1802 2877 W·

1008 2901 1059 3011 Etis
1077 2886 1160 2942 luisse
1177 2903 1337 2944 coniversiim
1357 2889 1530 2955 asserebant,
1544 2905 1596 2960 qna
1608 2890 1718 2960 quidem
1731 2891 1759 2947 iti
1773 2906 1803 2948 re

166 2857 299 2921 aoiiiiam,
325 2865 372 2912 aut
395 2867 513 2914 mentem
537 2859 633 2913 saltem
659 2860 805 2913 humanam
828 2855 957 2919 ailliiisse,

166 2934 343 2998 statuensque
357 2943 418 2982 eum
435 2929 500 3000 (liei
516 2928 619 2983 scilicet
633 2928 747 2993 Filium,
764 2943 812 2984 scii
826 2925 956 2995 Verbum)

165 2997 252 3052 instar
271 3000 364 3070 organi
386 2999 603 3054 circumferentia
624 3000 745 3068 corporis
759 3013 837 3053 insum
853 2996 956 3063 luisse;

166 3069 265 3193 quippje
285 3069 344 3123 lieri
367 3071 419 3123 ndo
435 3071 555 3153 potuisse
570 3078 597 3123 ut
613 3070 694 3124 homo
708 3068 844 3138 perlectus
858 3069 960 3122 existe-

166 3147 221 3193 ret.
258 3139 283 3192 bi
297 3140 368 3193 enim
383 3141 517 3209 perlectus
531 3141 621 3202 homo,
635 3139 671 3194 ibi
685 3149 713 3193 et
724 3148 880 3210 peecatum,
894 3139 960 3192 duo·

165 3224 218 3276 que
231 3208 349 3278 perlecta
365 3211 390 3263 iii
406 3226 487 3263 iiiiuiii
502 3210 613 3264 coiidari
627 3225 679 3264 non
709 3225 783 3272 osse,
799 3217 852 3263 etc.
874 3207 960 3262 Atha-

166 3279 259 3333 nasius
269 3279 316 3333 lib.
329 3295 338 3333 i
350 3280 383 3335 de
395 3280 502 3334 lncarn.
516 3289 609 3333 contra
623 3225 782 3348 Apolflnar„
795 3294 823 3332 ιι.
834 3279 861 3332 2.
879 3277 960 3331 Erro-

165 3362 224 3401 rem
247 3349 318 3401 hinne
340 3349 463 3403 hausisse
482 3350 602 3404 creditur
615 3348 779 3418 Apollinaris
792 3363 825 3402 eni
839 3347 959 3418 philon-

165 3417 237 3539 gulnio}
261 3416 403 3471 Platonicae
429 3418 566 3482 lontibus,
591 3427 660 3472 teste
683 3418 808 3472 Neinesio
832 3419 959 3488 episcopo

179 3501 300 3552 ⁴mesano
322 3487 399 3540 initio
421 3487 483 3542 libri
505 3488 537 3541 de
559 3486 660 3541 licinia
675 3488 811 3542 hominis:
828 3487 957 3556 «Aliqui,

166 3557 270 3625 lnquit,
288 3556 313 3609 in
329 3557 427 3625 quibus
441 3566 483 3612 est
496 3557 630 3620 Plotinns,
647 3558 719 3612 aliud
740 3572 800 3611 esse
820 3558 958 3623 animum,

165 3626 239 3680 aliud
253 3627 336 3681 intelli
356 3627 455 3682 entiam
471 3636 637 3691 statuentes,
661 3642 695 3682 eii
715 3629 801 3682 tribus
820 3628 959 3682 hominem

165 3705 291 3752 constare
305 3643 410 3760 rofam,
426 3713 554 3769 corpore,
568 3701 669 3763 animo,
686 3697 870 3767 iintelligeiitia.
887 3698 960 3764 Quos

164 3768 249 3821 etiam
260 3766 442 3838 Apollinarius
452 3777 561 3824 secutos
573 3779 629 3830 est,
644 3769 783 3824 Laodiceae
795 3768 937 3839 episeopus
951 3786 957 3821 :

166 3853 230 3891 nam
242 3837 293 3892 boc
305 3839 439 3909 opinionis
451 3854 505 3893 suae
514 3838 589 3907 jacto
601 3839 786 3904 fundamento,
797 3838 898 3907 reliqua
911 3854 959 3894 sino

167 3907 285 3978 dogmati
311 3910 504 3964 conuenienter
528 3911 654 3965 astruxit.
675 3929 683 3961 i
702 3909 780 3964 Tom.
807 3909 863 3965 Vlll
889 3909 957 3963 llild.

166 3975 241 4032 Patr.
260 3979 362 4049 bugd,
380 3979 425 4034 lol.
441 3981 504 4035 dte.
525 3980 627 4036 Praeter
646 3979 702 4048 jam
723 3978 959 4048 assignatas.talia

165 4048 303 4102 asserendi
328 4050 460 4109 rationes,
486 4065 546 4104 nem
567 4067 582 4105 e
604 4053 676 4121 quod
697 4050 860 4121 Apollinaris
881 4049 959 4104 Chri·

165 4125 238 4171 stum
253 4127 365 4186 peccato
379 4120 528 4188 subjectum
543 4068 611 4184 fere,
626 4129 674 4175 ant
686 4122 713 4174 in
728 4123 794 4176 ditos
807 4121 877 4174 illios
892 4119 959 4173 divi-

166 4186 284 4240 dendum
301 4189 424 4251 timeret,
439 4190 461 4243 sl
476 4200 566 4243 mente
580 4192 696 4245 humana
711 4192 839 4258 qimiiditus
854 4192 959 4244 dicere-

166 4263 220 4319 tur,
235 4257 304 4310 alias
320 4258 429 4327 insuper
443 4257 525 4313 luisse
540 4276 592 4313 non
608 4263 657 4315 alis
677 4260 852 4315 lunilaiiieinto
866 4258 958 4327 conie-

165 4332 298 4378 cturatur.
321 4326 430 4391 Ariani,
444 4330 550 4382 etiarnsi
562 4330 679 4384 Verbum
691 4345 748 4383 rein
768 4341 886 4384 croadam
898 4344 958 4384 csse

1009 1921 1062 1975 que
1081 1923 1191 1961 caruero
1209 1907 1359 1962 Salinatoris
1376 1924 1392 1962 e
1407 1908 1477 1962 coelo
1494 1922 1571 1972 esse,
1583 1922 1671 1976 neque
1688 1922 1802 1965 carnem

1009 1977 1128 2047 ejusdcm
1141 1978 1297 2032 sulistiinitiie
1309 1993 1368 2032 csse
1379 1993 1440 2032 euin
1451 1977 1517 2041 Deo,
1529 1985 1661 2048 quatenus
1672 1986 1715 2033 est
1723 1993 1803 2045 caro,

1010 2056 1037 2102 et
1055 2062 1108 2101 iioii
1127 2045 1216 2111 lleus;
1231 2047 1303 2102 Deus
1320 2055 1426 2114 autem,
1444 2055 1576 2170 (gislenus
1589 2048 1663 2103 unita
1675 2056 1718 2104 cst
1729 2049 1803 2105 divt-

1010 2116 1087 2170 nitati
1107 2117 1134 2171 iii
1153 2132 1234 2172 iniiam
1255 2133 1408 2189 personam.
1427 2138 1435 2170 i
1475 2118 1576 2187 tpaulo
1590 2118 1658 2173 inira
1674 2135 1683 2172 ε
1700 2138 1709 2171 ι
1724 2118 1803 2175 Ana·

1009 2186 1101 2241 thema
1123 2187 1204 2258 igitur
1223 2188 1258 2244 sit
1274 2189 1320 2258 qiii
1340 2204 1392 2243 non
1412 2188 1477 2243 dicit
1488 2204 1599 2243 carnem
1611 2203 1645 2244 ex
1658 2186 1761 2257 liaris,
1774 2196 1803 2245 et

1010 2257 1055 2344 qai
1074 2257 1154 2321 dicit,
1174 2274 1233 2312 eam
1250 2274 1360 2313 carnem
1376 2274 1437 2313 esse
1455 2266 1557 2313 nature
1575 2272 1629 2313 non
1646 2266 1762 2325 creatae,
1774 2269 1804 2315 et

1010 2330 1143 2398 ομοούσιον
1162 2328 1234 2393 llco,
1261 2329 1316 2383 imo
1337 2338 1365 2384 et
1384 2329 1430 2395 iqui
1452 2329 1535 2393 dicit,
1554 2328 1724 2385 diuinitatem
1740 2344 1803 2387 esse

1009 2396 1162 2467 patibilem,
1184 2407 1212 2452 et
1230 2413 1264 2452 cii
1284 2399 1341 2480 ipsa
1363 2414 1423 2454 esse
1433 2399 1574 2468 passiones
1588 2397 1694 2454 anlmae.
1709 2400 1803 2457 ilnte-

1010 2466 1072 2531 ιίιιι,
1088 2468 1138 2521 etsi
1152 2467 1315 2538 Apollinaris
1330 2469 1386 2538 ipse
1400 2485 1415 2522 a
1428 2469 1564 2538 perversis
1576 2470 1650 2524 hisce
1667 2469 1804 2542 dogmati·

1009 2535 1059 2591 bus
1072 2537 1174 2592 alienus
1186 2537 1281 2602 luerit,
1296 2554 1330 2593 cr
1344 2539 1428 2609 ipsius
1441 2546 1530 2593 tannen
1543 2538 1636 2594 schola
1647 2552 1742 2595 eomm
1755 2556 1801 2597 as·

1009 2615 1127 2662 sei-tores
1138 2608 1309 2677 prodierant,
1321 2610 1423 2678 hosque
1435 2609 1506 2663 inter
1517 2608 1613 2664 lamosi
1624 2610 1712 2682 magis
1722 2619 1802 2666 erant

1010 2676 1029 2730 ii
1042 2679 1088 2747 qui
1101 2692 1210 2732 carnem
1224 2678 1324 2733 Christi
1338 2676 1427 2735 Verbo
1438 2678 1698 2737 consubstantialem
1710 2680 1804 2737 delen·

1011 2746 1123 2811 debant,
1132 2747 1197 2802 dicti
1206 2756 1349 2819 propterea
1360 2760 1556 2816 ιυιουσιασται,
1568 2756 1615 2804 anit
1624 2751 1670 2820 qiii
1682 2750 1802 2807 Verbum

1022 2956 1125 3028 'iitychi
1149 2959 1329 3082 praeludentes
1347 2959 1547 3014 distinctionem
1567 2969 1728 3030 naturarum
1744 2960 1802 3032 jam

971 3055 996 3121 c
1011 3036 1070 3081 tuni
1087 3028 1113 3082 in
1126 3027 1147 3083 C
1158 3029 1236 3083 iristo
1250 3029 1427 3085 sustulerant.

1045 3138 1116 3194 lllll.
1137 3139 1339 3210 Apollinarium
1363 3138 1432 3194 niele
1454 3141 1563 3210 qnidam
1585 3143 1754 3211 impugnant.
1767 3170 1804 3187 -
1833 3194 1837 3201 ,

1009 3208 1182 3264 lnisnrrexere
1201 3218 1293 3264 contra
1312 3211 1394 3265 hosce
1413 3225 1519 3265 errores
1538 3210 1630 3280 plures
1644 3226 1679 3266 ex
1697 3211 1801 3268 sanetis

1009 3279 1145 3343 Patribus,
1158 3281 1214 3333 etsi
1225 3281 1285 3348 quis
1298 3280 1376 3337 alius.
1390 3289 1464 3336 certe
1475 3289 1584 3334 sanctus
1594 3279 1761 3336 Athanasius
1774 3283 1803 3339 in

1010 3350 1122 3432 epistola
1142 3350 1176 3403 ad
1195 3350 1345 3419 Epictetum
1363 3350 1485 3405 Corinthi
1505 3367 1519 3402 e
1539 3351 1660 3419 iseopum
1674 3364 1724 3406 eos
1736 3352 1803 3407 soll·

1009 3420 1128 3475 dissiiuis
1145 3422 1310 3487 argumentis
1327 3421 1486 3475 confutavit.
1529 3435 1593 3475 uere
1608 3428 1700 3475 tamen
1714 3422 1804 3478 denuo

1009 3490 1072 3558 qui,
1088 3490 1146 3543 zelo
1163 3491 1251 3543 minius
1266 3491 1391 3557 prudenti
1407 3492 1434 3544 in
1449 3505 1566 3560 pugnam
1579 3491 1709 3554 excitati,
1723 3507 1802 3559 cuin,

1008 3569 1089 3628 proiit
1107 3575 1140 3613 en
1158 3568 1251 3614 sancto
1268 3560 1367 3631 cyrillo
1386 3576 1419 3615 ac
1436 3560 1549 3615 Leontio
1564 3561 1716 3631 bysantino
1732 3577 1805 3634 saepe

1009 3631 1196 3693 meminimus,
1221 3630 1420 3699 scripturarum
1443 3646 1524 3686 voces
1547 3640 1642 3686 eontra
1663 3636 1804 3689 semend-

1010 3720 1090 3760 crac.
1112 3717 1164 3753 non
1181 3703 1247 3755 saitis
1271 3710 1397 3757 acenirate
1412 3702 1580 3762 dividerent,
1596 3701 1623 3755 iii
1639 3701 1804 3758 divisionem

1009 3783 1186 3838 personnarum
1206 3772 1279 3824 luero
1298 3772 1378 3841 lapsi,
1394 3786 1426 3824 ac
1443 3773 1468 3825 ln
1489 3773 1578 3840 specie
1592 3771 1667 3825 illurn
1682 3772 1717 3826 de
1735 3773 1806 3828 Filio

1010 3841 1137 3909 adoptivo
1150 3842 1236 3909 quoad
1252 3841 1445 3895 lininiaiiitatem
1460 3857 1582 3896 errorein
1597 3841 1648 3896 sihi
1662 3843 1805 3913 proprium

1009 3908 1141 3965 lecerunt.
1167 3910 1276 3965 Notavit
1293 3911 1390 3978 idjam
1410 3922 1521 3967 sanctus
1536 3912 1701 3967 Athanasius
1780 3914 1803 3983 1

1010 3980 1038 4033 in
1057 3981 1168 4050 epistola
1188 3983 1302 4050 priiiunm
1322 3983 1418 4042 citata,
1434 3983 1479 4035 ubi
1500 3992 1642 4052 postquam
1665 3983 1726 4053 Apo
1746 3984 1805 4039 inti-

1010 4051 1138 4105 cistarum
1151 4066 1258 4105 errores
1271 4053 1421 4114 recensuit,
1434 4053 1470 4105 ita
1484 4053 1571 4123 pergit
1583 4068 1611 4106 n.
1624 4051 1658 4114 2,
1668 4052 1718 4106 lol.
1732 4053 1808 4109 Ab&

1013 4138 1022 4170 i
1034 4121 1092 4187 Qno
1104 4129 1183 4191 pacto
1196 4121 1246 4174 viri
1261 4122 1307 4188 qui
1320 4122 1445 4176 iliciiiunir
1455 4121 1599 4176 Christiani
1611 4123 1653 4176 vel
1664 4123 1805 4194 ambigere

1010 4191 1068 4244 ausi
1088 4200 1166 4250 siniit,
1182 4193 1251 4245 sitne
1265 4191 1408 4255 lloininus,
1425 4193 1471 4261 qiii
1491 4208 1523 4245 ex
1544 4192 1625 4246 llaria
1643 4201 1804 4260 natusest,

1010 4262 1160 4315 substantia
1177 4270 1204 4315 et
1224 4270 1320 4315 natura
1335 4278 1382 4315 sua
1399 4263 1483 4316 Filius
1497 4263 1560 4326 liei,
1575 4263 1724 4318 seeundum
1740 4278 1803 4317 ear·

1011 4347 1072 4385 neiii
1088 4347 1152 4385 vero
1165 4346 1198 4384 ei
1213 4332 1315 4385 semiue
1331 4333 1429 4395 linirid,
1444 4341 1471 4385 ct
1484 4348 1517 4386 ex
1537 4347 1619 4387 carine
1630 4342 1734 4389 sanctae
1747 4333 1804 4388 lia-

166 4393 279 4461 sellent,
296 4397 359 4450 illiul
376 4392 548 4452 nihilominus
571 4400 740 4463 adoraliant;
764 4401 836 4454 itnrle
858 4401 957 4469 passim
974 4410 999 4472 1)
1011 4400 1057 4455 rias
1068 4401 1164 4455 ortiisl
1175 4400 1289 4468 Quinam
1301 4417 1364 4456 vero
1377 4417 1409 4456 ea
1423 4403 1575 4457 teineritate
1588 4401 1712 4468 luerttnt,
1725 4403 1806 4458 indt·
1820 4422 1826 4427 ·

166 4463 220 4520 illis
233 4469 378 4536 exprobrat
390 4468 556 4524 Athanasius
569 4469 641 4537 qiiod
656 4485 712 4523 rein
728 4479 846 4523 crearem
861 4485 876 4522 a
888 4471 958 4523 lora·

166 4544 227 4590 rent
239 4537 318 4607 eiquo
331 4540 473 4593 servirent.
490 4538 608 4605 Quaestio
623 4547 712 4593 anterii
735 4540 847 4592 ulterior
868 4554 958 4595 iiioie-

165 4605 256 4667 hatur,
271 4623 305 4662 aii
325 4610 405 4662 etiam
421 4610 540 4664 Vectium
562 4611 699 4665 hominem
720 4609 820 4662 lactum
844 4609 958 4663 adorare

167 4675 279 4742 liceret;
295 4685 322 4732 et
336 4689 409 4734 recte
428 4679 454 4733 id
476 4695 505 4735 se
525 4680 614 4735 lacere
629 4680 831 4734 arbitrabantur
847 4678 956 4744 Ariani,

165 4761 199 4800 eo
219 4748 306 4816 quod,
323 4758 351 4802 iit
367 4765 435 4803 iane
457 4753 605 4820 putabant,
621 4751 718 4805 anime
737 4749 825 4804 locmn
841 4749 957 4804 Verbum

166 4816 254 4886 ipsum
266 4819 410 4882 obtineret,
425 4836 485 4874 cum
497 4830 616 4875 econtra
627 4821 765 4876 Christum
779 4828 808 4874 ut
822 4820 958 4875 hominem

166 4886 334 4943 adorandum
348 4904 408 4944 esse
422 4900 567 4955 inegaieiit,
584 4892 624 4956 si,
639 4899 741 4945 niteret
762 4891 956 4945 catholicorum

165 4959 314 5020 sentenitia,
331 4960 466 5028 perlectos
480 4962 560 5015 homo
580 4972 669 5026 csset;
686 4969 766 5029 atque
788 4961 824 5014 iti
847 4961 958 5032 intelligi

165 5026 246 5083 debet
259 5029 329 5099 quod
352 5031 379 5083 iii
394 5030 472 5154 ‘'ss‘'
486 5032 519 5084 atl
533 5030 710 5100 Aelelphlum,
724 5048 752 5084 ιι.
768 5030 795 5096 7,
817 5032 855 5085 ait
875 5031 958 5084 Atha·

165 5098 273 5158 nasins,
289 5099 392 5155 scilicet
430 5101 520 5155 rianos
533 5100 675 5154 Doniiniim
690 5103 717 5154 in
733 5116 815 5155 carine
829 5109 958 5169 tanquam

166 5165 192 5219 iri
215 5169 315 5235 templo
336 5171 496 5225 existentem
519 5172 633 5226 adorare
655 5171 735 5226 nolle.
750 5172 914 5245 Apollinaris
928 5179 958 5224 ut

165 5234 349 5294 dildcultatem
366 5243 399 5295 ah
413 5241 521 5295 Arianis
536 5251 654 5303 motam,
669 5241 702 5294 ad
716 5241 884 5295 solummodo
898 5254 959 5309 spe·

165 5304 285 5361 cieteniis
302 5311 380 5366 talein
394 5313 524 5376 evitaret,
539 5328 571 5367 ae
586 5313 672 5382 ipsum
688 5315 768 5365 eliani
782 5311 883 5368 Christi
897 5327 958 5365 eor-

164 5386 216 5441 pus
239 5377 404 5435 adorandum
426 5398 484 5437 essc
508 5399 556 5453 pro
576 5392 651 5446 aret,
674 5382 772 5436 rationi
794 5382 957 5436 Asianorum

165 5451 277 5526 camdus
288 5464 427 5506 assensum
440 5454 568 5521 praeliuit,
585 5462 717 5524 quatenus
729 5453 847 5508 Verbum
861 5451 958 5505 animae

164 5526 239 5569 sices
252 5519 388 5585 supplesse
399 5529 566 5588 statuerant,
580 5526 665 5587 adeo,
679 5531 709 5577 iit
721 5538 752 5577 cx
766 5522 855 5576 Verbo
867 5522 958 5575 cliviiio

96 5609 99 5615 ·
164 5591 194 5636 ct
206 5593 301 5638 natura
318 5589 433 5643 humana
448 5591 604 5659 imperfecta
617 5610 701 5663 ιιιιιιιιι
715 5593 864 5662 perlectum
880 5592 956 5659 quasi

165 5653 327 5721 catillatum,
343 5658 446 5727 hocque
460 5660 487 5713 iii
502 5673 636 5718 statuaria
652 5663 826 5729 adoratione,
843 5662 956 5717 adorari-

1010 4480 1111 4532 cereat,
1127 4473 1275 4535 Clivistiim,
1290 4473 1335 4540 qui
1348 4488 1429 4526 earnic
1441 4488 1537 4540 passus
1550 4479 1577 4526 et
1590 4471 1738 4529 crucifixus
1748 4481 1803 4537 est,

1009 4556 1061 4595 non
1075 4556 1135 4595 esse
1147 4541 1288 4595 [laurinum
1302 4552 1329 4596 et
1339 4541 1522 4607 Salvatorein,
1535 4558 1567 4597 ac
1578 4543 1676 4607 lleuim
1690 4542 1805 4598 Filiam·

1009 4626 1061 4680 que
1073 4611 1177 4665 llatris?
1188 4610 1242 4666 Aut
1252 4611 1387 4681 quomodo
1399 4612 1544 4668 Christiani
1558 4614 1652 4668 volunt
1662 4629 1805 4684 nuncapa-

1009 4680 1047 4745 ri,
1061 4682 1104 4749 qui
1116 4682 1208 4735 dieunt
1219 4683 1245 4735 iii
1256 4690 1380 4736 sanctum
1393 4684 1528 4737 hominem
1538 4724 1545 4747 ,
1557 4684 1669 4753 perinde
1680 4691 1765 4752 atque
1775 4683 1804 4739 iii

1008 4767 1091 4804 uniiiu
1104 4768 1137 4805 ein
1151 4753 1302 4822 prophetis,
1316 4754 1424 4806 senisse
1437 4754 1570 4817 Verbum,
1585 4768 1636 4808 nec
1650 4753 1739 4824 ipsum
1755 4754 1805 4810 he·

1008 4822 1108 4875 nihii-ni
1124 4820 1384 4885 lantoniensem
1401 4823 1483 4877 daria
1503 4838 1602 4893 coipns
1621 4825 1801 4885 assumendo,

1009 4892 1056 4945 sed
1079 4892 1160 4945 alium
1180 4907 1244 4951 esse
1267 4891 1416 4956 Christum,
1443 4901 1471 4947 ct
1494 4893 1576 4947 alium
1600 4892 1648 4948 Dei
1663 4893 1804 4958 Verbum,

1009 4964 1080 5030 quod
1094 4970 1156 5016 ante
1171 4961 1282 5017 blaviam
1297 4972 1323 5017 et
1338 4971 1400 5018 ante
1414 4963 1512 5019 sarcula
1523 4961 1607 5018 Filius
1621 4971 1681 5018 erat
1693 4963 1805 5021 Patris?

1008 5032 1063 5086 Aut
1080 5048 1143 5101 qua,
1159 5047 1260 5100 quaiso,
1283 5033 1387 5088 ratione
1406 5034 1554 5089 Christiani
1575 5033 1686 5098 sinerint,
1703 5034 1751 5104 qui
1764 5035 1806 5090 di-

1009 5109 1074 5156 ciint
1095 5102 1177 5156 aliuiii
1199 5118 1259 5157 csse
1282 5102 1393 5167 Filium,
1416 5114 1444 5158 ct
1463 5104 1544 5158 aliam
1565 5103 1613 5158 bet
1636 5104 1801 5160 Verhnmln

1009 5171 1086 5240 Quod
1102 5188 1166 5227 vero
1183 5174 1346 5228 assertiones
1363 5174 1422 5229 istie
1437 5182 1528 5229 ortum
1546 5189 1580 5230 ex
1597 5175 1806 5257 impugnatione

1008 5244 1130 5324 priorum
1145 5245 1292 5308 traxerint,
1306 5244 1448 5299 nnanileste
1468 5245 1602 5315 colligitur
1620 5261 1654 5299 es
1664 5247 1727 5312 iis,
1742 5261 1805 5317 qtite

1009 5314 1163 5367 immediate
1176 5330 1203 5366 ni.
1219 5315 1235 5368 ὅ
1249 5314 1386 5385 sulijungit
1396 5315 1577 5371 Athanasius:
1589 5333 1598 5365 i
1612 5313 1677 5370 llaec
1688 5316 1717 5372 in
1728 5332 1804 5373 eom-

1009 5383 1148 5437 ninenenriis
1170 5391 1263 5449 erant,
1285 5385 1340 5449 ait,
1361 5384 1475 5439 dirersis
1495 5385 1604 5455 quidem
1624 5387 1733 5452 verbis,
1756 5386 1805 5442 sed

1008 5452 1106 5520 quibas
1120 5467 1173 5508 ima
1193 5454 1341 5524 eademque
1362 5455 1495 5511 sententia
1516 5455 1611 5525 risque
1631 5454 1804 5526 impietatem

1008 5531 1133 5592 spectans
1155 5523 1251 5577 inerat.
1274 5523 1389 5595 Propter
1413 5525 1457 5579 illa
1477 5533 1571 5580 mutuo
1595 5525 1802 5596 disceptabant.

1008 5594 1265 5715 effundebantque,
1279 5596 1324 5663 qui
1338 5596 1371 5651 de
1383 5594 1551 5650 conless'none
1564 5594 1676 5651 Petrum
1691 5596 1801 5654 Nicoma

1009 5671 1166 5734 glutiantur.
1185 5683 1193 5714 ι
