3780 6120
174 278 224 336 roo
327 332 331 339 ,
593 267 623 325 o.
644 266 675 322 r.
695 266 809 323 sanim
830 263 1053 323 sanctourm
1072 224 1385 321 oosnuumasr‘n.
1755 259 1811 321 son

169 404 268 463 raymns
280 385 415 459 presbiter
424 384 503 456 longe
517 381 608 446 aliter,
621 392 704 450 quam
719 375 871 441 messoris,
885 373 964 431 intel-
976 379 1001 438 Α
1015 373 1202 431 sicathumani
1213 373 1322 446 generis
1328 387 1411 428 causa
1422 372 1561 441 poscebat,
1575 371 1603 425 in
1623 369 1710 426 beate
1721 372 1810 445 Virgi-

170 484 216 557 iigi
230 481 326 545 soluit,
342 488 371 535 ot
384 480 411 535 in
425 477 585 549 praescripto
599 471 658 542 rjus
667 468 881 534 Commentario,
892 467 963 523 unde
1013 471 1057 527 nis
1070 478 1149 525 utero
1164 466 1504 538 Verbumcaroioctumest,
1519 464 1813 524 necllcumillumsine

168 575 319 646 panloaote
332 570 472 642 posuimus
483 564 649 627 testimonia,
661 556 901 630 ragamundum
911 573 963 624 me,
1013 561 1076 625 hoc,
1097 557 1169 630 quod
1189 558 1338 622 homnem,
1360 569 1410 610 nec
1429 554 1567 609 bominem
1586 554 1645 609 sine
1664 554 1718 609 hoc
1730 554 1814 612 liceat

171 667 271 737 inquit,
295 667 440 733 interrogor
462 661 494 715 de
519 657 606 713 bono?
633 671 702 710 aaut
729 661 767 707 est
788 652 872 705 bonas
893 647 965 702 Deua
1014 651 1145 723 cogimre,
1159 649 1232 719 qnod
1244 649 1316 704 Deus
1329 655 1380 703 est.
1397 645 1522 702 Ostendit
1532 643 1575 717 [S.
1592 643 1654 710 beo,
1670 645 1812 720 exprimit]

172 760 280 831 (llottlr.
295 773 352 821 rra,
367 756 409 820 i'l;
423 753 487 807 Luc.
502 767 581 815 avrti,
593 748 648 818 lu).
665 746 733 815 Quia
747 744 966 816 magistrnmvo-
1015 743 1124 816 quidem
1150 740 1201 797 sub
1229 739 1365 795 distinctis
1387 737 1540 792 actionibus
1562 736 1706 792 veritatem
1735 752 1814 793 suam

170 861 282 907 caverat
293 851 402 912 bonurn,
415 854 443 902 et
456 861 508 900 non
525 839 633 916 [Deum]
649 838 691 894 rel
707 838 754 893 ilei
778 835 879 891 Filium
899 847 966 889 con·
1015 842 1132 905 utraque
1145 839 1255 896 natura,
1271 830 1319 885 sod
1341 836 1438 883 neutra
1459 841 1488 882 se
1509 826 1544 881 ab
1568 826 1682 881 alterius
1699 826 1816 894 conjnn·

172 943 261 999 lessus
281 949 350 996 erat.
366 934 585 1007 britonensis
600 939 723 987 sanctum
736 928 874 984 bominem
888 939 964 980 oom-
1014 925 1105 981 ctione
1119 921 1258 992 disjungit.
1277 919 1349 975 Nihil
1363 917 1398 974 ibi
1412 917 1573 973 adinvicem
1588 915 1707 972 alienum
1722 927 1813 973 tat-at.

172 1033 313 1102 paratione
338 1027 385 1083 ilci
408 1043 461 1081 non
486 1038 547 1079 esse
572 1023 685 1085 bonum,
710 1019 743 1074 de
763 1033 817 1089 quo
836 1015 936 1071 dicitur
956 1028 964 1068 ι
1015 1017 1073 1073 Nec
1091 1017 1164 1072 enim
1177 1015 1306 1070 divinitas
1325 1013 1424 1067 atrimae
1440 1011 1558 1066 tristanti
1574 1020 1637 1066 ante
1657 1013 1815 1082 passionem

173 1119 340 1189 COnfiiimffm'
355 1106 800 1182 D0mfl¹⁰i¹1⁰i²¹⁵⁰mivdlstil’wi·
815 1123 860 1172 cv,
875 1104 912 1176 ¹)-
926 1103 966 1160 ΝΘ
1016 1113 1113 1180 ιιιιιιιι,
1127 1127 1177 1170 nec
1196 1126 1307 1167 carnem
1321 1124 1397 1165 suam
1413 1108 1440 1162 in
1461 1106 1588 1177 passione
1601 1106 1730 1162 descruit.
1745 1107 1816 1163 Tota

171 1211 232 1280 ιιιΒ
244 1217 335 1263 antem
348 1207 462 1278 panon
475 1220 518 1271 ιο,
534 1203 606 1274 mod
620 1203 707 1257 nonus
719 1200 851 1256 Dominus
863 1195 965 1269 iflico.
1017 1217 1059 1264 est
1076 1207 1104 1261 n
1123 1202 1267 1274 maresan
1287 1200 1437 1264 numatius,
1456 1207 1513 1253 nn
1537 1198 1565 1252 n
1583 1197 1736 1253 numilitate
1758 1213 1835 1265 nu,

171 1302 254 1376 Deos]
276 1303 387 1365 dicitur,
412 1299 547 1356 carindia
563 1297 683 1353 bonitate
705 1294 803 1350 Filium
817 1291 878 1358 Dei,
900 1289 968 1362 legi·
1014 1296 1110 1367 jestas.
1138 1295 1242 1351 idcireo
1264 1291 1386 1361 eiusdem
1408 1303 1452 1346 cst
1472 1289 1651 1353 contumelia,
1675 1287 1754 1357 cujus
1773 1299 1817 1347 est

170 1411 233 1452 mus
247 1396 273 1448 in
289 1393 343 1447 alio
363 1391 440 1446 lurco:
459 1389 555 1444 Pastor
570 1389 652 1442 bonas
666 1386 739 1458 ponit
760 1387 966 1439 animamarum
1017 1388 1113 1460 gloria,
1136 1385 1197 1458 lpse
1216 1392 1259 1440 est
1279 1383 1306 1438 in
1330 1381 1498 1445 infirmitate,
1524 1380 1569 1450 qui
1592 1388 1621 1434 et
1639 1381 1665 1434 in
1689 1381 1815 1436 virture:

171 1502 220 1558 pro
234 1483 322 1538 oribus
334 1483 389 1537 *ιιι
407 1479 498 1554 (Italo
514 1496 542 1544 «ι,
562 1478 616 1550 ii).
639 1476 673 1531 Εῑ
684 1476 712 1531 in
731 1474 886 1546 Propheta:
905 1469 968 1542 Sti·
1018 1479 1088 1534 idem
1102 1476 1199 1532 mortis
1218 1489 1314 1546 capax,
1328 1480 1357 1527 et
1374 1472 1444 1527 idem
1459 1471 1545 1526 victor
1558 1478 1601 1525 est
1619 1471 1725 1525 mortis.
1748 1469 1817 1527 Sus-

172 1577 251 1629 rltarn
266 1575 370 1636 bonnm,
394 1581 541 1640 terramque
558 1569 652 1622 bonam
671 1563 859 1639 (Probatur,
877 1561 933 1635 lo).
953 1581 963 1613 s
1017 1568 1089 1638 oepit
1105 1580 1171 1637 ergo
1190 1572 1276 1621 totum
1298 1563 1436 1618 bantinem
1458 1558 1540 1625 Deus,
1559 1569 1587 1614 ιι
1603 1560 1641 1614 ita
1659 1575 1689 1615 ae
1712 1560 1750 1615 iili
1772 1569 1815 1615 at-

171 1662 230 1719 lion
245 1661 468 1733 igitnrliominus
481 1674 510 1714 se
524 1658 623 1714 botrum
643 1662 734 1727 negat,
748 1654 795 1710 scd
808 1652 966 1709 assalitum
1020 1673 1073 1729 que
1098 1655 1174 1712 iilum
1205 1654 1257 1711 sibi
1276 1652 1471 1708 misericordiae
1495 1660 1524 1707 et
1545 1653 1689 1721 potestatis
1707 1653 1814 1711 ratione

172 1754 317 1826 significat.
336 1751 394 1807 N⁰¹¹
411 1767 440 1806 ὅθ
463 1750 622 1821 mibiiifflffl
638 1747 738 1802 bonum
753 1759 807 1799 ¹¹01]
820 1757 898 1807 esse,
919 1740 967 1797 scd
983 1737 1006 1798 B
1020 1746 1170 1813 conseruit,
1183 1755 1213 1801 ut
1227 1753 1343 1815 utraque
1355 1742 1433 1798 alteri
1449 1751 1546 1797 natura
1566 1743 1682 1809 inesset,
1705 1751 1734 1798 ct
1747 1759 1815 1798 neu-

172 1846 334 1917 magistrun
353 1843 455 1911 absque
468 1840 524 1895 ilco
537 1838 638 1893 nullum
653 1837 754 1891 itonam
767 1847 827 1889 0⁸⁵0
839 1839 965 1887 testatur·
1020 1846 1064 1894 tra
1081 1838 1109 1893 in
1130 1837 1246 1892 alteram
1265 1851 1281 1891 a
1302 1850 1350 1890 sua
1371 1834 1539 1904 proprietate
1562 1834 1701 1889 transiret.
1725 1835 1815 1907 Atque

212 1935 256 1990 Xi·
276 1934 490 2003 Additamque,
506 1930 551 1984 ilbi
566 1931 600 1984 de
618 1928 723 1984 duabus
745 1927 772 1981 in
794 1923 903 1981 Christo
918 1937 968 1977 Μ·
1021 1929 1058 1985 ita
1078 1929 1105 1984 in
1125 1943 1208 1984 carae
1226 1926 1335 1998 propria
1355 1939 1451 1995 passus
1470 1932 1512 1980 est
1527 1924 1703 1995 impassibilis
1722 1925 1814 1992 Deus,

171 2028 242 2083 turis
256 2027 399 2098 disputas:
424 2045 437 2079 ,ι
454 2021 630 2094 impassibilis
648 2021 675 2075 in
698 2033 759 2083 suo,
780 2016 919 2088 passibilis
939 2015 968 2070 in
1020 2026 1051 2073 ut
1072 2032 1166 2074 reram
1185 2016 1351 2087 passionem,
1373 2014 1436 2083 quia
1460 2014 1564 2079 voluit,
1593 2015 1620 2069 in
1647 2029 1711 2069 rera
1731 2030 1817 2071 carne

173 2118 271 2173 alieno.
291 2137 300 2169 r
320 2116 390 2185 Quid
404 2114 472 2170 dicis
489 2113 607 2167 alienam
631 2125 692 2166 esse
716 2108 765 2164 liei
782 2107 852 2163 Filio
871 2107 900 2161 in
921 2104 967 2160 ilia
1021 2110 1152 2174 sentiret,
1171 2117 1198 2163 et
1217 2109 1244 2163 in
1256 2108 1398 2166 divinitate
1410 2123 1522 2178 prorsus
1536 2110 1741 2180 impassibiliter
1750 2125 1816 2180 per-

100 2219 105 2227 ‘
171 2207 344 2264 susceptione
357 2204 547 2268 immanitatis,
570 2217 630 2272 qum
646 2201 674 2256 in
688 2204 833 2254 mammet
847 2207 903 2253 um
917 2196 970 2252 mi·
1022 2206 1311 2272 manere13necntius
1332 2207 1507 2277 semetipsum
1531 2207 1611 2260 morti
1636 2206 1762 2277 dignatus
1781 2204 1819 2260 sit

173 2296 286 2353 rabilem
309 2312 371 2351 cum
396 2295 443 2351 Dei
463 2293 532 2348 Filio
551 2300 689 2363 assumitis
712 2298 753 2347 esi
771 2290 917 2355 unitatem,
938 2298 970 2344 ut
1022 2296 1141 2361 tradere,
1160 2310 1243 2366 quam
1263 2295 1365 2366 illeqni
1388 2295 1427 2350 sic
1446 2295 1534 2365 potuit
1549 2294 1817 2349 moricosdernorts

172 2396 341 2452 unuscsset,
356 2385 496 2440 nondun?
513 2383 586 2439 idem
604 2383 630 2437 in
647 2378 968 2452 diuinitatisgioria,qui
1022 2388 1148 2453 vincere,
1171 2394 1201 2441 nr
1223 2394 1337 2441 mortem
1361 2401 1415 2440 non
1435 2385 1521 2456 possit
1545 2385 1572 2439 in
1595 2391 1682 2438 morte
1702 2382 1816 2438 sentire.

173 2487 202 2534 el
216 2480 243 2533 in
258 2477 436 2533 humanitatis
459 2460 628 2538 intirmitite,
647 2473 719 2527 idem
739 2469 898 2535 Filiusliei,
922 2469 968 2539 qui
1023 2475 1076 2533 Sed
1096 2478 1148 2532 hoc
1166 2477 1349 2531 certissimum
1379 2476 1449 2531 scire
1471 2475 1615 2540 debemus,
1636 2473 1708 2545 qnod
1736 2471 1819 2543 quid·

173 2581 202 2628 ot
219 2571 292 2626 iilius
312 2569 440 2630 bominis,
456 2575 483 2622 et
503 2566 575 2621 idem
591 2564 663 2619 itlius
683 2562 802 2618 hominis
814 2560 861 2632 qui
872 2568 901 2615 ei
923 2559 969 2615 Fi·
1021 2567 1086 2636 qoid
1105 2567 1294 2622 uexationiset
1312 2567 1447 2638 passionis
1462 2565 1539 2621 iuror
1556 2565 1646 2620 intulit
1659 2563 1816 2634 impiorum,

174 2664 227 2719 lius
251 2661 308 2717 oei.
325 2659 395 2728 Quid
418 2658 490 2714 eninr
516 2657 543 2711 in
566 2657 617 2712 bac
640 2652 829 2723 coniunctione
850 2652 969 2708 alienum
1022 2673 1076 2713 raon
1099 2658 1133 2714 dc
1153 2658 1315 2713 necessitate
1341 2658 1486 2714 toleratum
1505 2700 1513 2725 ,
1534 2658 1582 2714 sei
1612 2656 1646 2712 de
1676 2655 1820 2713 voluntate

173 2755 262 2826 potuit
275 2767 347 2817 esse,
360 2749 424 2805 dum
435 2763 530 2804 omnes
541 2756 619 2803 actus
628 2755 808 2817 utrarumque
821 2746 849 2801 in
860 2743 970 2801 Christo
1022 2757 1177 2819 susceptum
1195 2756 1239 2804 est
1262 2767 1268 2803 :
1289 2769 1298 2802 r
1322 2750 1406 2805 rcluti
1430 2751 1513 2805 etiam
1534 2749 1637 2814 omnia,
1660 2761 1721 2818 qua
1739 2743 1818 2801 intir-

175 2855 334 2902 naturarum
346 2844 427 2898 unius
437 2842 553 2913 proprias
561 2855 622 2896 esse
631 2854 755 2911 personae
768 2836 969 2894 oertumbabe·
1021 2840 1125 2896 ruitatis
1146 2847 1209 2895 sunt
1232 2842 1367 2906 bumana,
1382 2841 1521 2898 voluntate
1532 2841 1672 2905 sustinuit,
1693 2853 1746 2895 non
1767 2852 1818 2896 ιιι·

175 2947 230 3004 tur,
246 2937 314 2992 sicut
327 2936 423 2991 beatos
436 2933 492 2989 Leo
505 2948 575 3004 papa
589 2934 629 2987 ait
642 2933 676 2986 h:
692 2953 702 2984 r
719 2931 799 2987 Salsa
810 2938 970 2986 naturarum
1021 2930 1160 2996 cessitate,
1182 2938 1213 2984 ut
1227 2930 1337 2997 famem,
1358 2932 1440 2997 sitim,
1460 2931 1659 2992 lassitudinem,
1678 2944 1817 2996 somnum,

175 3027 351 3100 proprietate,
365 3026 449 3098 830
463 3041 523 3096 qum
536 3025 584 3082 liei
599 3032 673 3091 sunt,
690 3023 856 3079 transierunt
874 3021 902 3077 in
923 3021 969 3076 bo·
1021 3023 1173 3091 irrisiones,
1188 3037 1306 3089 crucem,
1324 3031 1404 3094 atque
1424 3024 1510 3094 ipsam
1533 3030 1658 3078 mortem.
1677 3022 1717 3077 lta
1731 3030 1759 3076 et
1771 3020 1818 3078 iilo

175 3120 287 3186 minem,
302 3129 331 3174 ιι
343 3118 434 3173 anania
449 3133 509 3188 qrrae
522 3117 641 3173 hominis
652 3123 733 3182 sunt,
754 3114 922 3171 transierunt
941 3086 1005 3168 inc
1020 3120 1067 3190 qni
1085 3120 1193 3190 propria
1217 3118 1356 3174 varinntate
1372 3127 1493 3174 mortuus
1508 3124 1561 3184 est,
1575 3115 1684 3186 propria
1708 3129 1818 3186 ortoque

175 3210 281 3267 bonnm
298 3218 327 3264 ut
342 3225 392 3265 nec
403 3210 461 3265 sinc
476 3209 585 3264 bomine
600 3216 712 3281 agerent
726 3207 826 3271 divina,
839 3221 891 3262 noc
911 3205 970 3261 sine
1018 3219 1153 3284 potestate
1168 3212 1297 3277 surrexit,
1313 3212 1395 3266 relati
1411 3221 1473 3268 ante
1485 3211 1610 3282 praedixit
1631 3229 1638 3264 :
1655 3209 1817 3265 Potestotent

174 3301 230 3357 ileo
248 3309 393 3372 agerentur
414 3301 542 3354 bumana.
564 3298 622 3355 iioc
643 3300 716 3355 enim
743 3297 876 3354 catbolica
902 3295 970 3352 tides
1019 3300 1819 3373 babeo,inquit,portcndiunimummeom,etpotertotemlla·

175 3391 269 3457 tradit,
294 3391 347 3447 boc
371 3391 464 3461 exigit,
480 3398 510 3444 ut
531 3392 558 3446 in
579 3390 760 3462 Redemptore
782 3399 877 3446 nostro
901 3389 971 3445 duas
1022 3391 1170 3445 beoiteram
1181 3391 1302 3447 sumendi
1309 3390 1555 3464 subtituendis).
1571 3389 1819 3460 Scdnelongiorli·

174 3482 294 3536 noverim
314 3479 355 3553 [S.
370 3479 434 3545 beo,
448 3480 615 3554 noverimus]
629 3481 789 3536 mnrentsse
799 3490 929 3546 naturas3
942 3485 984 3536 ιι·
1022 3484 1084 3542 belli
1092 3485 1176 3541 series
1186 3484 1292 3556 legendi
1302 3484 1437 3540 fastidiunt
1448 3486 1621 3557 generet,bic
1628 3485 1662 3539 sit
1674 3483 1754 3554 buius
1760 3496 1819 3538 scr·

174 3571 348 3626 ntanentibus
361 3571 572 3641 proprietatibus
589 3572 657 3636 suis,
673 3581 777 3626 tantam
789 3570 891 3627 iactam
911 3572 972 3627 uni-
1023 3576 1112 3632 monis
1132 3576 1205 3643 linis,
1227 3583 1256 3629 ιιι
1276 3575 1310 3631 ab
1330 3574 1382 3630 alio
1403 3574 1515 3632 liberius
1531 3575 1619 3632 oratio
1631 3582 1721 3631 sumat
1737 3586 1818 3629 exor-

174 3669 260 3717 tatem
277 3661 417 3731 utriusque
439 3661 608 3727 substantiae,
619 3671 650 3718 ut
663 3662 698 3717 ab
711 3661 757 3718 iilo
775 3672 973 3734 temporeque
1024 3667 1111 3724 diunn

211 3791 268 3846 ¹S.
294 3791 370 3847 ilier.
398 3793 426 3848 in
449 3807 508 3863 cap.
535 3809 581 3849 ιιι
608 3793 704 3850 blattir.
730 3810 763 3851 cx
786 3811 842 3866 quo
864 3805 968 3852 testum
987 3797 1105 3854 maxime
1118 3798 1145 3852 in
1157 3796 1244 3868 priori
1259 3795 1384 3852 Editione
1398 3797 1780 3868 corruptuurernendauimus.

211 3861 269 3917 ¹‘S
287 3862 340 3918 beo
356 3879 424 3934 papa
440 3862 530 3918 Serm.
544 3863 589 3929 Si,
606 3880 666 3936 cap.
682 3866 695 3920 l
711 3865 770 3921 eti

182 3991 497 4012 μ*

847 4093 965 4154 LIBER
987 4091 1153 4152 SEXTUS.

209 4290 230 4346 Ι.
251 4287 411 4344 Sublimitas
430 4288 585 4359 apostolicae
607 4291 779 4346 alletoritatis
794 4300 899 4347 terrere
920 4289 967 4346 de·
1019 4290 1085 4344 tatis
1100 4291 1264 4361 sequacibus
1277 4289 1387 4346 (ibristo
1400 4287 1512 4357 injicere
1526 4295 1611 4343 tentat
1623 4286 1743 4342 debitam
1755 4301 1817 4343 ser·

174 4384 278 4440 buissel
289 4382 356 4437 istos
370 4382 521 4451 adoptionis
536 4383 577 4437 rel
591 4385 800 4455 nuncupationis
815 4386 843 4439 in
858 4385 967 4440 Christo
1020 4383 1145 4448 vitutem,
1159 4391 1187 4437 et
1201 4383 1383 4438 conditionale
1405 4382 1564 4445 servitium,
1589 4389 1617 4434 ct
1632 4381 1817 4444 necessariam

175 4484 340 4538 assertores,
356 4484 385 4529 ιιι
396 4482 528 4539 tacerent,
541 4476 603 4545 apula
618 4491 712 4532 omnes
725 4477 859 4533 novitates
871 4492 968 4533 vocum
980 4469 1008 4530 Ι)
1021 4472 1216 4542 subiectionem
1242 4492 1248 4527 ι
1266 4475 1330 4529 dum
1353 4487 1449 4529 omnes
1470 4471 1634 4542 evangelicae
1659 4472 1765 4542 paginae
1789 4481 1817 4526 ιι

176 4565 281 4620 crunctis
293 4564 434 4620 catholica
449 4564 511 4619 iidci
527 4564 590 4621 liliis
605 4565 655 4620 sab
668 4566 850 4621 anathematis
865 4575 970 4623 terrore
1021 4565 1177 4635 apostolicae
1192 4564 1341 4636 Scriptura
1363 4565 1501 4623 Christum
1516 4565 1651 4620 veraciter
1672 4564 1816 4620 bortrinum

175 4655 325 4710 interdixit.
354 4654 408 4710 Sed
434 4655 571 4712 obstinata
599 4671 676 4712 niens
709 4656 791 4713 nuliis
819 4658 970 4714 terroribus
1021 4655 1274 4727 Deum,atquei)ci
1292 4655 1577 4729 Filiamapcrtissime
1593 4664 1737 4710 testentur.
1761 4655 1817 4713 Nec

175 4744 389 4800 emollitaasom
403 4747 590 4816 perversitatis
601 4747 752 4818 pertinacia
767 4751 967 4822 compescitur:
1021 4748 1102 4803 alieni
1116 4756 1271 4803 sanctorum
1295 4756 1371 4803 tanta
1392 4747 1443 4802 iuit
1461 4747 1576 4802 latitudo
1599 4747 1749 4816 sapientiae,
1774 4747 1818 4802 rel

175 4851 225 4891 nec
235 4849 330 4889 eornm
346 4835 526 4890 damnationis
539 4837 664 4908 exemplo
674 4838 819 4910 semetipsa
831 4841 970 4912 corrigere
1021 4847 1076 4893 tarn
1088 4838 1198 4908 grandis
1211 4839 1373 4908 eloquentiae
1388 4839 1477 4907 copia,
1492 4848 1522 4892 ut
1535 4837 1641 4893 landem
1656 4846 1684 4892 et
1701 4837 1818 4908 gloriam

176 4932 263 4989 currat,
279 4924 325 4994 qui
349 4926 482 4980 anteactis
496 4927 662 4997 temporibus
683 4942 769 4985 novas
784 4939 884 4996 sectas,
904 4946 970 5003 apo-
1020 4930 1121 4986 Christi
1135 4930 1182 4985 bel
1198 4930 1278 5001 digne
1291 4931 1423 5001 potuisset
1443 4944 1583 4985 enarrare,
1608 4928 1724 4999 Superat
1743 4929 1818 4984 cuim

175 5016 335 5086 stolicisqne
350 5016 540 5072 traditionibus
554 5021 707 5075 contrarias
722 5021 896 5077 introducere
907 5032 968 5078 ten-
1020 5036 1129 5076 ornnem
1152 5035 1261 5076 sensum
1287 5020 1428 5076 rationalis
1445 5029 1579 5076 creaturae
1593 5021 1673 5091 hujus
1693 5018 1818 5091 mysterii

175 5115 276 5163 tarum.
290 5108 328 5163 lta
351 5109 423 5164 enim
437 5122 488 5163 ncc
503 5109 557 5174 isti,
574 5111 620 5180 qui
644 5112 725 5183 buius
744 5114 872 5170 nouitatis
885 5115 970 5170 intro-
1020 5113 1189 5183 magnitudo,
1202 5127 1258 5184 quo
1272 5112 1319 5167 ilci
1333 5109 1418 5166 Filius
1433 5111 1460 5166 io
1476 5112 1608 5167 unitatem
1622 5125 1746 5181 pcrsonm
1761 5111 1815 5165 bu·

176 5195 318 5253 ductiones
332 5197 393 5252 ildci
409 5197 551 5253 catholicae
566 5198 687 5254 inserere
707 5212 851 5269 conantur,
871 5219 901 5259 se
923 5205 968 5275 pia
1021 5203 1160 5258 maditatis
1184 5211 1309 5258 naturam
1324 5217 1464 5258 assumere
1479 5205 1606 5273 dignatus
1626 5209 1679 5266 cst,
1697 5210 1727 5256 ct
1745 5201 1819 5256 inter

176 5285 336 5342 lmrnilitatis
350 5288 569 5344 consideratione
582 5289 609 5343 in
621 5289 692 5344 orile
703 5291 864 5348 uniuersalis
876 5294 970 5350 Eccle-
1019 5294 1145 5349 homines
1160 5294 1241 5349 bomo
1255 5294 1327 5349 Deus
1341 5295 1514 5361 conversari,
1530 5296 1576 5365 qni
1591 5296 1617 5348 in
1629 5293 1707 5349 omlis
1719 5293 1820 5349 adora·

176 5374 223 5430 siae
238 5392 287 5446 per
308 5379 465 5448 apostolicae
479 5379 541 5436 iidei
559 5381 689 5436 unitatem
704 5396 833 5438 revocare
846 5384 966 5440 student.
1019 5394 1065 5440 tur
1078 5386 1113 5440 ab
1127 5384 1249 5455 angelis:
1266 5399 1346 5455 utrem
1360 5384 1452 5441 iniciis
1473 5387 1587 5442 istorum
1604 5387 1747 5442 temeritas
1767 5387 1819 5444 de·

178 5463 211 5519 b't
227 5482 280 5521 non
293 5469 380 5524 sarium
395 5472 466 5528 rnaie
483 5472 588 5545 prolata
611 5474 763 5531 salubriore
780 5489 862 5531 sensa
876 5491 969 5532 emen·
1019 5476 1137 5533 bitorem
1150 5477 1300 5543 servitutis,
1322 5478 1363 5533 rel
1378 5480 1588 5535 conditionalem
1602 5494 1712 5534 serrum
1726 5480 1817 5535 nomi·

176 5561 242 5616 dare
256 5578 310 5617 non
332 5567 506 5622 consentiunt
528 5584 535 5621 :
554 5567 749 5624 verumetiam
772 5566 912 5638 peioribus
938 5583 968 5625 se
1018 5582 1085 5622 nare
1097 5584 1151 5623 non
1171 5569 1276 5635 metuit,
1290 5579 1319 5625 et
1332 5570 1424 5625 intima
1440 5587 1554 5642 quaque
1567 5573 1677 5628 nomina
1695 5569 1818 5628 lisdem·

175 5649 267 5705 «tenuo
282 5650 422 5721 implicare
435 5653 574 5710 erroribus
588 5655 763 5711 contendunt.
780 5656 857 5713 Unde
870 5665 898 5711 et
917 5657 969 5713 istc
1017 5659 1088 5731 ptori
1101 5667 1196 5717 nostro
1206 5658 1389 5728 Christo,l)co
1400 5678 1477 5730 sero,
1488 5673 1517 5720 et
1528 5664 1594 5736 liegi
1607 5680 1712 5737 regom,
1725 5662 1822 5724 bont

175 5742 252 5800 l‘clir
269 5744 418 5805 iniciiciorc
431 5747 555 5813 andacia,
569 5764 631 5805 com
644 5749 752 5805 caeteris
765 5765 821 5806 suar
834 5753 968 5821 pert‘crsi-
1019 5767 1107 5824 noqrre
1119 5751 1316 5810 dominantium
1332 5754 1471 5824 imponere
1484 5757 1632 5827 praesumit.
