3780 6120
132 294 187 354 itt

134 410 169 467 Ut
181 411 281 466 dudum
294 407 415 480 angelieo
428 405 511 465 discit
521 406 679 478 virguncula
693 405 762 472 fatu,

133 501 200 556 Cum
213 498 294 556 Pater
310 499 442 555 altisonus
455 497 566 555 Gabriel
576 497 697 553 misisset
711 497 745 551 ab
758 497 848 553 astris.

131 589 196 646 llaec
207 590 268 655 fuit,
284 592 410 663 egregius
421 605 501 660 quam
516 589 617 660 promit
627 587 750 643 carmine
763 597 849 654 rates,

132 680 184 750 Qui
199 682 317 753 Solymis
329 682 465 752 quondam
477 681 552 736 dites
565 679 688 749 regnavit
702 677 730 733 in
745 679 839 734 araia:

132 773 213 842 220
227 770 329 826 flortua
340 770 479 826 conclusus
493 768 598 824 florenti
613 768 641 823 in
653 768 756 825 vertice
768 783 898 838 vernaus,

131 863 205 919 Fons
219 881 326 935 quoque
339 865 457 934 signatas
471 862 573 918 coelesti
588 861 694 932 gurgite
705 860 826 932 polleret

131 954 239 1011 Necnon
255 965 282 1011 et
295 963 385 1010 turtur
400 953 542 1009 tremulus.
557 951 606 1008 Cui
620 952 750 1023 praeseius
765 950 827 1006 infit

129 1045 249 1117 Angelus
262 1061 270 1099 :
284 1046 325 1100 En
338 1045 459 1100 sobolom
473 1044 628 1113 generabis,
643 1043 731 1114 virgo,
744 1056 901 1113 perennem,

130 1137 218 1206 Atque
231 1138 403 1208 puerperium
417 1137 539 1206 paritura
549 1150 683 1207 puerpera
694 1136 807 1207 gignens

130 1226 215 1282 Filius
227 1225 373 1283 dltithroni
386 1227 491 1285 faustus
505 1228 640 1284 vocitetur
651 1229 680 1282 in
693 1241 781 1283 aerum
796 1236 808 1277 ⁸.

130 1320 247 1390 Spiritus
261 1336 278 1376 e
291 1321 361 1377 coelo
374 1322 465 1377 reniet
476 1322 665 1378 sanctissimus
679 1321 706 1377 in
721 1329 758 1388 te,

130 1410 223 1465 l'irtus
238 1425 301 1465 cece
316 1419 362 1465 tuo
375 1409 480 1466 confert
491 1411 650 1467 umbracula
665 1412 751 1467 cordi.

130 1499 219 1556 Patris
230 1501 403 1557 obumbrabit
415 1511 451 1566 te,
467 1501 561 1572 Virgo,
575 1501 647 1557 celsa
659 1508 790 1571 potestas.

133 1591 192 1659 Quo
206 1592 279 1648 dictu
296 1593 377 1647 matri
393 1600 550 1664 turgescant
561 1593 666 1669 uiscera
681 1593 759 1659 foetu,

130 1683 181 1749 Qui
197 1684 304 1752 genitus
316 1683 446 1737 mundum
460 1682 614 1737 miseranda
627 1682 689 1737 labe
702 1681 831 1750 resolvit,

128 1774 217 1845 Atque
227 1775 375 1830 crucifixus
386 1774 488 1846 polluta
499 1773 606 1845 piacula
617 1774 706 1829 tersit.

485 1867 562 1923 CLll.

201 1973 214 2002 ⁸
232 1960 330 2016 i'ersas
343 1960 448 2016 Aletini
460 1960 492 2015 de
504 1958 614 2015 ecclesia
626 1962 710 2015 111111
721 1961 848 2033 Linigeri.

128 2050 179 2107 llic
191 2050 273 2106 Pater
285 2051 411 2123 egregius
423 2051 528 2107 meritis
539 2049 696 2107 Bonifaeius
710 2052 789 2107 almis

130 2141 198 2196 Cum
213 2141 295 2196 sociis
308 2142 412 2211 pariter
425 2140 554 2196 fundebat
567 2142 707 2212 sanguinis
720 2143 831 2209 undam,

126 2233 230 2304 inclyta
248 2233 372 2305 tnartyrii
389 2240 529 2289 sumentes
541 2241 685 2289 stemmata
698 2235 780 2290 sacri.

131 2322 215 2377 Terra
230 2324 309 2378 beata
324 2324 405 2379 nimis
421 2331 577 2379 sanctorum
592 2325 723 2395 sanguine
738 2325 831 2380 dieesl

128 2413 289 2470 Transvolat
302 2415 366 2473 ltine
379 2417 467 2471 victor
482 2416 560 2471 miles
573 2416 607 2470 ad
621 2416 731 2486 praemia
749 2405 827 2481 coeli,

128 2503 229 2561 11111111
243 2508 390 2578 cespitibus
404 2509 465 2564 istis
479 2509 593 2580 vestigia
607 2508 742 2577 linquens.

128 2593 234 2650 Suadeo
249 2606 425 2668 quapropter,
441 2606 555 2652 curvato
569 2597 683 2668 poplite,
697 2598 819 2670 supplex,

127 2686 181 2753 Tu,
193 2690 347 2758 quicunque
364 2689 443 2760 legis,
459 2690 541 2745 terris
557 2690 601 2745 bis
614 2691 705 2745 oscula
721 2689 783 2763 ssge.

128 2775 197 2848 Spes
210 2779 258 2831 tibi
271 2793 367 2849 magna
382 2779 438 2845 fiat,
454 2780 589 2852 lacrymas
604 2781 752 2836 ascendere
765 2781 865 2837 coelum

126 2867 194 2923 llinc
208 2869 328 2938 potuisse
341 2879 412 2935 tuas,
428 2869 510 2926 fultas
523 2873 683 2941 patronibus
696 2872 710 2912 b
726 2872 796 2928 istis.

24 2954 30 2971 '
126 2959 176 3016 llic
189 2968 281 3016 manet
295 2960 339 3016 1111
355 2977 437 3017 11111
452 2972 549 3019 cuncto
561 2964 708 3034 pretiosior
721 2980 797 3029 auro,

126 3052 300 3124 Membraque
313 3053 416 3110 eoelesti
431 3071 494 3111 rore
504 3056 549 3112 hie
562 3056 671 3126 perfusa
682 3058 832 3128 quiescunt.

126 3144 241 3213 dtljurat
256 3147 319 3201 hinc
331 3147 430 3203 Paulus
445 3150 551 3214 doctor,
565 3148 720 3205 bonifacius
732 3148 805 3215 inde,

127 3235 189 3293 1111
203 3239 255 3293 illis
267 3240 375 3309 quando
387 3249 496 3296 constat
510 3240 590 3296 simul
604 3242 664 3295 aula
679 3241 779 3297 dicata.

482 3332 568 3389 Cblll.

148 3431 159 3459 e
174 3420 212 3474 De
225 3419 342 3474 basilicis
355 3431 508 3475 sanctorum
521 3422 700 3494 apostolerum
720 3420 806 3478 sancti
819 3421 903 3477 Petri.

129 3512 203 3568 llane
218 3513 316 3566 Petrus
329 3513 477 3567 assidant
494 3523 651 3569 sanctorum
665 3523 739 3570 sorte
752 3522 875 3580 coronat,

130 3603 256 3674 Claviger
268 3604 414 3668 actitemus,
429 3605 476 3675 qui
490 3613 597 3676 portam
611 3605 706 3675 pandit
720 3605 747 3662 in
762 3606 858 3672 aethra,

127 3692 234 3749 ianitor
247 3703 355 3750 aeternae
370 3690 512 3752 recludens
525 3695 621 3752 limina
633 3697 702 3752 titae.

127 3786 259 3844 Omnibus
272 3788 317 3844 hic
328 3788 465 3860 geminum
480 3791 593 3861 digessit
606 3790 703 3861 dogma
716 3805 765 3861 per
779 3789 885 3856 orbem,

129 3878 207 3946 Quod
222 3878 295 3935 binis
310 3886 418 3935 constat
432 3880 598 3951 descriptum
611 3881 662 3936 rite
676 3880 775 3937 libellis
789 3892 812 3947 ²,

128 3967 241 4025 Pectore
256 3969 301 4040 qui
316 3970 408 4040 patulo
422 3968 522 4025 Christi
538 3978 672 4041 praecepta
687 3979 841 4042 capessant.

127 4058 164 4116 111
175 4060 251 4131 prius
264 4076 404 4132 aequorcus
417 4063 545 4131 captabat
558 4071 632 4118 reete
645 4072 781 4127 catervas,

130 4152 215 4207 Linea
231 4152 411 4223 squamigeris
424 4153 573 4208 extendens
587 4153 695 4208 uincula
706 4155 818 4209 turmis:

127 4240 175 4296 Sic
187 4242 328 4298 ltoutinum
343 4257 455 4308 cuneos,
470 4242 562 4298 mundi
576 4243 609 4298 de
622 4243 728 4316 gurgite
743 4251 846 4316 raptos,

129 4334 254 4389 11111111
269 4343 400 4390 aeternum
413 4335 516 4390 eoelesti
529 4336 630 4407 remige
645 4335 774 4406 regnum';

129 4426 226 4482 11111111
242 4426 365 4483 Salvator
380 4442 520 4482 soracum
534 4443 600 4484 voce
612 4429 767 4500 spopondit,

128 4519 242 4585 Quando
255 4521 406 4591 piscantem
422 4521 511 4591 panda
524 4520 556 4577 de
566 4536 655 4594 puppe
669 4524 793 4577 vocabat.

128 4609 180 4676 qiu
196 4612 270 4682 ponti
287 4613 402 4683 pedibus
414 4613 530 4669 caleavit
543 4612 641 4669 caerula
653 4611 752 4684 glauci,

130 4704 184 4759 Sel
201 4720 275 4760 mare
289 4715 457 4779 mergentem
472 4707 581 4763 tumidis
592 4722 645 4762 non
660 4705 766 4761 sorbuit
780 4705 878 4762 undis:

131 4794 247 4850 Dextera
260 4795 325 4851 tium
341 4796 441 4852 Christi
456 4798 590 4870 turgentia
605 4813 744 4854 marmora
758 4798 868 4869 pressit,

168 4950 226 5006 ³8.
244 4950 369 5077 fiatdqna‘.
394 4951 422 5008 ld
437 4961 491 5017 est,
513 4953 547 5008 de
570 4953 685 5008 ecclesia
706 4952 736 5007 S.
758 4950 923 5008 Bonifaciia

131 5030 226 5076 saneto
248 5021 382 5092 liugero
406 5033 571 5079 constructa.
594 5024 650 5078 lloc
668 5038 778 5078 carmen
801 5030 925 5079 recenset

132 5091 264 5147 hilfridus
275 5102 392 5164 scriptor
409 5095 476 5150 Vitat
496 5095 581 5149 saneti
595 5094 720 5165 Littdgeri
738 5094 829 5163 episeo
848 5094 856 5146 i
876 5093 925 5148 ldi-

133 5163 388 5231 migardefordensis
412 5167 483 5236 apud
504 5162 677 5233 westphalos
695 5163 785 5233 primi.
835 5179 923 5219 11111.

131 5233 193 5287 liet.
210 5232 259 5288 SS.
275 5235 445 5291 Benedscc.
463 5252 499 5299 rr,
512 5243 583 5305 part.
596 5251 614 5296 t,
630 5248 690 5303 pag.
706 5233 752 5287 11.

168 5306 181 5344 b
197 5302 368 5372 Patrortibatt,
384 5316 507 5378 apotrott
531 5306 573 5359 rel
587 5314 722 5375 petrones.
749 5304 808 5359 vit.
833 5303 924 5359 Closs.

133 5371 228 5497 Congil
244 5376 385 5434 11111111..

171 5455 183 5483 1
207 5445 305 5500 :diano
325 5457 367 5503 est
379 5448 432 5505 boe
454 5463 563 5504 carmen
577 5462 638 5502 eum
651 5444 829 5517 sequentibus
842 5443 926 5500 unde-

132 5513 187 5568 eim
202 5515 273 5570 inter
289 5517 380 5575 Strabi
395 5527 528 5590 poemata.
545 5517 685 5583 Quencrr.
698 5530 783 5570 carm.
800 5513 827 5568 1.

168 5582 182 5622 f
196 5583 273 5640 11111
286 5586 383 5644 Petne
394 5589 525 5643 absidam.
538 5586 621 5641 Forte
638 5585 782 5642 eeclesiam
793 5584 927 5639 1111111-

127 5668 190 5713 aem
211 5654 242 5710 in
264 5654 374 5728 Anglia,
420 5673 482 5714 uam
503 5656 648 5728 Eadburga
671 5655 809 5711 abbatissa
830 5653 937 5708 eodem·

113 5740 191 5798 1¹⁶⁶ss
202 5735 331 5799 femme
341 5673 492 5790 aedificavit
511 5726 539 5785 iu
564 5726 695 5784 honorem
715 5723 846 5798 principis
859 5734 923 5792 apo·

558 291 590 348 B.
608 292 640 349 F.
660 289 775 351 summ
792 289 859 353 stu
877 291 1283 353 1111111111111111111
1300 294 1345 352 il.

933 407 959 468 Δ
972 404 1055 476 Cujus
1068 408 1215 477 prestabat
1228 406 1362 463 defunctis
1376 407 1471 463 umbra
1486 405 1619 462 medelam
1634 426 1642 461 τ

1711 295 1763 367 ut

973 494 1042 550 Dum
1054 497 1112 551 sani
1124 512 1218 552 rursus
1231 498 1346 551 redeunt
1359 496 1393 550 ad
1407 494 1507 551 lumina
1523 496 1597 562 ritae,

972 586 1099 653 Quatnris
1115 596 1178 642 ante
1194 588 1279 658 nigrae
1292 587 1455 643 lustrassent
1467 587 1559 642 limina
1572 589 1681 644 mortis.

971 676 1020 733 llic
1033 693 1139 748 quoque
1151 678 1307 749 poplitibus,
1322 695 1373 735 nee
1386 694 1440 733 nou
1450 688 1477 733 et
1489 693 1569 734 crure
1582 679 1712 749 gemello,

970 768 1101 824 Claudum
1114 779 1252 826 restaurat
1263 771 1349 827 fretus
1364 772 1464 826 virtute
1476 771 1625 837 Tonantis;

972 861 1006 917 Et
1023 863 1078 917 cito
1093 863 1196 918 sanatis
1209 864 1336 934 praecepit
1349 877 1462 933 pergere
1473 863 1584 932 plantis,

971 954 1057 1021 Quem
1071 955 1147 1024 prius
1160 955 1195 1010 11
1214 955 1343 1024 templum
1356 957 1480 1026 gestabat
1493 955 1562 1010 forte
1581 956 1765 1028 propinquus.

970 1043 1021 1100 1111
1035 1046 1116 1100 etiam
1130 1045 1209 1100 binos
1222 1046 1363 1101 mulctarit
1372 1054 1459 1101 morte
1472 1047 1617 1117 malignos

970 1134 1020 1201 Qui
1034 1135 1152 1204 pretium
1166 1135 1241 1191 fundi
1254 1135 1377 1191 celarunt
1390 1135 1485 1191 fraude
1496 1137 1654 1217 nefandum.

969 1224 1081 1296 iusuper
1093 1234 1122 1281 et
1134 1228 1268 1297 magicum
1279 1225 1340 1282 falsi
1353 1229 1511 1296 phantasma
1523 1228 1654 1295 Simonis,

895 1342 899 1347 ·
970 1314 1102 1373 Funditus
1116 1332 1260 1383 evacuans,
1276 1327 1361 1375 tetras
1373 1319 1489 1376 detrusit
1501 1322 1528 1376 in
1540 1322 1672 1391 umbram

970 1407 1121 1463 Romanum
1136 1408 1233 1479 vulgus
1246 1408 1353 1464 solvens
1368 1426 1461 1466 errore
1475 1420 1592 1479 vetusto,

970 1500 1021 1569 Qui
1035 1500 1164 1570 praecelsa
1178 1501 1253 1555 rudis
1267 1501 1374 1556 scandit
1388 1502 1495 1573 fastigia
1507 1505 1603 1571 turris,

969 1591 1059 1661 Atque
1073 1598 1219 1646 coronatus
1233 1590 1303 1645 lauri
1316 1591 1349 1645 de
1362 1589 1457 1646 fronde
1468 1592 1577 1655 volarit,

971 1678 1025 1736 Sed
1036 1696 1097 1735 moa
1109 1682 1242 1737 aethereas
1257 1681 1402 1736 demittens
1416 1680 1539 1738 fructifer
1554 1698 1649 1750 auras,

934 1745 959 1807 Β
971 1769 1095 1827 Ceramus
1106 1770 1140 1825 11
1152 1778 1265 1836 terram,
1279 1769 1426 1825 confractis
1439 1771 1545 1826 ossibus
1559 1770 1653 1839 ambo,

972 1860 1089 1930 Corruit,
1106 1871 1134 1916 et
1146 1860 1228 1916 Petro
1240 1861 1324 1916 cessit
1341 1861 1454 1916 victoria
1466 1860 1541 1916 belli.

971 1951 1022 2018 Qui
1036 1968 1116 2008 eruee
1129 1951 1251 2008 confixus
1266 1953 1385 2024 gaudens
1397 1959 1532 2008 tormenta
1545 1950 1649 2020 luebat,

971 2043 1086 2098 11111111
1102 2043 1218 2099 crudelis
1231 2058 1360 2113 passurus
1371 2044 1483 2099 vulnera
1498 2044 1574 2099 ferri.

971 2133 1056 2202 Quem
1070 2133 1151 2198 Deus,
1164 2134 1273 2190 aeternis
1287 2142 1412 2189 umatum
1422 2135 1483 2206 jure
1499 2135 1657 2206 triumphis,

971 2225 1082 2283 Arbiter
1094 2227 1266 2299 omnipotens
1278 2228 1312 2283 ad
1323 2226 1384 2281 coeli
1397 2226 1513 2282 culmina
1529 2229 1613 2283 verit.

1328 2336 1415 2394 CLlll.

1204 2429 1298 2485 Sancti
1314 2429 1394 2484 Pauli
1406 2430 1526 2501 apostoli.

973 2520 1086 2587 Saulus,
1101 2523 1147 2593 qui
1162 2530 1270 2578 sanctas
1284 2522 1428 2577 mulctavit
1443 2537 1554 2579 earcere
1568 2523 1672 2589 turbas,

973 2612 1103 2668 Credulus
1114 2612 1239 2679 11111111,
1256 2621 1360 2668 mutato
1373 2613 1482 2668 nomine
1494 2613 1596 2668 Paulus
1609 2632 1616 2667 :

972 2703 1090 2758 Plurima
1107 2703 1246 2774 frugiferis
1261 2704 1421 2775 dispergens
1435 2704 1537 2758 semina
1551 2704 1652 2770 verbis,

973 2795 1011 2849 lle
1025 2810 1078 2865 quo
1093 2810 1168 2850 saera
1182 2810 1259 2864 seges
1270 2794 1362 2849 mundi
1376 2794 1510 2848 antecrevit
1522 2793 1550 2847 in
1562 2808 1639 2848 occa.

974 2885 1058 2953 Quem
1075 2886 1145 2941 Deus
1159 2887 1271 2940 infidum
1287 2885 1349 2940 coeli
1362 2885 1491 2940 clamarit
1503 2886 1536 2939 ab
1554 2901 1629 2951 arce,

975 2975 1045 3040 Qttitt
1056 2992 1096 3028 me
1106 2975 1266 3047 persequeris
1278 2976 1345 3031 (lura
1357 2989 1419 3030 cum
1432 2975 1505 3030 11111
1519 2975 1676 3048 refraganti

934 3087 958 3148 c
975 3068 1046 3139 Ergo
1062 3069 1133 3124 diem
1148 3084 1179 3124 ae
1192 3077 1297 3124 noctem
1313 3067 1390 3137 ponti
1405 3069 1456 3123 sub
1469 3069 1575 3138 gurgite
1590 3084 1695 3127 mersus

973 3160 1069 3232 llagua
1083 3174 1262 3229 supernarum
1275 3158 1374 3215 meruit
1386 3158 1539 3226 spectacula
1557 3174 1659 3214 rerum.

973 3251 1064 3306 Tertia
1079 3250 1210 3304 1111111111
1225 3256 1318 3320 raptus
1331 3249 1438 3319 fastigia
1452 3248 1568 3313 scandit,

972 3341 1061 3411 Atque
1077 3340 1130 3410 poli
1142 3355 1269 3408 proceres
1285 3338 1352 3393 uuit
1366 3352 1427 3392 cum
1441 3345 1531 3391 meme
1545 3336 1689 3407 maniplos.

973 3432 1058 3500 Quem
1077 3431 1237 3503 pythonissa
1249 3445 1352 3501 procax
1364 3427 1492 3483 clamarit
1506 3442 1572 3482 roee
1582 3436 1720 3498 proterva,

974 3523 1092 3594 Spiritus
1104 3521 1244 3587 abscessit,
1262 3519 1346 3576 Paulo
1356 3527 1488 3590 purgante
1502 3517 1632 3588 puellam,

972 3613 1002 3668 11
1015 3627 1168 3681 saeuasque
1181 3610 1275 3683 procul
1290 3611 1396 3682 fugiens
1410 3611 1521 3665 evanuit
1532 3624 1624 3665 auras.

973 3703 1093 3759 Elfebum
1106 3718 1230 3773 puerum,
1244 3702 1403 3757 lustrantem
1421 3709 1523 3755 tartara
1536 3701 1635 3757 mortis

975 3794 1102 3861 suscitat,
1119 3795 1146 3850 itt
1159 3794 1283 3866 proprias
1298 3794 1387 3847 anima
1401 3799 1561 3864 penetrante
1571 3790 1717 3847 tnedullas.

974 3883 1067 3939 Nonne
1079 3900 1187 3954 magum
1200 3883 1299 3938 merito
1312 3882 1427 3952 geminis
1437 3880 1574 3936 fraudarit
1590 3879 1696 3947 ocellis,

974 3976 1104 4033 Cernerct
1114 3986 1144 4031 ut
1155 3990 1292 4044 nunquam
1304 3973 1489 4044 splendentem
1502 3972 1603 4026 lumine
1615 3968 1765 4029 Plrcehuatl

975 4067 1105 4124 Cruribus
1117 4077 1198 4139 atque
1210 4067 1281 4122 suris
1296 4065 1422 4121 claudum
1437 4074 1571 4121 restaurat
1584 4072 1727 4136 aegrotum,

974 4159 1059 4226 Quem
1073 4156 1180 4214 fortuna
1194 4158 1271 4228 prius
1284 4173 1380 4230 gressu
1392 4157 1510 4226 privarit
1522 4165 1660 4227 egentem.

976 4248 1076 4318 Sieque
1091 4246 1198 4302 Patrem
1212 4246 1303 4317 populi
1319 4244 1329 4283 ¹
1343 4261 1423 4316 quem
1437 4245 1521 4301 febris
1537 4244 1616 4300 torsit
1629 4242 1738 4307 anhela,

975 4338 1105 4395 'fortidus
1116 4345 1196 4408 atque
1209 4336 1293 4402 calor,
1309 4334 1423 4407 frigidus
1438 4337 1450 4375 ὅ
1464 4334 1588 4390 brumale
1598 4333 1742 4404 coquebat.

934 4428 1029 4510 „Nec
1042 4445 1095 4484 nott
1109 4429 1213 4484 extales
1225 4428 1345 4482 multa...
1359 4442 1438 4497 poena
1452 4426 1576 4497 pudenda
1588 4427 1613 4478 b.

974 4521 1085 4577 Carrarit
1098 4519 1188 4583 citius,
1204 4518 1317 4573 Doetino
1333 4519 1477 4579 tribuente,
1495 4516 1640 4571 medelam.

973 4611 1042 4665 Dum
1057 4617 1193 4664 sarmenta
1208 4608 1283 4677 prius
1297 4607 1459 4679 glomeraret
1471 4605 1570 4660 Pattlus
1582 4606 1614 4659 ad
1631 4605 1732 4675 ignem,

974 4703 1105 4759 fatribus
1118 4706 1148 4755 ut
1162 4698 1244 4769 pellat
1262 4699 1400 4754 brumosis
1414 4696 1509 4767 frigida
1523 4696 1618 4759 trintis,

975 4796 1073 4866 l'ipera
1086 4793 1144 4850 dira
1158 4807 1266 4847 manum
1280 4790 1372 4846 lethali
1386 4791 1465 4846 dente
1476 4789 1633 4852 momordit,

975 4951 1115 5007 stolomm.
1129 4949 1303 5006 (1111111111
1319 4947 1345 5001 11
1361 4961 1412 5002 ms.
1434 4975 1470 4987 -
1481 4943 1539 4999 Non
1555 4941 1691 4998 assentior
1709 4939 1766 4997 viro

976 5022 1043 5077 alias
1056 5022 1224 5083 doctissimo,
1240 5034 1301 5073 cunt
1314 5018 1387 5072 nulla
1412 5017 1491 5086 hujus
1509 5015 1675 5080 coniecturae
1698 5011 1766 5093 ratio

974 5101 1119 5162 appareat;
1133 5101 1162 5149 et
1175 5089 1296 5147 carutina
1311 5088 1450 5157 sequentia
1464 5087 1497 5140 dc
1511 5084 1624 5154 reliquis
1637 5078 1767 5152 apostobs

976 5179 1036 5233 qme
1048 5163 1168 5234 cjtrsdem
1181 5158 1303 5230 profecto
1315 5166 1377 5212 sunt
1389 5156 1518 5220 auctoris,
1537 5156 1570 5210 ad
1584 5152 1662 5208 illum
1676 5150 1766 5207 locum

976 5233 1112 5304 pertinere
1125 5232 1197 5288 baud
1210 5230 1361 5284 rideantur.
1675 5291 1683 5305 υ

1015 5315 1026 5342 ⁰
1039 5303 1098 5356 11111
1119 5301 1221 5356 libellis.
1237 5300 1309 5354 Diras
1320 5297 1447 5365 iutelligit
1462 5293 1596 5367 Epistulas
1607 5292 1684 5348 Petri
1706 5302 1769 5361 apt)

977 5373 1038 5427 stoli
1053 5373 1207 5437 canonicas,
1222 5386 1283 5441 (pute
1304 5367 1405 5425 Christi
1427 5377 1561 5440 praecepta
1581 5375 1610 5422 et
1620 5363 1684 5421 litei
1702 5361 1769 5434 dog·

977 5451 1048 5498 mata
1062 5443 1211 5497 continent.

1016 5512 1026 5552 f
1047 5512 1123 5583 hog,
1139 5511 1237 5566 Publii.

1015 5584 1028 5622 ⁸
1047 5582 1139 5647 l'orte,
1154 5581 1238 5653 frique
1253 5592 1287 5636 et.

1015 5653 1027 5693 ¹¹
1048 5651 1136 5710 Locris
1148 5660 1300 5723 corruptus.
