3780 6120
126 314 179 370 235
462 309 671 367 nostramet.
691 341 727 351 -
743 309 822 364 abt.
843 309 1040 364 Ettrto'btttt
1060 309 1149 364 Ltbttt
1168 311 1212 365 ll'.
1233 343 1267 351 —-
1280 311 1344 366 ΗΒ.
1366 313 1409 369 tt'.

124 444 152 483 ct
164 429 322 482 ostenderet
340 426 381 480 cis
397 440 490 479 rerum
504 441 533 479 sc
547 439 607 480 esse
637 423 736 478 Filium
755 423 814 489 Dei,
838 436 919 491 quem
935 429 955 484 Α
972 421 1080 481 nobilis,
1104 422 1234 491 dignitate
1259 423 1390 483 sublimis,
1411 423 1491 491 imple
1510 423 1581 490 quod
1599 422 1758 490 promisisti,

124 518 163 575 illi
178 518 238 574 ausi
249 525 311 572 sont
323 516 454 571 irridere?
466 514 566 570 Noluit.
579 515 667 580 Quare
679 514 781 569 noluit?
795 513 921 582 Nunquid
970 512 1014 566 lac
1033 520 1063 565 ut
1082 512 1184 566 dixisti.
1206 511 1288 567 Decet
1301 513 1379 582 plane
1395 522 1468 566 tuam
1491 528 1622 566 armosmu
1644 513 1761 582 pruden-

123 612 189 682 cpria
214 624 269 663 noo
292 608 397 679 potuit?
412 607 502 662 Potuit
522 606 610 676 plane.
633 605 702 673 Quid
719 614 761 659 est
774 605 846 659 enim
861 620 918 658 arn*
972 604 1042 658 tiam·
1050 603 1197 658 veridicam
1212 619 1281 658 esse.
1302 604 1400 659 Recole
1418 613 1442 658 tc
1462 604 1549 672 ipsum
1566 604 1619 657 tuis
1644 602 1762 657 coustri-

124 680 240 773 pliusde
247 715 328 755 crccc
339 698 511 762 descendere,
520 715 554 752 an
565 699 598 753 cle
612 698 734 768 sepulcro
744 698 918 767 resurgeret»
972 702 1044 748 ctmu
1055 708 1115 748 esso
1126 693 1234 758 rcrbis3
1250 694 1272 747 si
1288 695 1385 748 borum
1398 694 1455 757 tibi,
1468 709 1536 762 qrros
1551 692 1760 756 nominavimus,
1832 723 1835 729 ,

161 790 234 846 xlx.
252 788 301 844 llis
313 788 438 842 ‹rnrrribus
453 788 615 858 supradictis
631 786 756 842 Patribus
768 788 863 841 boatus
873 785 922 841 lsi·
971 785 1081 840 Patrem
1096 785 1251 839 testimonia
1263 783 1413 854 proferrem
1429 783 1462 838 de
1477 784 1591 839 veritate
1603 783 1630 836 in
1641 781 1760 847 Christo,

127 882 221 945 dorus,
239 881 330 935 lumen
350 878 501 948 Hispaniae,
519 879 545 932 iu
568 879 671 932 unitate
685 893 807 946 personae
820 886 848 931 et
860 892 923 946 pro·
973 880 999 932 in
1013 877 1111 943 nostri,
1126 894 1179 932 nou
1195 887 1224 930 ut
1244 876 1312 931 dicis
1332 876 1433 930 erroris
1457 884 1570 941 sectam,
1594 875 1642 929 sed
1666 883 1696 928 ut
1712 891 1762 932 nus

1702 309 1756 363 236

125 979 244 1049 prietate
269 983 429 1030 naturarum
450 972 637 1042 bedcrrrptorts
659 972 743 1027 nostri
769 970 923 1027 consentire

127 1067 309 1140 agnoscitur¹¹
326 1080 333 1118 :
352 1084 361 1115 r
380 1064 475 1127 llomo,
490 1064 584 1133 inquit,
598 1063 722 1117 Christus
732 1061 819 1126 lesus,
831 1078 924 1132 quiam-

127 1160 170 1213 tis
183 1157 257 1213 aliud
281 1156 316 1211 sit
341 1170 374 1210 ex
389 1154 479 1220 Patre,
496 1153 566 1207 aliml
580 1153 661 1223 965
674 1170 706 1207 ex
723 1153 848 1224 Virgiue;
869 1167 923 1207 oon

128 1259 221 1303 tamen
250 1246 319 1301 alius
333 1260 366 1298 ex
392 1244 483 1307 Patre,
507 1243 574 1297 alius
599 1259 632 1296 cx
649 1243 758 1313 Uirgine
772 1260 778 1295 ι
793 1240 839 1296 εει]
866 1242 923 1310 ipse

128 1347 249 1393 armrnus
264 1353 298 1391 ex
313 1336 403 1400 Patro,
431 1335 487 1405 ipse
511 1333 667 1404 temporalis
692 1342 864 1387 cumane.»
891 1333 924 1387 Et

128 1426 211 1497 paulo
229 1432 310 1495 post:
329 1441 339 1474 r
360 1422 471 1477 blancus
486 1437 555 1475 unus
568 1422 600 1475 de
613 1430 742 1490 utroque,
761 1430 788 1476 ct
808 1422 834 1476 in
850 1431 924 1475 utra-

129 1535 184 1592 que
203 1527 312 1582 natura,
340 1530 390 1570 nec
413 1524 571 1570 naturarum
591 1515 760 1584 copulatione
784 1512 922 1579 confusus,

131 1627 182 1667 nec
193 1618 353 1665 naturarum
364 1606 538 1661 distinctione
552 1606 714 1675 geminatus.
735 1625 744 1656 r
763 1604 852 1672 Quare
876 1619 924 1659 ros

973 970 1124 1025 certissime
1148 969 1259 1035 solatus,
1280 977 1308 1022 et
1323 969 1465 1023 verissime
1487 970 1644 1038 probamus,
1669 967 1763 1021 catbo·

973 1061 1032 1114 licre
1046 1059 1108 1113 buci
1125 1060 1267 1115 ceritatem
1284 1069 1310 1113 tc
1332 1059 1448 1113 transire
1465 1059 1543 1112 rcllc.
1566 1058 1638 1124 eros
1654 1065 1682 1110 tu
1706 1055 1759 1110 ele·

973 1151 1035 1222 gisti
1059 1159 1153 1214 testes,
1177 1150 1273 1204 borum
1296 1149 1343 1203 tibi
1371 1148 1498 1218 proposui
1526 1148 1707 1211 abundanter,
1733 1154 1764 1201 ut

975 1259 1046 1306 reor,
1074 1254 1269 1298 consentaneas
1301 1244 1327 1295 in
1360 1243 1411 1295 lide
1440 1240 1573 1294 catbolica
1602 1239 1762 1293 sententias.

973 1336 1034 1391 b'oti
1049 1335 1082 1390 ab
1095 1350 1189 1389 corum
1204 1335 1332 1389 recedcrc
1345 1333 1458 1396 unitate,
1474 1332 1629 1399 inquorum
1645 1329 1693 1382 tibi
1706 1328 1764 1397 piu·

974 1429 1030 1484 cuit
1051 1429 1222 1483 auctoritate.
1250 1424 1422 1480 Prolcramus
1449 1431 1475 1475 ct
1501 1424 1559 1485 tibi,
1580 1420 1714 1490 utramuis,
1736 1427 1765 1473 ut

976 1520 1066 1582 timeo,
1080 1519 1186 1586 ingrato
1198 1515 1325 1579 auditori,
1341 1514 1429 1568 adbuc
1440 1522 1467 1566 et
1479 1513 1592 1565 aliorum
1607 1510 1696 1578 nragrri
1717 1523 1765 1563 no·

975 1609 1057 1662 minis
1078 1608 1220 1663 doctorum
1244 1605 1437 1675 acceptabilem
1464 1602 1610 1657 urrirersali
1637 1600 1766 1655 Ecclesiae

130 1709 227 1757 ⁰⁰¹¹ll²
241 1699 336 1768 θβῑῑῐῑῑῑ
350 1696 468 1753 d⁰⁰¹⁰si⁵
484 1696 565 1751 *wll
580 1695 777 1751 ⁰⁰¹¹s⁸⁵Si⁰¹¹⁰¹¹¹
803 1695 924 1765 demina·
976 1702 1003 1758 in
1024 1711 1118 1758 sancta
1142 1702 1194 1757 lide
1221 1698 1419 1755 confessionem
1432 1715 1440 1752 :
1455 1705 1589 1768 qrratcous
1604 1694 1645 1748 rel
1670 1694 1767 1747 erubc·

131 1792 168 1848 ¹5⁸
181 1790 319 1846 Chlssfflffl
339 1789 366 1843 5¹¹
386 1803 481 1843 lerum
495 1795 522 1843 ⁰¹
540 1804 593 1841 ⁰⁰¹¹
615 1802 709 1842 lesum
730 1786 828 1841 Filium
855 1785 924 1840 ⁰⁰¹?
939 1775 961 1834 Β
977 1812 1066 1861 εεεττε,
1079 1802 1106 1849 ιε
1122 1794 1208 1850 solum
1226 1794 1268 1848 bis
1284 1793 1410 1847 omnibus
1422 1806 1482 1845 esse
1497 1788 1675 1851 contrarium,
1692 1795 1766 1839 tuam

132 1879 212 1938 ΒΜ
225 1881 259 1936 ⁶0
269 1895 334 1935 lem
347 1879 414 1934 ΜΟ
433 1892 487 1932 ⁰⁰¹¹
502 1885 591 1948 ll0²⁰S¹
608 1877 662 1932 diei
677 1876 829 1947 ³d⁰lllil¹¹⁵2
847 1875 884 1930 112
897 1884 925 1931 0¹
977 1888 1099 1957 corrigas
1115 1886 1296 1949 sententiam;
1313 1885 1365 1947 rel,
1385 1882 1457 1953 quod
1472 1881 1555 1945 absit,
1571 1879 1593 1934 si
1607 1890 1767 1947 permaneas

132 1975 166 2030 (¹⁰
177 1975 306 2046 adoptivo
321 1990 374 2029 '¹⁰¹¹
388 1981 478 2043 P⁰le⁵¹
491 1972 544 2027 dici
557 1987 637 2027 lesus
651 1970 722 2027 filius
737 1972 761 2024 h·
776 1972 810 2027 Εῑ
820 1988 853 2026 0¹
873 1973 925 2027 11²0
978 1980 1006 2034 in
1019 1978 1217 2041 incredulitate,
1234 1977 1269 2032 ab
1287 1976 1330 2030 bis
1343 1975 1469 2030 omnilms
1490 1969 1637 2042 apostolico
1659 1966 1768 2023 ieriaris

133 2066 349 2136 Mil>locatione
372 2063 526 2119 ”000552U0
550 2063 662 2134 Ullssffidl
675 2063 764 2129 dilus»
782 2064 848 2119 (1⁰²³
865 2077 926 2119 8⁵³0
978 2086 1117 2126 mucrone.
1144 2068 1197 2124 Sed
1211 2069 1262 2123 boc
1279 2068 1313 2121 ab
1327 2066 1438 2120 alterius
1453 2063 1588 2120 sermonis
1600 2059 1713 2116 exordio
1725 2059 1768 2112 in-

133 2173 275 2230 personas,
289 2158 428 2228 proprium
438 2165 466 2210 et
478 2157 634 2226 adoptiuum
651 2156 746 2210 silium.

170 2246 231 2302 XX.
256 2247 314 2312 Eia,
340 2246 463 2316 Elipante
475 2246 517 2301 vir
532 2253 670 2300 senectute
688 2245 790 2315 gravis,
806 2245 926 2301 moribus

169 2404 183 2433 ⁸
197 2392 226 2447 S.
241 2392 368 2457 lsidorus,
389 2393 450 2446 libr.
466 2410 474 2447 r
491 2393 614 2447 Sentent.
631 2410 690 2464 cap.
707 2394 750 2447 ld.

169 2462 237 2517 blta
251 2479 344 2518 reram
365 2464 508 2518 lectionem
523 2464 692 2519 restituimus
710 2479 744 2518 et·
762 2464 829 2521 Cod.
845 2466 924 2520 Pari·

133 2534 230 2589 aiensi.
241 2533 271 2588 ln
284 2534 364 2588 editis
383 2533 456 2588 enim
471 2534 508 2587 ita
523 2535 652 2590 mendose
669 2535 827 2605 legebatur:
850 2535 926 2591 Sicut

915 2165 919 2173 '
978 2161 1132 2232 cipicndunr
1144 2175 1204 2214 esse
1217 2166 1306 2212 ratum
1316 2156 1444 2211 arbitror.

980 2408 1013 2460 de
1034 2409 1107 2453 atero
1121 2397 1194 2467 lilius
1215 2412 1266 2449 non
1288 2403 1370 2463 potest
1392 2392 1445 2446 dici
1463 2390 1619 2468 adoptimum
1633 2387 1670 2440 ito
1694 2394 1717 2441 ει
1737 2382 1770 2437 tir

978 2470 1062 2541 optivo
1075 2485 1126 2522 non
1141 2477 1220 2539 potest
1231 2466 1284 2519 dici
1295 2465 1430 2534 adoptione
1441 2478 1516 2515 acras
1527 2460 1609 2526 Jtiiur.

343 2765 461 2827 LIBER
483 2766 693 2840 SECUNDUS,
714 2765 784 2840 QUI
803 2767 855 2827 ET
876 2764 1061 2839 Qbau'rcs
1083 2764 1290 2826 ADVERSUS
1311 2763 1556 2825 Ettrabobtt.

769 2914 1120 2933 -n——q

169 3000 190 3057 l.
203 2997 332 3067 Quamvis
344 2997 451 3053 diverso
464 2998 602 3053 modoriri
613 2997 718 3068 injusti,
735 2999 781 3068 qui
794 2999 828 3054 ab
840 2996 928 3054 eccle-

134 3091 247 3147 siastica
264 3096 434 3144 recesserunt
445 3102 520 3156 pace,
536 3103 642 3143 errasse
663 3096 820 3154 noscantur,
834 3066 963 3143 tamenc

134 3198 169 3237 ει
193 3196 249 3235 uuo
270 3179 394 3248 superbae
418 3177 542 3233 elationis
567 3177 641 3232 sonte
665 3192 733 3247 pene
759 3177 928 3232 diversarum

135 3267 214 3338 origo
227 3276 364 3321 sectarum
378 3265 516 3330 ebullivit;
533 3265 596 3320 dum
613 3264 726 3333 quisque
742 3263 847 3318 illorum
862 3279 927 3333 pro-

136 3357 203 3429 priae
225 3356 314 3426 magis
338 3354 421 3410 voluit
443 3370 503 3410 csse
522 3353 649 3409 defensor
671 3355 822 3418 sententia,
846 3370 928 3424 quam

137 3447 262 3504 veritatis
289 3455 424 3513 sectator;
448 3453 476 3501 ct
500 3448 571 3501 unde
591 3461 641 3501 suo
664 3447 767 3501 nomini
788 3447 928 3516 satagebat

136 3538 254 3608 gloriam
284 3538 437 3607 acquirere,
466 3535 529 3592 inde
554 3537 775 3606 reprehensibilis
800 3537 928 3607 justeque

136 3627 264 3685 omnibus
284 3626 395 3681 odiosus
411 3625 523 3680 ellectus
535 3634 587 3680 est.
609 3625 697 3680 Cardo
710 3627 782 3682 enim
794 3629 928 3698 pessimus

135 3726 164 3775 et
176 3720 254 3790 origo
268 3716 413 3783 malorum,
425 3733 485 3787 qua·
505 3732 540 3772 er
556 3733 616 3774 sese
629 3727 789 3774 cunctarum
802 3720 928 3789 impieta-

137 3821 194 3863 tum
215 3809 374 3865 occasiones
397 3811 510 3879 peperit,
532 3811 590 3866 baee
603 3818 661 3878 εει,
687 3811 752 3867 dum
779 3812 929 3868 cmlcstium

136 3902 279 3959 doctorum
299 3903 441 3971 sapientia,
462 3902 529 3958 vitio
548 3904 619 3958 male
632 3903 849 3975 intelligentium,
863 3918 929 3973 pro-

136 3991 411 4057 cacitatctemerata,
437 4007 490 4046 nou
516 3993 665 4048 secondum
680 3994 723 4048 sui
748 4008 844 4048 sensus
866 4009 930 4063 pro-

136 4080 282 4150 prietatem
308 4081 493 4151 perpenditur,
519 4084 567 4139 sed
593 4083 620 4137 in
646 4083 748 4138 alienos
770 4100 864 4139 sensus
880 4099 930 4154 pro

137 4173 253 4229 arbitrio
265 4180 294 4227 ει
308 4173 445 4227 voluntate
458 4173 583 4243 legentis,
605 4191 684 4231 secus
703 4192 783 4245 quam
807 4177 930 4232 recitatis

136 4262 211 4319 ratio
222 4263 313 4327 babet,
328 4263 476 4318 derivatur.
490 4265 524 4318 Et
538 4265 591 4320 boc
602 4279 635 4319 ex
647 4266 768 4320 onmium
784 4265 929 4321 baeretico—

136 4368 200 4410 rum
220 4354 382 4409 commentis
404 4356 513 4424 cuique,
540 4363 648 4412 sanctas
674 4357 742 4411 bene
766 4356 929 4425 intelligenti

979 2995 1055 3063 Quod
1077 3010 1161 3066 genus
1176 2993 1323 3064 impietatis
1338 3001 1366 3047 et
1379 2993 1495 3048 miseriae
1515 2992 1537 3045 si
1554 2992 1664 3061 prorida
1680 3001 1770 3047 mente

979 3084 1020 3139 rel
1040 3085 1134 3139 humili
1150 3085 1333 3155 indagatione,
1351 3101 1368 3138 o
1387 3085 1468 3138 Pater
1491 3083 1625 3152 Elipaotc,
1644 3082 1769 3138 couside-

979 3190 1041 3230 τετε
1055 3190 1175 3237 εετετεε,
1193 3189 1330 3242 uunquam
1352 3175 1379 3228 io
1395 3175 1474 3245 lmjus
1492 3175 1595 3229 erroris
1616 3173 1721 3230 lorcam
1736 3175 1771 3231 ab

977 3265 1080 3320 unitate
1095 3264 1235 3319 catholice
1249 3264 1324 3334 pacis
1336 3265 1464 3319 recedens
1483 3267 1643 3320 corruisses.
1660 3265 1710 3320 Uti
1732 3265 1772 3319 la-

978 3357 1039 3423 tuit,
1055 3357 1099 3411 ubi
1115 3356 1245 3411 dorruirit
1259 3357 1310 3411 boc
1326 3371 1424 3410 nomen
1442 3356 1593 3425 adoptionis
1608 3357 1649 3411 rel
1664 3371 1770 3412 ouucu·

976 3445 1094 3515 potionis
1105 3445 1138 3499 de
1150 3443 1269 3508 Christo,
1283 3459 1345 3499 cum
1359 3445 1385 3498 in
1401 3444 1489 3499 Nicaea
1505 3445 1615 3500 civitate
1627 3445 1693 3501 lidos
1706 3460 1771 3501 con-

978 3538 1085 3591 lirmata
1107 3542 1148 3590 εει
1171 3534 1306 3590 catboliea
1323 3549 1371 3603 per
1392 3543 1529 3590 trecentos
1551 3535 1643 3589 decern
1658 3547 1684 3589 ct
1709 3542 1772 3591 octo

978 3627 1128 3697 episcopos,
1151 3641 1246 3681 omues
1265 3626 1361 3695 impias
1380 3632 1468 3680 sectas
1491 3625 1647 3690 excludens,
1667 3625 1770 3694 Spiritu

978 3733 1073 3779 sancto
1087 3723 1113 3777 iu
1126 3721 1253 3778 cordibus
1267 3721 1375 3775 illorum
1387 3720 1533 3790 loquente?
1546 3719 1627 3773 Forte
1639 3721 1692 3773 tuis
1702 3728 1770 3774 tcm-

978 3815 1088 3885 poribos
1115 3802 1172 3867 baec
1182 3812 1266 3882 gloria
1277 3812 1360 3881 90ss
1374 3827 1450 3866 norm
1461 3811 1590 3865 doctrinm
1603 3817 1708 3864 serrata
1719 3819 1761 3865 εει

978 3912 1008 3959 ut
1024 3901 1125 3972 aliquid
1139 3901 1200 3956 nori
1217 3900 1361 3963 invenires,
1378 3915 1431 3968 quo
1454 3907 1529 3953 tuum
1550 3913 1647 3952 nornen
1670 3898 1764 3954 exalte·

980 4012 1024 4052 res
1037 3996 1064 4049 in
1077 3993 1153 4047 orbe.
1170 3991 1239 4046 Ecce
1257 3989 1357 4045 taetrum
1377 3997 1429 4054 est,
1442 3989 1557 4043 celebris
1576 3998 1618 4042 εει
1630 3988 1708 4042 raldo
1722 4003 1774 4044 nc·

980 4085 1061 4139 minis
1072 4085 1109 4138 tui
1123 4082 1228 4146 notitia,
1243 4079 1290 4135 scd
1304 4096 1357 4135 non
1370 4094 1431 4133 curn
1446 4079 1588 4133 charitatis
1601 4077 1705 4149 [Forte
1717 4078 1772 4133 cla-

980 4175 1081 4248 ritatis]
1097 4174 1185 4238 laude,
1204 4172 1251 4228 scd
1271 4188 1330 4226 curn
1346 4171 1539 4226 exsecrationis
1557 4172 1687 4241 despectu
1699 4189 1706 4234 ;
1720 4186 1781 4227 nec.

979 4281 1041 4321 cum
1055 4281 1087 4320 ea
1102 4263 1289 4319 benedictione
1310 4278 1361 4330 crata
1388 4261 1517 4316 Salomon
1535 4261 1589 4315 ait:
1604 4260 1706 4314 Nomen
1725 4260 1774 4330 jc·

979 4364 1080 4410 ttorttnr
1099 4355 1263 4410 benedicetur
1283 4352 1374 4426 (Pron.
1392 4371 1419 4418 x,
1443 4353 1480 4424 i).
1502 4352 1573 4409 Care
1593 4354 1665 4422 qtrod
1683 4352 1774 4421 scqui-

137 4445 304 4516 Scripturas,
329 4447 530 4517 dcprcbenderc
551 4448 679 4517 perfacile
704 4458 756 4514 est,
777 4450 849 4518 quod
871 4464 925 4504 non
943 4429 966 4487 ὓ
981 4457 1033 4513 tur,
1051 4461 1084 4501 ne
1097 4447 1184 4517 magis
1198 4455 1245 4502 tuo
1259 4446 1361 4501 nomini
1377 4446 1464 4515 aptari
1480 4446 1583 4514 possit:
1600 4443 1703 4498 Nomen
1724 4459 1772 4497 au·

135 4537 226 4592 solutu
242 4537 386 4606 impiorum
399 4538 570 4607 perversitas,
596 4539 759 4608 spiritalium
781 4538 925 4594 doctorum

135 4624 286 4682 catholicas
315 4627 343 4680 in
371 4626 520 4697 scripturis
552 4629 653 4684 sanctis
688 4629 926 4700 interpretationes

135 4713 209 4769 trtalc
232 4713 432 4780 intellexeruut,
452 4731 546 4771 torum
566 4719 648 4772 etiarn
672 4718 753 4788 impia
775 4719 927 4774 temeritate

136 4802 182 4858 rel
201 4819 284 4873 prara
298 4805 419 4884 caecitate
434 4806 586 4861 divinorum
601 4808 732 4862 librorum
756 4809 927 4864 sanctissima

136 4894 221 4950 rerba
242 4895 277 4950 ad
291 4895 334 4952 sui
347 4897 448 4952 erroris
467 4897 670 4953 similitudinem
686 4900 794 4955 trabere
806 4915 860 4953 non
872 4898 928 4954 lor-

136 4986 320 5055 midarerrmt,
346 4995 374 5043 et
394 4989 484 5045 adbuc
498 4989 680 5045 inlelicissimc
700 4991 734 5047 de
755 5005 788 5046 eo
810 4991 927 5046 manime

136 5083 310 5142 erraverunt,
334 5076 361 5132 id
380 5087 432 5143 est,
451 5078 484 5137 de
497 5078 611 5134 Domino
624 5088 718 5134 nostro
731 5078 794 5135 lesu
807 5081 926 5146 Christo,

137 5163 166 5217 io
180 5177 234 5232 quo
245 5163 304 5220 solo
317 5164 484 5237 singulorum
499 5167 572 5223 salus
590 5177 618 5223 et
635 5169 689 5223 rita
706 5170 839 5235 consistit,
858 5171 928 5227 sicut

136 5256 235 5313 beatus
254 5255 352 5333 Petrus
373 5257 499 5329 princeps
526 5258 716 5330 Apostolorum
739 5269 863 5328 testatur,
887 5262 929 5318 di-

135 5358 223 5403 cena:
240 5343 296 5402 Nec
309 5345 383 5402 altat
397 5364 492 5404 nomen
503 5350 593 5405 aaran
612 5361 650 5406 ert
663 5352 710 5406 rub
731 5351 805 5418 coelo,
829 5355 856 5409 in
877 5370 927 5426 qao

136 5442 257 5505 oporteat
269 5452 316 5492 nor
329 5435 415 5493 cultor
427 5438 497 5508 fieri.
513 5439 582 5512 (Act.
599 5457 635 5506 rt,
649 5441 698 5514 ιιι

172 5521 206 5577 ll.
218 5521 286 5591 Quid
300 5526 482 5585 urisorabilius
493 5539 544 5596 est,
560 5545 641 5601 quam
655 5532 681 5587 id
692 5534 803 5603 qaodad
813 5536 928 5591 salutem

134 5615 265 5672 onunbus
275 5617 367 5673 datum
380 5627 433 5686 est,
446 5620 479 5677 ad
493 5625 639 5693 perniciem
651 5634 788 5698 perpetuae
798 5629 928 5698 perditio-

136 5706 184 5762 nis
206 5720 255 5760 saa
272 5708 411 5765 voluntate
432 5711 577 5780 quemlibet
600 5714 650 5771 sibi
672 5715 723 5786 ipsi
747 5717 928 5775 converteret

981 4546 1042 4601 tem,
1065 4537 1161 4607 inquit,
1185 4537 1325 4608 impiorum
1342 4538 1476 4606 putrescit.
1503 4536 1624 4591 Fuerunt
1645 4537 1727 4590 ctiam
1745 4543 1773 4591 et

980 4627 1071 4681 multae
1090 4634 1152 4696 post
1172 4625 1253 4695 hujus
1275 4626 1375 4681 Nicaei
1397 4627 1587 4682 auctoritatem
1604 4627 1711 4682 concilii
1726 4641 1770 4696 sy·

974 4718 1091 4773 ‚modales
1109 4719 1343 4788 congregationes,
1367 4734 1415 4787 per
1434 4719 1555 4773 dirersas
1571 4720 1663 4788 mundi
1681 4728 1774 4789 partes

981 4809 1164 4877 imperialibus
1188 4810 1397 4864 christianorum
1418 4811 1567 4880 principum
1587 4813 1683 4868 edictis
1707 4829 1773 4868 con·

980 4906 1094 4961 rocatte,
1116 4906 1195 4968 prout
1218 4914 1298 4954 causa
1318 4900 1360 4954 rel
1395 4899 1517 4956 defensio
1542 4904 1682 4959 catbolicae
1710 4903 1773 4959 ssdoi

982 4996 1075 5042 contra
1102 4990 1243 5045 bercttcas
1264 4992 1416 5062 impietates
1442 4992 1599 5065 flagitabat:
1624 4994 1773 5063 inquibus

981 5079 1063 5133 etiam
1083 5081 1149 5137 nibil
1166 5082 1217 5137 tale
1232 5099 1349 5152 unrpmm
1365 5086 1486 5141 auditum
1504 5093 1555 5148 est,
1571 5084 1611 5138 rel
1627 5084 1725 5141 litteris
1739 5087 1772 5141 de

981 5168 1090 5226 Christo
1115 5173 1270 5229 nrarrdatom
1296 5176 1445 5241 iuvenitur,
1466 5173 1544 5243 quale
1568 5184 1659 5229 restra
1686 5191 1773 5246 nuper

981 5261 1181 5331 coarctasset
1205 5266 1291 5336 uragis
1312 5265 1463 5336 procacitas
1479 5271 1588 5334 repente
1603 5266 1713 5320 auribus
1731 5266 1773 5321 in-

982 5350 1041 5406 tulit
1065 5350 1234 5410 Christianis.
1253 5355 1319 5422 Qum
1337 5365 1378 5411 εει
1404 5355 1510 5410 insolita
1528 5363 1554 5410 et
1576 5357 1650 5410 curui
1667 5357 1773 5412 ratione

982 5449 1112 5498 extranea
1136 5443 1217 5499 elatio
1236 5446 1334 5500 mentis
1354 5458 1417 5510 tum,
1437 5455 1466 5500 ut
1485 5446 1533 5502 tibi
1557 5447 1606 5503 soli
1628 5465 1690 5506 curu
1717 5450 1772 5507 tuis

982 5533 1076 5600 paucis
1098 5534 1331 5601 mussitatoribus,
1354 5535 1591 5605 condoctoribus,
1612 5539 1772 5595 universalis

983 5623 1110 5679 Ecclesiae
1123 5624 1189 5680 tides
1207 5641 1261 5680 non
1284 5624 1390 5696 placeat
1401 5645 1409 5696 ;
1421 5637 1448 5686 et
1467 5631 1593 5689 omuibus
1610 5633 1708 5702 ubique
1719 5648 1771 5685 una

984 5735 1050 5776 roce
1065 5720 1243 5780 clamantibus
1265 5721 1403 5780 Christum
1424 5724 1507 5782 beant
1519 5741 1616 5783 rerum
1636 5735 1781 5779 ctrcrnm
