3780 6120
126 382 182 445 ant
451 372 636 431 extrusum
654 368 810 427 nissum.
831 368 875 425 nr
894 366 1033 425 itemst
1053 365 1210 423 ιιιιιιιιι
1230 368 1274 422 ur
1295 368 1435 426 rannus.
1711 374 1764 432 sm

165 492 264 569 equod
280 489 447 565 quaternilas
461 491 519 546 sine
537 491 702 546 dubitatione
722 495 898 542 monstratur.
913 506 923 540 ι
941 491 964 548 Α
979 496 1034 550 tur,
1057 500 1140 540 uniam
1155 494 1244 541 tamen
1256 485 1366 548 animal,
1377 499 1515 554 unumque
1527 486 1663 543 bominem
1678 493 1765 559 parit;

151 583 209 625 om.
221 565 257 620 tx
269 565 352 621 Cone.
364 563 415 617 col.
430 561 473 616 76.
486 563 519 616 Ει
529 562 562 615 ad
580 559 725 630 capitulum
740 557 794 611 i'l:
812 576 821 607 ι
838 557 866 611 ln
879 573 924 611 su·
973 569 1088 627 utraque
1099 564 1176 625 parte
1188 571 1264 610 suam
1289 557 1424 610 retinente
1438 565 1573 621 naturam,
1588 567 1615 612 et
1637 560 1720 614 retenti
1739 561 1766 616 iu

124 637 281 711 prascripto
319 633 505 704 uadragcsimo
528 632 642 700 septimo
661 628 787 698 capitulo,
808 628 833 681 id
852 627 924 697 quod
973 624 1125 686 naturalem
1140 632 1254 680 coeunte
1270 626 1407 690 unionem,
1421 624 1458 680 ita
1471 634 1501 680 ut
1513 628 1566 685 duo
1587 629 1767 687 haeeinterso

125 650 350 776 dicithpestcilus
365 722 371 756 :
385 702 437 768 Qui
448 700 543 756 maritos
554 700 624 769 {ilios
637 699 672 754 ud
683 698 795 768 glorium
805 697 925 751 adduxe·
974 697 1116 756 commista
1132 696 1197 752 sint.
1218 706 1245 750 et
1259 696 1374 751 alterum
1396 695 1474 752 alteri
1504 700 1657 754 eommunia
1675 702 1766 763 t'aciat.

126 774 280 852 ratllleir.
295 791 328 840 ιι,
343 773 398 844 td),
418 772 577 842 experiendo
600 771 711 833 dieitur,
727 768 797 838 quod
816 781 923 822 assum-
973 784 1034 841 quae
1051 767 1103 823 sibi
1117 766 1226 836 propria
1250 775 1324 821 sunit.
1345 787 1353 819 ι
1384 765 1462 821 Τοιιι.
1482 767 1517 823 lV
1538 766 1621 824 Curre.
1642 771 1695 825 eol.
1715 772 1768 829 598

146 857 206 904 tum
221 846 357 901 bominem
380 842 485 897 eaetcris
505 847 681 897 connumeret
695 846 804 893 sanctus
817 846 924 908 aposto·
974 849 1002 895 et
1012 838 1057 894 att.
1082 836 1201 891 Numero
1225 846 1316 892 autem
1333 836 1365 892 ll
1380 837 1499 892 occurrit
1512 839 1692 896 criminationi
1716 842 1769 899 lie·

136 932 182 982 us,
203 930 237 973 ee
254 915 325 986 quud
344 910 469 969 similiter
490 911 604 982 gratiam
629 909 768 964 filiationis
791 907 925 978 acceperit
974 908 1156 965 storianomm
1169 907 1339 977 arguentium
1353 907 1512 971 catholicos,
1534 910 1610 979 quasi
1635 911 1768 976 dicerent,

126 988 188 1044 sola
208 987 310 1043 deitate
331 981 481 1038 naturalem
500 975 656 1037 filiationem
678 979 850 1049 possidente:
865 993 925 1048 quae
974 982 1061 1051 ipsam
1080 978 1162 1033 etiam
1177 992 1288 1031 carnem
1308 992 1340 1031 ex
1354 976 1434 1031 Patre
1447 986 1548 1033 aterno
1559 980 1677 1049 genitam
1691 998 1769 1051 esse;

167 1058 241 1114 idem
254 1056 348 1117 rerba,
366 1053 436 1108 sicut
450 1052 574 1121 superius
584 1050 685 1105 dictum
700 1057 751 1113 est,
762 1048 830 1103 duos
841 1049 926 1102 intro·
974 1051 1081 1120 aitque:
1107 1064 1118 1101 ι
1135 1044 1192 1101 Nee
1205 1061 1269 1102 vero
1281 1047 1406 1112 dicimus,
1421 1049 1468 1116 qui
1479 1057 1551 1104 reete
1564 1052 1664 1107 sentire
1677 1053 1770 1110 deere-

126 1074 233 1185 gaunt
247 1126 327 1185 salios.
342 1125 432 1187 idest,
446 1137 528 1175 ιιιιιιιιι
544 1120 732 1192 pergratiam,
748 1118 927 1188 alterumper
975 1122 1073 1184 rimus,
1099 1116 1522 1187 Dutrmlaetumearnispatrem,
1544 1134 1594 1175 nee
1623 1137 1717 1180 rursus
1729 1126 1770 1181 di·

126 1207 294 1254 naturam.»
311 1192 389 1255 Tem.
407 1190 537 1247 mcum.
554 1190 606 1245 cul.
621 1192 666 1245 88.
678 1188 736 1243 Νοιι
750 1189 824 1244 sulus
843 1188 927 1257 igitur
974 1188 1098 1245 vinitatis
1124 1196 1249 1242 naturam
1266 1203 1281 1241 a
1300 1187 1413 1243 attrahere
1427 1189 1539 1254 editam,
1556 1201 1700 1262 antequam
1717 1195 1769 1251 hu·

126 1266 248 1340 cyrillus
269 1267 292 1322 is
308 1272 377 1328 erat,
400 1265 445 1332 qui
460 1276 494 1316 ex
508 1262 633 1331 dogmate
648 1260 800 1328 adoptionis
814 1258 926 1314 dualita·
975 1276 1056 1316 mana
1079 1266 1176 1314 natura
1196 1273 1226 1313 sc
1249 1258 1394 1313 induisset:
1421 1259 1468 1313 sod
1481 1259 1612 1327 Verium,
1639 1264 1711 1332 quod
1734 1282 1768 1320 ex

127 1344 186 1393 tem
201 1336 318 1391 tiliorum
341 1332 492 1395 inferebam
514 1332 578 1401 quin
601 1343 695 1387 omncs
715 1330 804 1398 potius
828 1327 855 1384 in
875 1328 926 1383 hae
975 1332 1031 1387 lico
1046 1338 1142 1385 natura
1159 1337 1210 1392 est,
1232 1336 1259 1381 et
1284 1327 1433 1392 horariuem,
1451 1329 1498 1397 qni
1521 1344 1553 1384 ex
1568 1347 1644 1387 sacra
1659 1334 1771 1404 Virgine

127 1422 146 1463 a
200 1404 338 1461 mentandi
349 1403 453 1457 ratione
464 1401 513 1456 sihi
525 1400 725 1456 eonsentientes
734 1399 842 1463 babuit;
854 1399 925 1468 qnod
996 1400 1096 1456 erfecte
1110 1399 1136 1453 in
1155 1399 1224 1454 inane
1237 1399 1323 1453 lucem
1336 1406 1412 1452 urtus
1433 1407 1486 1464 est,
1500 1400 1533 1453 ad
1556 1401 1687 1458 unitatem
1702 1420 1769 1460 coa-

125 1476 242 1562 qmdem
253 1474 354 1529 ideireo
368 1473 513 1527 notandum
524 1470 659 1533 duximus,
672 1471 774 1539 nequis
785 1484 817 1523 ex
831 1483 925 1524 recen·
975 1418 1104 1531 Percotes.
1118 1485 1202 1523 uniam
1215 1468 1357 1522 bominum
1369 1477 1397 1522 et
1409 1468 1547 1524 Christum
1559 1469 1651 1527 lesum
1673 1474 1770 1530 adora·

126 1547 247 1607 moribus
260 1544 339 1614 hujus
353 1542 439 1598 sancti
457 1542 576 1596 doctoris
588 1540 751 1596 aduersariis
763 1546 857 1594 eontra
868 1553 926 1593 mo-
975 1542 1081 1596 bimus:
1095 1541 1132 1594 ita
1142 1546 1173 1592 ut
1186 1554 1267 1592 unum
1280 1539 1467 1608 huncpropter
1479 1549 1645 1610 assumptam
1658 1558 1768 1600 earnem

126 1618 196 1675 dum
209 1615 337 1671 Ecclesiae
357 1613 472 1683 lideique
490 1613 583 1667 hostes
601 1609 775 1680 impugnandi
797 1617 924 1677 tanquam
975 1618 1053 1665 extra
1082 1609 1232 1665 divinitatis
1257 1608 1388 1664 terminus
1417 1624 1472 1663 nou
1498 1607 1654 1679 ejiciamus3
1680 1628 1715 1669 ne
1735 1631 1770 1671 ue

126 1700 244 1759 prorsus
265 1684 446 1755 singularem,
467 1681 589 1736 minusue
611 1688 768 1735 accuratum
796 1678 924 1747 excipiat,
976 1690 1088 1805 propter
1100 1694 1160 1735 earn
1174 1694 1278 1733 rtrrsus.
1294 1694 1375 1749 quam
1386 1694 1556 1734 communem
1568 1684 1707 1739 nobiseum
1716 1631 1771 1739 ita-

126 1755 277 1812 exhihituri
297 1755 352 1823 jam
377 1753 458 1808 etiam
478 1761 648 1823 argumenta,
668 1750 766 1820 quihus
782 1749 924 1804 ratiocinia
986 1760 1031 1813 tet,
1046 1750 1259 1812 similitudinem,
1275 1749 1344 1803 intra
1357 1749 1440 1803 solius
1454 1748 1578 1807 humanae
1590 1764 1694 1810 naturae
1704 1770 1771 1811 cau·

126 1840 183 1901 pro
196 1824 358 1882 stabilienda
371 1823 515 1893 adoptione
529 1821 572 1876 illa
583 1837 599 1875 a
612 1820 781 1877 Nestorianis
793 1828 923 1888 usurpata
940 1843 962 1902 Β
976 1821 1058 1877 cellos
1070 1820 1248 1875 includamus.
1264 1838 1274 1871 ι
1302 1818 1369 1873 lhid.
1385 1819 1436 1874 eol.
1451 1819 1512 1875 606.
1534 1821 1635 1894 Nempe
1651 1840 1712 1881 eum
1725 1841 1775 1882 ar·

126 1896 271 1954 refutavit.
975 1900 1088 1962 guerenl
1105 1889 1256 1945 Nestoriaui
1273 1888 1423 1954 Christum,
1448 1892 1537 1959 quoad
1560 1892 1768 1963 humanitatem,

165 1966 211 2023 lll.
227 1964 268 2019 Ad
281 1973 462 2034 orpumentum
477 1961 706 2026 Nestorionomm,
717 1961 787 2029 qaod
800 1976 846 2015 nec
858 1961 925 2015 diui-
975 1976 1009 2016 ex
1024 1961 1104 2016 Patre
1116 1961 1235 2029 genitum
1248 1960 1319 2016 haud
1332 1975 1403 2025 esse,
1416 1962 1494 2030 proin
1505 1963 1592 2033 gratia
1607 1973 1710 2021 tantum
1722 1983 1769 2023 seu

128 2035 463 2106 aiteseaVirqinemotre,
477 2033 684 2086 neclrmnouitos
696 2029 924 2086 exPotreoetemo
976 2032 1131 2101 adoptione,
1157 2030 1242 2084 hiirtm
1260 2029 1313 2084 diei
1339 2030 1447 2096 dehere,
1472 2036 1593 2102 adeoque
1607 2046 1634 2091 ct
1654 2045 1772 2093 matrem

128 2115 195 2163 nats
209 2107 255 2171 sit,
270 2107 308 2159 uit
328 2103 454 2175 cyrillus,
470 2103 612 2166 hominem,
631 2104 678 2155 etsi
690 2102 780 2156 anime
798 2099 871 2154 iilius
893 2117 926 2155 eu
976 2101 1073 2172 ipsius,
1084 2116 1145 2170 quau
1155 2100 1240 2155 solam
1252 2099 1459 2164 humanitatem,
1474 2117 1527 2157 nou
1539 2103 1708 2162 ‹lirinitatem
1722 2123 1772 2178 pe-

128 2178 386 2233 notriscomeorto
411 2173 483 2227 hond
503 2173 548 2237 ait,
575 2181 659 2226 totum
683 2181 768 2226 tumen
787 2181 925 2241 parentam
976 2170 1291 2247 perissetttpwroriam,
1307 2173 1769 2245 trunorariauaappellaudamesse;

128 2260 242 2303 ιιιοιιιιιι
264 2245 351 2315 filium
375 2244 484 2299 diri-
502 2242 624 2297 Diximus
639 2250 727 2296 autem
756 2241 925 2311 paragrapho
977 2243 1123 2311 reponebat
1146 2238 1423 2311 CyrillusChristum,
1449 2243 1500 2296 etsi
1539 2246 1609 2300 uoad
1632 2261 1773 2306 caruema

148 2315 294 2373 raecedenti
317 2328 390 2370 uum.
405 2314 433 2378 5,
457 2314 484 2369 in
507 2328 539 2367 co
551 2313 720 2383 potissimum
731 2325 790 2366 sese
800 2311 926 2367 laudasse
976 2309 1056 2367 Patre
1074 2320 1175 2367 aeterno
1203 2310 1375 2365 enitushaud
1396 2321 1479 2375 esset,
1495 2260 1671 2372 niiailnminus
1683 2322 1772 2388 quoad

127 2333 321 2451 itesartanos,
344 2386 416 2456 quod
430 2399 480 2439 nce
491 2383 619 2438 divinitas
631 2398 664 2437 es
680 2382 798 2453 Virgine,
814 2395 864 2435 nee
876 2382 927 2436 bu-
976 2382 1048 2437 hanc
1060 2395 1167 2451 quoque
1180 2327 1263 2435 fflium
1278 2379 1368 2437 Patris
1385 2383 1536 2437 naturalem
1552 2400 1621 2450 esse,
1646 2403 1679 2443 co
1698 2391 1773 2459 quod

128 2458 249 2513 manitas
259 2471 293 2512 ex
306 2456 385 2510 Patre
399 2463 501 2511 aeterno
515 2462 578 2508 nata
589 2454 639 2518 sit;
652 2468 684 2507 ac
696 2452 773 2522 proin
787 2465 837 2506 aee
845 2450 927 2523 Virgo
977 2460 1112 2522 campost
1122 2452 1249 2507 unionem
1262 2451 1351 2506 Verbo
1369 2451 1438 2506 laeta
1455 2461 1528 2509 esset
1543 2457 1662 2525 pmpria,
1678 2474 1774 2528 quem

130 2526 290 2584 beatissima
306 2525 430 2597 Deipara,
462 2525 646 2580 neehomocx
661 2523 705 2577 illa
719 2521 827 2593 genitus
844 2531 926 2576 natu·
977 2522 1122 2578 admodum
1141 2529 1277 2591 parentes,
1303 2521 1349 2592 qui
1373 2522 1457 2577 solam
1474 2539 1583 2579 earnem
1610 2527 1636 2581 in
1663 2528 1777 2585 bomine

129 2596 256 2653 ralisliei
269 2595 364 2659 Vilius,
386 2596 432 2651 sed
448 2595 589 2666 adoptivus
602 2601 707 2649 tautum
719 2591 868 2714 rruneupari
881 2591 927 2647 de-
978 2594 1139 2665 produeunt,
1163 2592 1247 2647 totius
1259 2598 1347 2645 tamen
1367 2592 1495 2660 hominis,
1509 2595 1588 2664 proin
1626 2599 1695 2654 uoad
1714 2601 1776 2655 ani-

128 2668 207 2724 beat.
228 2667 264 2722 m
275 2666 377 2737 excipit
389 2674 483 2721 contra
495 2668 564 2720 banc
578 2664 723 2719 illationem
740 2662 804 2734 Cyri
817 2662 857 2717 lus
870 2678 927 2716 ma·
978 2678 1050 2717 mam
1062 2676 1181 2732 quoque,
1196 2662 1259 2716 lieet
1269 2662 1339 2717 hane
1353 2662 1426 2718 solus
1440 2662 1512 2720 Deus
1527 2611 1659 2733 tntumiat,
1675 2683 1774 2739 paren-

129 2747 191 2793 tres
202 2738 345 2801 humanas,
373 2736 424 2792 etsi
464 2736 530 2791 rinei
552 2732 792 2804 aliuremprolium
817 2747 927 2787 suarum
979 2741 1021 2789 tes
1033 2734 1175 2798 dicuntur3
1197 2747 1230 2788 eo
1242 2732 1313 2802 quod
1324 2732 1414 2788 anima
1427 2742 1488 2803 post
1498 2734 1660 2793 infusionem
1681 2741 1773 2807 carni,

128 2807 383 2879 partem,animam
403 2749 516 2871 seilicet,
533 2751 611 2860 zaud
625 2812 764 2876 generent,
789 2803 872 2858 totius
890 2810 929 2856 ta-
979 2818 1061 2873 quam
1074 2802 1195 2858 ediderat
1208 2810 1305 2868 mater,
1325 2805 1434 2874 propria
1454 2815 1609 2862 censeatur.
1642 2808 1777 2866 Similiter

130 2890 197 2934 meu
212 2877 332 2933 hominis
349 2886 460 2939 matres.
475 2876 611 2931 huminem
630 2888 692 2929 uero
722 2873 811 2943 quoad
834 2886 929 2928 omnes
979 2874 1103 2945 quamvis
1128 2873 1295 2929 diuinitatem
1315 2873 1401 2943 ipsam
1423 2875 1579 2931 beatissima
1601 2877 1685 2951 Virgo
1699 2881 1773 2936 haud

130 2956 229 3019 partes
241 2948 405 3003 matrissuae
429 2947 514 3002 lilium
528 2945 632 3009 uocari,
659 2952 687 2999 et
700 2944 792 2999 meari
818 2943 926 2998 debere.
979 2951 1146 3013 generasset,
1160 2944 1246 3014 ipsam
1260 2951 1351 3000 tamen
1366 2951 1394 2999 et
1407 2947 1494 3013 quoad
1518 2947 1588 3002 banc
1604 2946 1704 3005 Christi
1720 2950 1775 3008 lio·

131 3017 220 3075 «Sed
269 3020 446 3074 rcuuetahere
462 3017 506 3073 hie
534 3016 648 3071 forsitan
674 3014 724 3086 (ait
751 3014 777 3070 in
792 3013 878 3084 Epist.
895 3012 929 3068 ad
980 3014 1046 3069 ruini
1060 3022 1173 3069 matrem
1188 3014 1315 3079 existere,
1338 3030 1400 3069 eum
1416 3022 1540 3072 uatmam
1556 3018 1703 3075 humanam
1726 3036 1775 3092 pe-

129 3032 330 3145 monaeffisAE
368 3089 406 3159 pti
419 3104 493 3143 num.
509 3086 544 3141 ta
568 3084 700 3155 nutuquid,
722 3084 766 3140 dic
784 3099 842 3154 age,
861 3083 930 3139 diri·
1015 3084 1105 3150 risset,
1123 3099 1203 3154 quam
1218 3082 1431 3141 Filiusmternus
1453 3086 1503 3140 sibi
1531 3087 1625 3142 intime
1638 3091 1773 3147 unirerat.

129 3160 230 3217 uitatis
240 3103 420 3231 materqirgu
433 3086 553 3213 exstititi
566 3156 607 3212 hd
623 3156 674 3211 huc
685 3155 809 3218 dicimus,
835 3153 928 3209 uirum
942 3192 965 3257 C
980 3155 1094 3279 Andeet
1116 3153 1214 3210 ibidem
1227 3169 1301 3208 rrum.
1312 3154 1359 3220 80,
1382 3156 1433 3211 eol.
1447 3155 1510 3223 (ild,
1533 3166 1675 3241 postquam
1689 3162 1773 3217 verba

129 3228 210 3295 iilud,
224 3238 253 3286 et
262 3230 413 3285 subsistens
422 3227 469 3283 uei
482 3226 600 3283 Verbum
615 3241 679 3280 rere
689 3225 758 3280 eitra
768 3224 851 3280 ullam
861 3238 928 3279 eun·
1005 3225 1102 3296 postoli
1117 3225 1271 3280 retulisset:
1296 3223 1349 3290 Qui
1359 3226 1438 3281 etium
1459 3230 1565 3297 proprio
1579 3227 1651 3283 Filio
1665 3247 1717 3285 non
1730 3249 1775 3303 pe·

129 3300 295 3357 troversiam
307 3314 339 3355 ex
352 3300 409 3370 ipsa
424 3298 472 3353 Dei
486 3306 514 3353 et
524 3297 612 3352 Patris
625 3297 741 3352 essentia
753 3295 873 3367 genitum
886 3309 930 3350 es·
978 3297 1072 3377 percit,
1083 3304 1136 3351 ete.
1154 3293 1243 3364 (Rom.
1259 3310 1318 3359 ιιιι,
1334 3294 1391 3365 58),
1404 3297 1440 3352 ita
1454 3299 1559 3368 pergit:
1580 3318 1589 3349 ι
1605 3297 1655 3356 llic
1665 3309 1775 3358 tenone

130 3386 174 3427 se.
184 3370 336 3426 ...Verum
351 3369 504 3425 novissimis
514 3369 562 3423 acui
575 3366 654 3449 hujus
663 3367 829 3436 temporibus
840 3365 930 3421 iucar—
979 3374 1127 3435 interrogo,
1155 3365 1290 3437 quomodo
1310 3364 1341 3429 is,
1366 3367 1412 3436 qui
1430 3382 1463 3422 ex
1478 3383 1556 3424 soem
1569 3370 1681 3441 Virgine
1697 3380 1775 3428 ortus

130 3449 241 3509 uatum,
255 3440 307 3496 hoe
321 3448 373 3504 est,
385 3439 492 3510 corpori
506 3439 597 3492 anima
611 3436 769 3506 intelligenti
785 3437 929 3491 iulormato
978 3443 1029 3499 est,
1056 3436 1181 3507 pauprius
1194 3433 1339 3491 DeiFiiius
1363 3437 1530 3508 appelletur?
1560 3438 1775 3498 Saneutbomi-

131 3512 252 3573 uultum,
267 3510 414 3566 secuudum
427 3525 536 3564 caruem
548 3521 654 3577 quoque
665 3523 698 3562 ex
710 3506 821 3562 audiere
835 3515 927 3561 uatum
979 3507 1033 3570 nis,
1054 3514 1081 3560 et
1095 3504 1277 3576 cujuscunque
1288 3507 1400 3565 alterius
1413 3509 1559 3565 animantis
1606 3513 1727 3584 reprium
1747 3513 1776 3568 id

130 3596 204 3637 esse.
229 3578 319 3637 ilabet
333 3589 422 3635 autem
437 3580 490 3634 hoe
512 3578 646 3634 incarnati
668 3577 751 3633 Verbi
768 3576 929 3659 mysterium
978 3591 1040 3632 esse
1058 3576 1249 3642 rectedieitur,
1265 3578 1337 3646 quod
1349 3580 1511 3635 naturaliter
1523 3595 1557 3635 ex
1572 3526 1618 3635 ἰιῗο
1634 3585 1773 3650 naseitur;

130 3664 196 3709 mm
209 3651 418 3721 homanopartu
429 3649 632 3720 cognationem:
648 3648 929 3717 quandoquidemter-
980 3646 1018 3701 ita
1032 3648 1131 3703 merito
1148 3661 1256 3717 quoquc
1266 3646 1292 3700 id
1305 3651 1447 3717 proprium
1457 3648 1506 3706 Dei
1520 3660 1657 3719 eertsetur,
1682 3662 1709 3708 et
1724 3670 1773 3725 ap·

130 3734 264 3777 rusorum
285 3721 425 3777 hominum
449 3728 550 3775 matres
567 3726 670 3772 natura}
693 3719 725 3772 ad
744 3717 929 3787 generandum
979 3717 1105 3799 pellatur,
1120 3718 1192 3799 qrrnd
1204 3732 1236 3771 en
1249 3717 1321 3772 illius
1334 3719 1485 3774 substantia
1505 3721 1582 3789 proi
1619 3722 1684 3777 itur.
1716 3724 1777 3791 Qua

133 3791 349 3855 misserrientes,
369 3790 396 3846 in
408 3798 485 3846 utero
497 3788 606 3860 quidem
619 3802 728 3842 carnem
740 3793 854 3857 gestant,
870 3801 930 3856 quae
980 3787 1064 3857 agitur
1086 3795 1191 3842 ratione
1205 3786 1331 3842 Christus
1344 3789 1470 3857 proprius
1482 3788 1530 3845 bei
1551 3736 1582 3845 Fi
1593 3790 1636 3846 ius
1651 3793 1779 3848 nomina-

132 3857 929 3943 senslmpertemporuminteruallaconcrescensarcanis-
980 3866 1035 3921 tur,
1059 3857 1105 3926 qui
1130 3866 1158 3912 et
1175 3871 1191 3910 a
1210 3854 1267 3911 Deo
1280 3871 1387 3925 quoque
1400 3857 1519 3913 etPatre
1543 3861 1664 3916 omnium
1680 3862 1778 3921 salutis

131 3944 189 4005 φο
205 3930 367 4002 quibusdam
385 3928 537 3987 Conditoris
550 3928 753 4012 operationibus
763 3928 930 3982 incrementa
980 3935 1008 3980 et
1022 3927 1176 3982 vitucausa
1190 3924 1296 3981 oblatus
1310 3926 1509 3996 predicatum.
1526 3968 1533 3981 .
1551 3968 1558 3983 .
1581 3930 1695 3986 Planum
1720 3942 1777 4002 cst,

131 4000 267 4073 paulatim
275 4016 395 4064 sumens,
420 4001 453 4056 ad
464 3997 657 4072 perlectionem
674 3998 788 4053 adducta
815 3995 930 4052 sormam
979 3997 1051 4067 quod
1063 3998 1096 4053 ad
1112 4007 1269 4052 naturarum
1284 3996 1412 4052 unionem
1431 3998 1589 4068 respiciens,
1607 4001 1771 4058 Emmanue-

131 4070 247 4127 taudem
256 4072 364 4143 attingit
379 4071 536 4125 humanam.
566 4068 826 4131 Deusueromodo,
848 4081 930 4137 quem
980 4067 1043 4127 iem,
1071 4068 1117 4137 qui
1132 4084 1164 4122 ex
1181 4080 1257 4121 saera
1273 4066 1382 4138 Virgine
1403 4077 1580 4136 exortusest,
1610 4070 1657 4127 liei
1676 4072 1776 4130 Filium

133 4142 197 4213 ipse
213 4141 439 4212 norit,spiritum
463 4140 610 4194 infundit..
629 4179 636 4191 .
655 4137 799 4193 .lamalia
828 4138 930 4201 carnis,
980 4137 1106 4193 deliniat:
1127 4136 1392 4262 qtrandoquidemee
1426 4154 1468 4204 us,
1490 4141 1563 4209 quod
1585 4153 1778 4199 encaustum

132 4211 193 4267 ntia
207 4211 516 4267 vernariurseestratio.
531 4209 612 4278 Atqui
627 4209 690 4265 iicet
700 4208 752 4264 ille
760 4208 930 4264 terrestrium
981 4214 1034 4271 est,
1053 4222 1106 4263 non
1119 4225 1134 4262 a
1147 4206 1390 4278 teriuseujuspiam
1424 4209 1522 4266 ominis
1541 4213 1683 4269 nostrimet
1696 4215 1775 4269 simi-

134 4280 271 4337 duntaxat
283 4296 427 4352 corponnn
442 4288 545 4335 matres
553 4281 628 4345 liant,
645 4295 697 4334 non
712 4278 826 4334 alteram
841 4287 930 4332 tamen
981 4276 1025 4339 lis,
1037 4281 1092 4333 sel
1107 4279 1193 4349 ipsius
1204 4277 1296 4342 Verbi,
1311 4279 1383 4347 quod
1400 4293 1434 4333 ex
1449 4280 1630 4338 Patreuatum
1641 4292 1693 4349 est,
1709 4300 1774 4356 pro-

133 4354 256 4475 ffim’
271 4352 320 4407 sed
339 4350 720 4421 totum„quodexauimaet
735 4363 849 4419 corpore
862 4363 929 4404 oon·
981 4349 1069 4419 prium
1092 4359 1192 4404 erat.»
1222 4348 1281 4420 lpse
1297 4347 1439 4406 Nestorius
1461 4351 1524 4407 huie
1547 4356 1778 4424 argumentationi

174 4428 231 4486 tur,
249 4436 346 4493 parcre
357 4421 497 4476 dicuntur:
519 4436 598 4476 nemo
611 4420 684 4474 enim
695 4420 736 4490 (ut
750 4418 873 4490 exemplo
887 4432 932 4473 res
982 4434 1075 4474 ausam
1085 4419 1201 4476 tortasse
1210 4420 1333 4491 praebuit,
1357 4436 1419 4476 cum
1432 4421 1476 4475 illa
1492 4423 1519 4477 in
1539 4424 1718 4493 patrocinium
1732 4427 1776 4481 sui

134 4488 298 4563 illustretur)
308 4491 562 4547 Elisabethcaruem
574 4491 768 4555 tautummodo,
782 4504 836 4545 nou
847 4489 929 4544 etiam
981 4490 1281 4548 ermrisabususrsset.
1298 4491 1426 4546 hitenim
1437 4495 1508 4560 apud
1518 4493 1666 4565 cyrillum:
1684 4514 1692 4545 ι
1708 4496 1779 4551 For-

136 4560 258 4617 ammam
279 4561 540 4633 peperissedixerit;
567 4560 700 4631 siquidem
721 4560 826 4632 peperit
837 4558 930 4630 Bapti-
943 4552 968 4611 D
982 4569 1072 4616 matur
1082 4561 1108 4617 iu
1118 4571 1196 4618 uteru
1210 4560 1310 4624 infans,
1335 4561 1382 4617 sed
1396 4562 1484 4632 quoad
1501 4563 1612 4632 figuram
1623 4568 1775 4637 acceperit,

136 4631 384 4698 mammetem,
407 4640 435 4687 et
448 4631 595 4694 homiuem,
615 4638 645 4684 ut
664 4646 747 4686 utrum
766 4647 800 4686 ex
813 4630 928 4695 duobus,
980 4633 1098 4686 nondum
1109 4633 1190 4687 hahet
1206 4632 1339 4686 animum:
1355 4638 1384 4685 at
1399 4630 1443 4684 nbi
1456 4630 1586 4699 liguratus
1612 4633 1704 4701 luerit,
1717 4638 1775 4709 ium

137 4714 231 4767 ωηο,
245 4701 366 4773 iuquam,
379 4711 406 4757 et
416 4703 520 4757 anima:
537 4701 572 4754 ita
584 4708 612 4756 et
625 4700 651 4754 in
663 4701 846 4756 Emmanuelis
860 4715 930 4769 quo·
980 4703 1071 4756 anima
1082 4701 1244 4758 inhumatur
1263 4699 1359 4755 alico.
1388 4700 1423 4756 lit
1454 4701 1537 4771 igitur
1557 4703 1655 4759 mulier
1676 4722 1777 4778 eorpus

141 4784 194 4843 que
204 4779 266 4827 ertu
279 4772 410 4828 accidisse
422 4771 756 4844 cogitemus;namexl)ei
767 4770 857 4825 Patris
867 4772 932 4825 sub·
981 4772 1063 4840 parit,
1090 4772 1138 4826 sed
1151 4771 1222 4825 Deus
1236 4770 1354 4825 animam
1366 4771 1507 4833 tribuit,n
1597 4774 1658 4829 idm
1672 4777 1778 4833 dicetur

139 4841 239 4897 euntia
251 4850 403 4907 natomest,
419 4850 450 4897 ut
461 4840 703 4912 disi,uuigenitum
716 4840 928 4896 illiusVerhum:
981 4843 1089 4906 animae,
1108 4841 1171 4910 quia
1183 4840 1288 4911 peperit
1299 4840 1465 4907 animatum,
1495 4857 1534 4898 sea
1557 4846 1646 4915 potius
1657 4846 1777 4904 hominis

140 4910 295 4969 boeauoem
312 4920 487 4983 posteaquam
506 4925 598 4976 earne,
625 4926 706 4980 quam
716 4911 852 4992 propriam
879 4910 930 4965 sihi
982 4911 1114 4981 genitrix:
1137 4911 1177 4966 sic
1190 4924 1297 4979 qunque
1310 4911 1388 4965 beata
1415 4911 1510 4984 Virgo,
1532 4915 1582 4969 etsi
1620 4918 1707 4987 eperit
1726 4918 1776 4973 im·

139 4980 205 5037 iecit
296 4992 444 5053 assumpta,
456 4989 706 5038 nostramuaturam
718 4982 814 5043 induit,
823 4989 850 5035 et
860 4978 933 5034 lilius
984 4981 1095 5046 minem,
1110 4979 1188 5037 simul
1199 4995 1261 5034 cum
1272 4979 1317 5034 ilio
1332 4988 1538 5050 pertranseunte
1547 4930 1706 5049 belismo.
1720 5003 1775 5044 nou

140 5052 259 5109 hominis
281 5060 373 5109 actum
385 5062 436 5115 est,
451 5053 519 5106 eitra
533 5066 641 5107 earnem
652 5051 862 5114 absurditatem,
876 5050 930 5105 imo
985 5051 1098 5107 ideoest
1118 5050 1340 5107 bethoniam..
1383 5051 1775 5113 Libradrersusliesturium

140 5124 384 5185 meneemsaria.
410 5122 634 5193 convenientique
659 5120 765 5176 ratione
784 5121 930 5176 secuudum
985 5122 1109 5183 temVl,
1132 5120 1177 5177 iel.
1191 5121 1234 5174 tr.
1263 5120 1417 5190 Respondet
1431 5138 1494 5179 rere
1509 5123 1626 5195 cyrillus
1650 5126 1715 5182 ibid.
1728 5126 1775 5183 iol.

140 5206 252 5249 aarum
271 5208 305 5249 ex
319 5193 432 5250 muliere
448 5202 542 5249 natum
564 5191 684 5247 creditur
707 5199 735 5247 et
757 5191 929 5262 praedicatur.
986 5192 1034 5248 ts:
1069 5192 1217 5263 ‹Gignitur
1243 5207 1258 5247 a
1277 5206 1361 5247 carue
1384 5208 1448 5249 caro
1462 5193 1554 5265 procul
1569 5194 1661 5260 dubio,
1680 5205 1707 5252 et
1733 5197 1777 5255 ille

141 5260 374 5330 memorum
387 5273 414 5319 et
427 5264 483 5333 ipsa
498 5278 533 5333 qu
571 5278 604 5318 ue
623 5262 740 5318 hominis
752 5262 852 5325 anima,
869 5260 932 5316 lieet
984 5277 1076 5317 rerum
1089 5263 1210 5317 omnium
1224 5261 1315 5333 opiiex
1339 5263 1420 5317 ruodo
1437 5274 1465 5318 et
1483 5264 1599 5329 ratione,
1620 5279 1701 5334 quarn
1719 5268 1778 5339 ipse

142 5340 237 5391 utura
261 5350 411 5406 aeorpore,
437 5334 509 5417 quod
532 5333 558 5387 iu
571 5340 668 5395 armat,
683 5333 790 5391 diversa
800 5330 931 5402 intelliga-
985 5333 1069 5397 novit,
1086 5342 1115 5387 ut
1128 5333 1305 5413 animata-sit,
1321 5331 1416 5386 efficit:
1429 5334 1476 5388 sed
1490 5342 1580 5389 tamen
1595 5335 1702 5402 mulier,
1716 5354 1778 5465 Ἥιοω-

81 5432 84 5469 ι
143 5412 197 5470 tar,
213 5406 291 5461 etsit
303 5420 352 5462 sua
366 5418 474 5475 propria
485 5404 601 5469 ratione,
627 5418 679 5458 una
696 5412 785 5458 tamen
801 5417 863 5458 curu
880 5417 930 5458 sue
984 5404 1098 5474 peperit.
1118 5403 1168 5457 etsi
1181 5418 1272 5459 earnis
1283 5403 1469 5458 tantummodo
1481 5404 1517 5460 sit
1530 5404 1712 5475 origo,totum

144 5476 373 5545 commetitur,
402 5482 430 5531 et
453 5474 622 5531 relutunum
643 5473 780 5544 quidpiam
797 5473 931 5544 cumipse
982 5474 1085 5528 minem
1096 5472 1278 5528 tameuenira
1294 5471 1475 5539 creditur3er
1494 5474 1595 5540 anima,
1614 5477 1779 5548 iuquam,et

143 5553 279 5603 censetur.
317 5545 396 5614 Quod
420 5545 443 5599 si
466 5545 600 5615 quispiam
613 5552 728 5599 matrem
748 5543 863 5616 alicujus
876 5556 931 5598 non
983 5555 1105 5615 corpore,
1115 5541 1280 5613 quamvisad
1288 5541 1459 5598 existentiam
1470 5546 1568 5600 anima
1583 5547 1649 5602 nihil
1664 5550 1777 5620 aseipsa

143 5613 321 5689 ssimiparam
333 5614 589 5687 appellandamesse
602 5613 782 5679 contenderit,
806 5611 852 5669 sed
874 5620 933 5667 tan-
984 5613 1142 5670 contulerit:
1166 5613 1213 5668 sed
1225 5621 1327 5677 tamem
1344 5613 1391 5682 qui
1409 5613 1548 5671 hominem
1559 5616 1637 5681 dixit,
1656 5620 1775 5675 animam

143 5688 286 5743 tumeami
322 5702 392 5751 ram,
420 5686 586 5755 aeineptum
605 5684 684 5754 plane
703 5682 869 5740 blateronem
888 5682 934 5738 ille
983 5683 1336 5765 quoqueeorporinuitam
1355 5684 1436 5739 simui
1451 5684 1623 5759 signiticarit.
1663 5688 1785 5757 Vtergn

81 5820 83 5825 ,
143 5769 172 5811 se
312 5757 343 5812 it.
372 5755 440 5811 Nam
463 5756 514 5811 etsi
536 5756 564 5810 id
588 5754 661 5824 quod
674 5753 772 5808 mulier
794 5752 877 5823 parit.
898 5767 933 5808 ex
984 5754 1092 5820 molier,
1119 5768 1243 5825 quamuis
1261 5752 1351 5811 sulum
1364 5756 1579 5829 torpuimus,
1593 5772 1631 5813 ex
1657 5757 1804 5811 adamam

81 5838 83 5865 ¹
143 5824 249 5884 mobis
267 5826 420 5899 disparibus
432 5825 562 5882 concinne
577 5824 648 5880 inter
667 5837 696 5877 se
706 5822 776 5895 aptis
789 5837 933 5895 compona-
984 5839 1099 5901 corpore
1109 5832 1282 5887 constantem
1299 5827 1447 5903 peperisse
1461 5828 1582 5897 dieitur,
1599 5839 1698 5899 neque
1711 5833 1819 5877 manen

81 5876 88 6079 l
