3780 6120
137 293 194 349 511
483 285 627 344 ieonum.
649 286 804 343 bissulae.
825 286 869 341 DE
891 285 1029 341 liAEliESi
1047 285 1204 341 ulhhhdbi
1223 285 1269 341 ET
1287 285 1427 344 FELICIS.
1720 289 1774 344 322

138 408 204 462 dem
221 401 344 458 mittendi
365 402 391 455 in
413 400 541 469 singulari
564 400 708 455 volumine.
731 400 760 454 lo
781 398 932 469 fragmento
945 403 970 462 A
984 397 1028 452 illu
1042 398 1223 453 successerit:
1241 416 1250 448 ι
1265 397 1332 453 Cum
1348 399 1438 454 Felice
1452 401 1589 463 heretico,
1602 400 1698 468 inquit,
1717 417 1774 457 ma·

137 478 216 532 enim
228 473 357 544 epistolae,
369 472 440 541 quod
454 472 480 524 in
494 470 546 525 lrnc
559 471 619 525 libri
631 471 703 525 tertii
714 469 818 524 Paulini
829 470 933 523 editum
980 484 1063 539 gnam
1078 468 1275 524 contentionem
1289 468 1317 522 iu
1329 471 1472 537 presentia
1482 471 1582 526 domini
1596 471 1666 540 regis
1675 478 1702 525 et
1713 486 1774 525 san-
1854 460 1874 540 l

137 554 185 602 cst
198 543 269 615 apud
290 541 458 604 Eadrisinm,
471 556 531 610 pag.
552 541 614 606 id8,
629 551 706 609 rogat
725 554 815 608 regem
833 547 861 592 ut
881 539 932 593 hoc
982 549 1088 593 crorum
1100 537 1210 591 Parrum
1222 538 1378 603 habuimus;
1390 540 1438 594 scd
1450 540 1547 595 illedin
1557 539 1706 594 obduratus
1716 541 1774 594 trul-

137 631 223 672 suum
239 633 248 664 ι
262 611 450 667 munusculum
462 610 594 680 (predicti
610 611 736 665 nirnirum
748 618 804 664 tres
816 608 888 689 libri)
899 608 933 662 ad
983 607 1036 663 iius
1046 607 1181 662 consentit
1193 608 1392 673 auctoritatem,
1407 610 1460 664 nisi
1472 624 1527 663 suae
1537 617 1655 664 sectator
1667 618 1775 664 sentru-

137 699 243 741 manns
252 679 462 738 reverentissimi
476 679 528 734 viri
539 689 567 734 et
580 680 608 735 iu
622 679 720 734 divinis
733 679 813 733 rebus
845 688 848 694 ‘
861 678 933 732 ntis·
984 679 1040 743 dre,
1052 678 1188 733 {estimans
1200 691 1229 731 se
1242 677 1431 747 sapientiorem
1446 680 1572 734 omnibus
1626 679 1671 733 sed
1684 678 1773 734 divina

138 755 204 813 simi
225 761 254 808 ιι
272 750 414 823 preclari,
434 749 525 803 Albini
544 749 649 804 scilicet
669 764 781 805 summae
798 764 827 802 rc
839 747 934 816 igionis
983 747 1126 803 elementia
1138 746 1264 801 visitante
1275 761 1324 801 cor
1344 747 1415 803 iilius
1430 748 1576 804 novissimo
1590 748 1656 803 salsa
1670 749 1772 818 opinio

137 823 272 898 praeipui
293 821 409 877 oratoris
427 817 773 874 vestri....deloratur.r
805 816 834 871 ld
859 824 933 872 certe
983 830 1059 871 nese
1073 816 1211 870 seductum
1222 814 1361 871 consessus
1375 826 1428 884 est,
1440 827 1468 875 et
1478 817 1558 873 tidem
1572 817 1730 873 catholicam
1744 834 1774 873 se
1864 832 1874 843 ·’

137 896 229 951 voluit
239 891 380 955 Paulinus,
396 904 448 944 non
459 889 530 970 quod
543 886 813 944 crederethleuinum
825 902 874 956 pro
885 902 933 941 sua
984 885 1097 940 llrmiter
1111 893 1203 939 tencre
1217 884 1360 940 fatebatur.
1375 905 1385 938 r
1768 850 1853 951 f

138 964 299 1024 tielensione
311 975 359 1015 sua
371 974 453 1030 opera
472 958 602 1027 indigere,
623 959 695 1013 ‹sed
711 964 741 1011 ut
760 956 870 1021 clarius,
892 957 934 1010 io·
1019 954 1108 1009 xhvn
1127 952 1343 1009 dicuinnrlilros
1360 972 1421 1010 suot
1440 957 1564 1011 aduersus
1585 955 1701 1011 Felicem
1717 969 1772 1013 tor-

138 1036 210 1118 quit,
228 1032 307 1094 ibid,
324 1027 533 1097 deturinteiiigi,
547 1026 622 1098 cujus
635 1026 785 1082 dilectionis
802 1035 830 1080 et
841 1025 934 1081 amiei—
983 1024 1043 1078 dina
1055 1024 1267 1094 uulgauit-Ex
1288 1024 1330 1078 his
1350 1041 1410 1093 qum
1437 1026 1575 1094 bucusque
1592 1030 1771 1093 narravimus,

140 1115 187 1162 trae
200 1117 266 1174 erga
283 1116 346 1155 cum
364 1099 436 1169 pleni
454 1098 556 1152 amoris
573 1097 685 1153 dulcedo
706 1098 734 1151 in
756 1104 864 1178 pectore
885 1111 934 1150 suo
983 1091 1155 1148 manifestum
1167 1093 1274 1162 quidem
1287 1102 1329 1148 est
1341 1096 1425 1150 libros
1439 1095 1546 1150 dleuini
1558 1096 1687 1152 adversus
1703 1099 1767 1153 Feli-

140 1174 264 1233 suaviter
292 1176 416 1240 soporata
441 1166 614 1222 dulcescat.»
639 1167 735 1222 Libros
756 1166 817 1220 dios
838 1181 934 1221 revera
983 1171 1125 1244 comante
1142 1163 1365 1232 prenominatum
1385 1165 1527 1220 concilium
1543 1163 1771 1288 Aquisgranense,

123 1245 235 1309 ctiam,
249 1257 283 1296 ex
298 1255 328 1294 re
347 1241 371 1295 's
384 1237 433 1293 abs
446 1236 538 1299 dubio,
553 1245 584 1290 ut
597 1235 724 1291 Paulinus
737 1237 873 1306 petierat,
889 1251 934 1290 ur·
983 1248 1128 1288 marturam
1142 1232 1237 1288 saitem
1254 1242 1369 1302 partem,
1393 1234 1475 1290 luisse
1494 1250 1572 1304 comp
1584 1245 1656 1301 etos;
1677 1238 1773 1293 uiirilu-

123 1312 292 1375 ⁴dirutione,
302 1309 326 1363 b
337 1307 554 1376 cuinusaccepit,
565 1321 634 1375 quus
644 1306 769 1360 laudatio
780 1306 858 1374 epist.
872 1306 932 1370 iiiii,
983 1303 1073 1358 minus
1087 1310 1177 1358 tameo
1189 1303 1361 1368 credendum,
1372 1320 1425 1360 non
1438 1305 1489 1359 nisi
1501 1305 1576 1360 linito
1588 1307 1703 1361 eorreiiio
1714 1308 1773 1360 vul·

137 1384 175 1437 ad
187 1380 327 1451 Aquilam,
341 1378 375 1433 dc
389 1391 442 1447 qua
458 1374 570 1430 inlerius
583 1390 658 1430 num.
676 1374 710 1429 17
721 1389 810 1430 sermo
821 1372 929 1430 redibit.
983 1380 1075 1443 gatos,
1089 1378 1117 1427 et
1129 1387 1199 1428 anno
1217 1372 1333 1441 primum
1355 1375 1479 1443 sequenti
1499 1374 1527 1428 in
1547 1375 1669 1445 publicas
1692 1392 1773 1432 auras

139 1451 273 1522 Exempla
292 1445 478 1520 prenominati
498 1444 580 1499 libelii
602 1443 730 1499 Feliciani
749 1459 783 1498 an
800 1444 934 1499 etiamad
983 1442 1102 1512 prolatos
1115 1441 1207 1497 luisse.
1230 1441 1289 1496 Nou
1305 1443 1378 1497 enirn
1396 1459 1477 1498 ausus
1493 1452 1536 1499 est
1554 1445 1605 1513 vir,
1620 1461 1682 1499 eum
1700 1462 1773 1500 sum-

138 1520 312 1577 iliehhodum
323 1528 353 1573 et
365 1511 767 1580 'iheoduilumquoddlcuinus
779 1521 931 1583 rogaverat,
983 1526 1028 1566 rua
1040 1511 1191 1567 humilitate
1205 1511 1239 1565 de
1253 1512 1360 1582 propria
1377 1527 1425 1568 sua
1457 1515 1534 1568 eritia
1554 1514 1687 1579 diflidens,
1707 1517 1774 1570 seri·

137 1607 156 1647 a
179 1606 245 1663 rege
265 1589 348 1644 nrissa
368 1585 478 1649 luerint,
496 1590 525 1640 et
543 1599 578 1638 an
591 1583 630 1638 iiii
648 1582 780 1638 calamum
798 1597 847 1652 pro
862 1582 933 1638 iliius
1003 1588 1029 1635 ta
1042 1596 1101 1646 sua,
1116 1581 1168 1635 nisi
1184 1589 1289 1635 auteaa
1305 1581 1426 1650 pluribus
1439 1529 1552 1637 fuissent
1563 1586 1726 1647 exarninata,
1741 1586 1773 1639 il-

137 1659 305 1716 refutationc
317 1656 487 1718 strinxerim,
498 1654 646 1722 ignoratur.
662 1652 842 1707 ilahiilonium
852 1653 934 1722 siqui·
993 1666 1070 1706 orum
1081 1650 1243 1706 correctioni
1253 1651 1383 1721 subjecta,
1393 1660 1420 1706 et
1429 1652 1462 1705 ab
1473 1654 1530 1722 ipso
1541 1668 1603 1723 rege
1612 1656 1772 1725 approbata,

137 1731 203 1787 dem
216 1745 251 1785 ex
262 1725 375 1799 epistola
390 1727 506 1795 quadam
520 1722 614 1778 mutila
633 1723 659 1777 in
678 1737 725 1777 sua
743 1724 776 1777 de
791 1721 931 1777 iiichhodo
947 1745 969 1806 Β
983 1720 1011 1775 in
1023 1720 1158 1801 pubiicum
1171 1719 1302 1789 prolerre.
1318 1721 1414 1777 Libros
1428 1721 1509 1788 igitur
1522 1738 1586 1777 suos
1596 1724 1670 1779 huvita
1683 1726 1774 1795 dispo-

137 1801 300 1871 oonjectura
322 1796 463 1865 deceptum
487 1792 571 1848 inisse
591 1791 708 1848 diximus
728 1792 756 1847 in
775 1796 847 1847 nous
866 1809 873 1845 :
897 1792 931 1848 ad
984 1797 1086 1846 tauove
1099 1789 1308 1860 Aquisgrancusi
1320 1805 1336 1845 a
1349 1792 1494 1861 semetipso
1512 1792 1599 1848 denuo
1618 1796 1729 1857 revisus,
1747 1805 1774 1849 et

137 1869 268 1927 eamdem
280 1864 421 1937 epistolam
431 1861 526 1919 ordine
539 1862 600 1918 198.
983 1858 1012 1915 iu
1024 1859 1144 1914 debitum
1156 1860 1279 1914 ordinem
1296 1861 1420 1915 redactos
1430 1862 1462 1915 ad
1480 1877 1570 1930 regem
1585 1864 1709 1919 Carnium
1723 1867 1774 1920 mi-

176 1938 271 1995 xliv.
292 1935 418 1991 Alcuinur
432 1933 501 2002 operi
513 1932 667 1987 dernondoto
678 1933 750 1986 ocius
759 1948 786 1987 se
798 1930 932 2003 impendit,
982 1929 1020 1986 sit
1033 1929 1225 1984 examinandos
1240 1936 1267 1984 et
1277 1930 1449 1998 probandos;
1465 1932 1561 1986 scribit
1574 1934 1645 1988 enim
1666 1936 1691 1989 in
1715 1937 1772 2005 epl-

138 2000 934 2090 ilhrdqrreorrteroncaliamAquirproucnseolrsoloit.-Porre
983 1998 1053 2054 stola
1065 2013 1146 2068 quam
1159 2000 1252 2053 lisdem
1272 1999 1349 2055 libris
1363 1999 1453 2067 junxit
1468 2020 1474 2054 :
1492 2001 1581 2068 «Quia
1599 2003 1705 2058 libellus
1724 2023 1773 2060 nec

139 2080 274 2134 Aleurnus
286 2083 438 2197 postqiuam,
452 2087 519 2142 ques
532 2073 589 2142 ipse
602 2071 847 2127 ad’utoreshahere
858 2080 934 2140 opta-
983 2068 1072 2148 adhuc
1089 2077 1152 2123 ante
1169 2077 1288 2123 vestram
1306 2070 1440 2140 perlectus
1452 2079 1493 2126 est
1506 2073 1675 2142 sapientiam,
1692 2091 1741 2129 nee
1758 2090 1774 2128 a

139 2157 194 2213 ret,
208 2147 268 2217 regi
284 2145 353 2216 signi
374 2143 456 2204 cavit,
470 2143 583 2213 ipsemet
594 2141 628 2197 ad
651 2141 760 2196 ibellum
778 2141 876 2196 Felicis
892 2155 934 2195 vc·
983 2138 1070 2203 vobis,
1083 2138 1127 2192 cui
1142 2138 1259 2193 maxime
1272 2140 1388 2206 sudavit,
1401 2143 1699 2212 comprobatus,ratum
1709 2146 1773 2199 duni

140 2217 287 2274 l'utandum
300 2230 330 2271 se
342 2212 468 2276 accinxit,
482 2228 497 2267 a
511 2226 651 2281 regenero
665 2211 745 2266 simui
761 2211 839 2281 petiit
854 2211 880 2264 in
893 2211 934 2264 ei·
983 2207 1098 2277 publicis
1108 2223 1160 2262 noo
1172 2206 1261 2262 olierri
1272 2209 1393 2264 auribus.
1418 2210 1495 2265 Nunc
1507 2228 1570 2267 reru
1580 2223 1671 2268 restra
1684 2215 1774 2269 rideat

139 2297 197 2344 tata
209 2287 293 2357 epist.
306 2283 352 2351 81,
369 2291 419 2337 eut
431 2282 508 2337 detur
519 2281 544 2336 ei
557 2281 685 2351 spatium,
698 2289 728 2335 ut
744 2281 835 2351 quiete
849 2289 876 2334 et
895 2279 934 2335 di·
984 2277 1132 2334 auctoritas
1149 2276 1213 2346 quid
1226 2278 1259 2332 de
1272 2293 1305 2333 eo
1319 2277 1459 2335 herireiit.
1474 2280 1589 2336 Tantum
1600 2282 1731 2353 deprecor
1745 2294 1774 2339 nt

139 2358 258 2431 ligenter
285 2355 365 2411 liceat
382 2351 422 2408 iili
441 2368 502 2407 curn
520 2351 616 2433 pueris
639 2351 695 2406 suis
717 2351 866 2422 (discipulis
886 2350 935 2404 abs
984 2347 1274 2417 nullatenuspriusrel
1290 2348 1432 2416 abjiciatur
1449 2350 1491 2405 vel
1503 2351 1776 2424 inpubiicumprole-

140 2428 242 2490 dubio,
263 2439 337 2481 nunc
356 2422 470 2479 aliorum
492 2429 574 2477 etiam
596 2421 742 2491 magistris)
763 2420 935 2476 covrsiderare
984 2425 1158 2487 ratur,quarn
1174 2417 1473 2475 totusinteriamiiiares
1514 2432 1775 2477 rsouasvestreau·

140 2496 255 2552 Patrem
269 2508 378 2558 sensus,
391 2492 455 2562 quid
466 2490 650 2561 unusquisque
660 2489 763 2546 diceret
777 2491 809 2545 dc
827 2497 934 2544 senten·
984 2487 1118 2544 claritatis
1131 2487 1248 2542 examini
1258 2488 1445 2559 perlegatur.»
1467 2490 1477 2544 i
1490 2491 1516 2547 ic
1527 2492 1607 2547 reiim
1620 2492 1654 2546 ab
1665 2495 1776 2548 attentis

141 2567 187 2623 tiis
197 2580 269 2637 quas
280 2563 371 2636 posuit
384 2561 511 2631 praelatus
530 2561 676 2615 subversor
690 2561 717 2615 in
728 2574 778 2617 suu
791 2558 891 2623 libello,
907 2566 935 2614 ct
983 2557 1089 2627 piisque
1106 2557 1251 2612 lectoribus
1264 2561 1350 2613 notari
1364 2573 1445 2627 quam
1459 2571 1537 2617 caute
1557 2562 1662 2632 egerint
1680 2562 1776 2618 Patres

140 2646 266 2707 tempore
284 2632 418 2705 praelrpito
437 2630 555 2696 anobis,
576 2629 673 2701 inquit,
696 2629 819 2684 lerantnr
836 2637 934 2685 vestre
984 2635 1089 2682 veteres
1099 2642 1162 2682 vere
1175 2627 1300 2682 catholici
1315 2629 1341 2682 in
1351 2631 1538 2700 oppugnandis
1548 2633 1624 2686 noris
1637 2647 1775 2702 emergen-

141 2705 301 2762 auetoritati
324 2701 492 2784 singulorum
519 2714 658 2768 responsa.
678 2720 687 2752 ι
710 2699 778 2754 liuic
805 2698 935 2759 laberio
985 2696 1056 2751 tibus
1069 2696 1210 2761 doctrinis,
1231 2706 1259 2752 ct
1278 2697 1453 2764 stabiliendis,
1472 2717 1533 2771 qum
1554 2717 1624 2757 nova
1646 2717 1706 2757 esse
1729 2718 1776 2757 nc·

140 2786 265 2847 tempore
279 2780 385 2843 acceptu
399 2770 481 2826 iibeiii
494 2758 742 2892 Feliciarrysumma
754 2768 892 2838 diligentia
902 2782 931 2822 se
985 2776 1097 2838 queunt,
1114 2766 1176 2822 fidei
1191 2768 1372 2838 dogmatibus.
1391 2768 1462 2825 Nihil
1473 2786 1542 2841 pene
1554 2773 1611 2828 suis
1621 2771 1775 2828 tribuebant

140 2844 285 2916 impendit,
300 2844 337 2898 ita
351 2849 382 2896 ut
392 2841 461 2912 jam,
474 2848 553 2894 antea
572 2854 615 2908 qu.
626 2854 653 2893 m
670 2839 697 2893 in
711 2836 824 2894 coneilio
838 2837 935 2906 Aquis
985 2837 1096 2907 priratis
1111 2836 1208 2892 studiis
1219 2853 1251 2892 ac
1268 2837 1424 2905 luminibus,
1438 2841 1489 2896 nisi
1503 2841 1700 2897 concordarent
1714 2859 1775 2897 crrnr

140 2915 270 2987 gradensi
285 2912 419 2984 publicam
435 2925 497 2965 cum
510 2908 600 2965 Felice
618 2909 825 2978 disputationem
843 2908 933 2970 iniret,
985 2906 1107 2961 doctriua
1131 2906 1240 2961 Patrem
1260 2915 1287 2962 et
1304 2907 1441 2965 Ecclesia.
1462 2911 1539 2978 Quod
1553 2913 1657 2969 utinam
1671 2926 1776 2982 semper

141 2996 230 3041 totum
244 2998 314 3054 opus
344 2983 404 3037 lene
417 2979 601 3050 compleverit,
615 2988 696 3049 prout
707 2979 763 3048 ipse
777 2986 889 3032 testatur
908 2976 935 3030 in
986 2976 1013 3031 in
1025 2976 1144 3031 Ecclesia
1157 2978 1191 3031 ab
1204 2976 1330 3032 trionibus
1343 2988 1479 3035 servatum
1493 2981 1597 3037 luisset.

140 3054 258 3126 epistola
268 3054 305 3109 ad
318 2998 442 3108 datorum
458 3051 514 3105 suis
528 3048 604 3105 libris
617 3049 737 3120 praelixa,
754 3048 796 3102 bis
821 3046 911 3101 verbis
927 3063 932 3097 :
947 3085 971 3149 c
1021 3044 1124 3100 iiLilil.
1140 3045 1201 3101 Nou
1212 3047 1261 3100 oiri
1276 3057 1332 3116 post
1344 3048 1473 3104 obtentant
1490 3052 1556 3122 regis
1567 3053 1776 3123 crepiscopornnr

143 3124 238 3180 «liam
258 3125 340 3179 istum
357 3120 476 3177 libellum
491 3120 519 3175 in
537 3119 579 3174 dis
599 3119 717 3174 utatione
732 3132 792 3188 quae
804 3117 830 3172 iu
845 3125 935 3171 restra
987 3115 1318 3186 approbationem-lies
1332 3118 1445 3174 Carolus
1461 3120 1495 3174 ad
1508 3130 1600 3175 votum
1620 3121 1728 3176 alcuini
1744 3122 1776 3176 li·

142 3194 298 3251 veneranda
311 3191 453 3264 presentia
465 3204 528 3246 curn
546 3136 635 3246 Felice
652 3189 779 3245 ventilata
798 3195 848 3253 est,
865 3202 936 3257 prm·
987 3185 1051 3268 bros
1067 3187 1175 3266 eosdem
1188 3185 1284 3255 etipse
1302 3188 1475 3256 examinavit,
1487 3190 1638 3246 etaliomm
1657 3192 1776 3247 examini

141 3274 247 3323 mrem
259 3262 353 3319 habui.
369 3282 379 3316 r
987 3254 1184 3327 subjecitque
1199 3270 1243 3310 ves
1261 3256 1413 3326 aliquandiu
1429 3259 1576 3331 longiorem
1595 3276 1699 3316 moram
1714 3277 1777 3316 cse-

175 3334 260 3391 xhv.
276 3333 404 3388 Alcnious
416 3330 531 3402 disputet
542 3347 601 3385 curn
611 3327 700 3384 Felice
709 3329 737 3384 in
749 3327 859 3385 coneilio
868 3344 937 3400 prm·
986 3325 1036 3397 git,
1046 3341 1099 3396 quo
1110 3328 1199 3380 minus
1209 3336 1263 3381 tatu
1274 3327 1327 3384 cito
1338 3330 1371 3384 ad
1383 3327 1533 3396 dicuinum,
1546 3341 1575 3386 ut
1587 3331 1644 3403 ipse
1655 3333 1775 3402 optabat,

143 3407 222 3462 dieto.
232 3402 401 3473 -Scriptor
417 3416 471 3471 quo
491 3417 523 3455 ue
542 3400 826 3465 intramuraneum.
845 3399 887 3460 15,
903 3399 937 3454 de
987 3396 1221 3467 renrittiposscm;
1236 3397 1269 3455 dc
1283 3415 1335 3468 qua
1347 3414 1422 3454 mora
1433 3401 1553 3456 nonnihil
1565 3402 1776 3472 conquerituriu

143 3477 239 3533 noem
251 3472 461 3545 disputationea
491 3480 561 3526 rmat
574 3470 645 3541 quod
658 3485 708 3540 per
722 3471 855 3540 integram
867 3484 937 3538 pene
987 3467 1100 3538 epistola
1116 3468 1167 3521 199
1188 3468 1222 3522 ad
1237 3482 1327 3539 regem
1346 3488 1355 3520 ι
1372 3471 1466 3541 sopitis
1482 3472 1660 3528 schismatum
1679 3473 1776 3528 ermri·

144 3544 324 3617 septimanam
341 3540 487 3598 duraverit.
509 3538 554 3595 «A
575 3541 702 3605 secunda,
727 3541 775 3606 ait,
799 3539 937 3609 usquead
987 3536 1047 3599 hus,
1068 3552 1138 3592 »seu
1169 3539 1359 3594 ostuoncilium
1374 3540 1592 3613 Aquisgrancnse
1606 3543 1718 3613 scripta,
1736 3544 1778 3598 iris

144 3616 290 3685 septimam
307 3611 412 3668 sabbati
433 3625 529 3681 pamm
551 3610 624 3665 alind
646 3619 750 3682 gesturo
771 3619 845 3666 cst.»
873 3609 938 3665 ilaec
988 3607 1120 3663 verbnm
1160 3607 1212 3662 ude
1226 3608 1778 3694 adinteriorispugnregersosmcreparri·

145 3687 215 3742 enim
226 3700 245 3737 v
307 3682 419 3754 intelligi
434 3689 579 3750 nequeunt,
591 3681 643 3736 nisi
654 3681 689 3737 dc
699 3680 880 3751 disputatione
890 3680 938 3734 hu·
988 3678 1052 3733 tatis
1061 3677 1230 3732 devotionern
1240 3695 1387 3748 provocare
1396 3683 1778 3755 voluistis:cujuscertanrinis

145 3756 200 3812 bita
213 3754 222 3809 i
256 3752 371 3810 concilio
382 3751 592 3822 hquisgrancnsi
606 3748 671 3807 amtl
680 3748 748 3830 ’19111
761 3766 823 3805 narn
836 3751 862 3805 in
873 3765 938 3805 con·
988 3748 1080 3803 sudori
1095 3747 1211 3802 libenter
1225 3750 1364 3812 succubui,
1380 3752 1450 3806 utin
1466 3753 1565 3818 libello,
1586 3768 1667 3823 quem
1682 3763 1779 3808 restire

148 3826 216 3881 ciliis
237 3821 454 3896 praecedentibus
477 3836 615 3891 nunquam
637 3835 789 3876 convenere
810 3820 886 3875 Felix
910 3829 938 3874 ct
987 3834 1075 3887 nuper
1087 3818 1240 3872 direxeram
1257 3820 1362 3887 pietati,
1382 3823 1491 3900 agnosci
1507 3825 1617 3893 poterit,
1636 3824 1699 3878 licet
1716 3839 1778 3877 nee-

99 3915 134 3978 m„
147 3896 291 3961 diutinus,
305 3891 350 3949 iile
367 3891 440 3947 enim
457 3890 485 3946 iu
500 3891 615 3947 concilio
631 3891 821 3947 Ratisbonensi
840 3899 867 3946 ct
885 3889 938 3945 ilo·
989 3888 1051 3945 dum
1066 3895 1164 3943 vestrm
1178 3888 1348 3943 auctoritatis
1360 3890 1448 3959 sigilio
1462 3895 1586 3948 eumdem
1601 3891 1683 3947 libelii
1701 3900 1778 3948 teno-

149 3981 227 4021 mano
240 3963 304 4018 anni
322 3960 376 4018 tea
396 3976 526 4034 praesens,
544 3959 675 4018 dicuinus
692 3976 756 4016 vero
775 3962 887 4025 absens;
910 3959 938 4014 in
988 3973 1046 4013 rem
1058 3957 1247 4014 conlirmatum
1267 3960 1438 4029 cognoverim
1450 3970 1478 4015 et
1492 3961 1554 4025 hoe,
1572 3976 1642 4026 reor,
1660 3962 1704 4017 vel
1723 3969 1778 4016 tar-

148 4031 382 4091 Franeolordlensi
404 4032 469 4086 anni
486 4031 549 4096 191,
568 4031 614 4086 bic
631 4046 759 4104 praesens,
779 4031 824 4086 iile
842 4031 938 4086 absens
989 4027 1072 4083 ditate
1083 4026 1224 4098 portitoris
1237 4027 1278 4083 vel
1291 4028 1413 4099 augustia
1427 4031 1556 4100 temporis
1569 4040 1672 4100 gestum
1682 4047 1776 4088 esse.»

95 4100 111 4145 l·
134 4158 137 4163 ⁴
149 4104 207 4161 luit.
232 4104 305 4173 Ergo
315 4101 460 4174 disputatio
474 4102 545 4157 inter
554 4108 698 4170 utmmqno
707 4102 819 4172 contigit
833 4102 860 4156 in
874 4116 939 4157 con·
988 4097 1117 4153 Eamdem
1129 4098 1349 4167 approbationem
1364 4099 1435 4171 regis
1449 4108 1476 4155 et
1488 4101 1675 4170 episeoporum
1691 4104 1778 4157 adhuc

111 4148 242 4231 Nciiioh
263 4171 443 4245 uisgranensi‚
461 4172 504 4228 cui
518 4180 631 4242 uterquc
648 4171 784 4237 interluit,
796 4180 938 4241 uterquea
987 4168 1173 4237 exspectabat,
1195 4168 1258 4222 dum
1274 4185 1319 4224 an.
1339 4168 1391 4224 800
1408 4185 1424 4224 e
1444 4170 1550 4226 istolam
1567 4171 1620 4227 159
1644 4172 1678 4225 ud
1696 4174 1778 4227 abha-

152 4261 213 4317 rege
226 4191 262 4299 ax
273 4252 368 4298 mutuo
382 4241 592 4297 conuertandum
606 4251 727 4307 vocatus,
746 4249 827 4310 prout
844 4242 938 4296 scribit
988 4246 1030 4292 tes
1042 4245 1072 4318 et
1086 4238 1232 4292 monachus
1252 4238 1356 4295 Gothiae
1374 4242 1426 4295 scri
1463 4252 1515 4307 ret,
1533 4243 1631 4312 quibos
1646 4243 1779 4324 prornittit

152 4324 245 4371 auctor
257 4313 325 4371 iitae
336 4311 442 4368 dicuini
453 4326 527 4367 num.
543 4312 588 4378 15,
601 4309 643 4366 his
654 4313 743 4367 verbis
755 4329 761 4364 :
779 4310 938 4367 ‹Advocaos
989 4322 1019 4364 se
1031 4307 1150 4363 hbeiium
1165 4323 1243 4363 suum
1255 4309 1384 4366 adversus
1395 4310 1509 4367 Felicem
1521 4314 1555 4368 ad
1565 4328 1612 4368 eos
1622 4328 1778 4377 missurum,

153 4398 266 4456 uanaque
276 4382 337 4456 (rex
349 4381 472 4454 Carolus)
487 4382 666 4437 institutorem
683 4397 760 4437 suum
774 4381 900 4443 Turonis,
912 4389 940 4436 et
993 4387 1169 4449 «postquam,
1185 4380 1281 4448 inquit,
1300 4380 1385 4437 lectus
1397 4391 1425 4437 et
1437 4385 1628 4454 comprobatus
1645 4383 1727 4439 luerit
1746 4384 1780 4437 ab

154 4456 279 4510 miserum
291 4452 409 4508 Felicem
423 4452 535 4508 heresis
546 4452 626 4524 hujus
638 4460 816 4508 astructorem
836 4449 871 4505 do
890 4451 938 4505 iii-
951 4442 977 4501 D
989 4449 1080 4518 episco
1100 4449 1123 4503 is
1139 4450 1239 4505 nostris
1250 4459 1277 4504 et
1288 4451 1387 4508 domno
1399 4468 1471 4524 rege.
1489 4473 1498 4506 r

155 4524 250 4594 spaniae
264 4523 391 4595 partibus
405 4521 580 4594 congregavit
595 4521 725 4592 synodum
740 4535 864 4603 magnam
882 4521 939 4592 epi·
1025 4465 1138 4575 11153111.
1159 4519 1192 4574 m
1202 4521 1317 4591 primum
1328 4522 1398 4576 circo
1408 4523 1511 4577 initium
1522 4522 1780 4579 arsibili—Post-

156 4590 410 4666 scoporuminhqui
474 4593 501 4646 ni
514 4590 646 4663 imperiali
661 4592 769 4662 palatio,
783 4605 938 4660 inquorum
989 4602 1070 4657 qnam
1093 4589 1175 4660 igitur
1193 4598 1279 4647 totum
1298 4607 1366 4661 opus
1383 4592 1488 4648 dicuini
1510 4593 1553 4648 diu
1577 4603 1605 4648 et
1626 4610 1676 4664 per
1698 4609 1780 4648 unum

157 4665 165 4718 i
210 4658 321 4737 ljedcds
338 4662 425 4727 medio
457 4661 729 4728 olicem,iioetvaide
746 4668 939 4733 repugnantem
989 4659 1086 4715 saltem
1098 4659 1247 4715 alterumve
1261 4676 1380 4716 mensem
1393 4663 1443 4717 sub
1453 4677 1567 4718 censura
1581 4663 1640 4728 luit,
1654 4672 1716 4734 post
1729 4665 1782 4720 ini-

196 4742 296 4789 natura
307 4731 369 4787 Filii
388 4722 436 4786 Dei
458 4731 605 4788 secuudum
626 4746 735 4799 carnem
758 4746 820 4787 cum
842 4731 940 4786 hibino
989 4728 1058 4783 tium
1072 4730 1136 4783 anni
1149 4728 1212 4794 800,
1226 4729 1338 4786 Carolus
1351 4745 1397 4785 rer
1410 4732 1476 4786 iilud
1495 4732 1609 4788 dicuino
1625 4735 1731 4790 remisit
1747 4735 1781 4789 ad

159 4796 487 4928 muntngftspmanuo
507 4802 708 4873 rationabiliter}
723 4801 866 4872 conlligerc
882 4801 941 4871 jus·
990 4797 1179 4869 corrigendum
1190 4798 1326 4864 nonnulla,
1341 4817 1401 4871 quse
1413 4803 1499 4856 notari
1509 4802 1601 4874 jussit,
1614 4813 1714 4870 errata,
1727 4820 1781 4859 non

160 4874 222 4928 sit.»
245 4873 288 4940 Qu
336 4872 426 4943 ipsum
438 4869 939 4943 dicuinusinbinaepistoiaaliirmat.
990 4867 1062 4923 circa
1079 4882 1187 4923 sensum
1206 4868 1368 4925 catholicum
1386 4880 1434 4927 aut
1454 4871 1616 4942 doctrinam,
1638 4875 1686 4931 sed
1707 4875 1781 4930 circa

159 4942 254 5010 iruna,
269 4941 438 5012 quaeordine
451 4940 628 5007 est91,adh
666 4940 815 4996 iiamsuum
828 4955 875 4996 seu
890 4941 942 4995 Ar·
991 4937 1096 4992 litteras
1114 4945 1141 4992 ιι
1157 4937 1354 5006 distinctiones,
1377 4956 1437 5011 qum
1454 4952 1550 4998 eontra
1569 4945 1677 5016 regulas
1692 4959 1782 5015 gram·

158 5028 250 5069 nonem
270 5011 504 5082 archiepiscopum
527 5011 564 5065 ita
585 5012 638 5065 scri
659 5011 700 5065 it:
720 5010 831 5066 riiedio
854 5009 940 5078 linio,
991 5007 1097 5063 uratiere
1108 5022 1141 5062 ιιι
1157 5007 1299 5063 velocitate
1313 5010 1441 5068 dictantis
1453 5013 1496 5069 vel
1507 5015 1651 5071 scribentis
1665 5016 1782 5084 irrepse-

158 5083 309 5152 perimente
321 5081 422 5136 lieond
432 5080 560 5152 palatium
577 5095 620 5135 me
634 5096 693 5137 csse
705 5081 832 5145 arbitror,
846 5095 942 5135 scrun—
991 5085 1064 5142 rant,
1083 5079 1230 5143 versantia,
1250 5088 1330 5149 prout
1348 5082 1404 5150 ipse
1423 5083 1552 5140 hieuinus
1571 5084 1598 5140 id
1619 5085 1782 5155 explicatio

157 5154 216 5208 dum
229 5152 302 5224 quod
320 5152 437 5207 domnus
455 5166 502 5205 rex
521 5152 692 5206 demandavit
705 5151 792 5206 nobis.
817 5152 851 5205 Et
866 5150 942 5205 Felix
991 5147 1070 5217 epist.
1088 5148 1148 5213 iili,
1167 5147 1209 5203 bis
1226 5150 1336 5206 serbis:
1352 5152 1478 5209 «Gratias
1490 5155 1595 5225 agimus
1608 5155 1679 5224 quod
1692 5154 1781 5209 notari

157 5221 280 5281 mritatis
293 5232 416 5278 assertor
430 5220 511 5276 babet
519 5219 640 5289 iuratum
654 5221 745 5276 venire
761 5222 796 5275 ad
814 5222 941 5275 domnum
988 5216 1109 5286 jussistis
1120 5224 1211 5273 errata
1224 5219 1296 5275 illius
1310 5219 1414 5295 (libelii)
1433 5234 1461 5278 ct
1481 5224 1624 5279 remisistis
1644 5223 1677 5277 ad
1698 5224 1782 5279 curri·

155 5292 234 5366 m
309 5291 481 5358 mentionem
490 5290 943 5361 redderelideisuoc...Egovero
992 5288 1108 5358 gendum
1122 5325 1214 5343 .....
1227 5291 1315 5344 minus
1336 5301 1425 5348 tamen
1439 5294 1566 5363 quiddam
1577 5293 1689 5359 lecistis,
1701 5309 1782 5363 quam

154 5376 269 5418 vernaco
280 5378 314 5416 us
326 5369 429 5416 sanctae
441 5360 488 5414 ilci
501 5359 629 5416 Ecclesiae
641 5361 778 5416 vobiscum
794 5369 866 5416 stare
881 5359 940 5432 isc,
992 5358 1101 5427 pienum
1116 5360 1277 5427 postulasset
1294 5362 1435 5418 charitatis
1450 5363 1576 5426 cilicium,
1597 5364 1669 5433 quod
1687 5380 1783 5419 sensus

155 5434 181 5487 in
198 5431 563 5504 eoncili01babcu,etquod
578 5431 747 5487 sacerdotum
763 5430 943 5485 Ciu-istium·
993 5444 1047 5482 non
1068 5429 1145 5483 docte
1163 5431 1283 5497 prolatos
1301 5430 1344 5486 vel
1363 5432 1495 5489 catholice
1512 5443 1640 5489 exaratos
1658 5434 1784 5489 similiter

153 5502 262 5559 oirnitas
272 5502 359 5559 eredit
374 5509 402 5557 et
412 5499 551 5569 praedicat,
568 5501 595 5555 in
610 5500 661 5555 hoc
673 5517 723 5573 ego
737 5500 829 5556 lahoro
843 5510 870 5556 et
881 5515 942 5556 curu
993 5497 1119 5553 noluistis
1132 5507 1225 5555 notare
1239 5538 1247 5553 .
1263 5500 1378 5567 ..Quod
1396 5517 1462 5557 vero
1480 5503 1507 5557 in
1522 5504 1619 5560 litteris
1631 5504 1674 5559 vel
1687 5504 1784 5561 distin·

151 5575 192 5629 eis
203 5575 311 5644 loquor,
326 5581 356 5628 et
366 5586 417 5641 pro
430 5570 493 5626 liliis
508 5580 607 5626 sancte
627 5571 673 5626 1)ιί
687 5571 812 5626 Ecclesia·
825 5571 943 5641 operiam
993 5567 1127 5622 ctiouibus
1142 5583 1195 5622 oon
1215 5581 1270 5626 tam
1288 5571 1447 5628 scholastice
1462 5574 1557 5640 currit,
1572 5590 1653 5645 quam
1671 5575 1739 5630 ordo
1756 5584 1785 5630 et

152 5660 183 5699 os
202 5658 304 5709 meum,
325 5650 378 5700 etc.
396 5663 406 5696 r
428 5641 458 5697 in
470 5641 555 5696 altera
572 5656 637 5696 vero
650 5639 807 5710 epistoiaad
819 5641 943 5696 eurrnleru
994 5638 1163 5709 regnluartis
1176 5642 1359 5722 grarrrutaticae
1371 5643 1498 5713 postulat,
1512 5645 1564 5700 hoc
1577 5646 1675 5716 saepius
1685 5645 1784 5700 veloci·

150 5716 289 5785 Aquitani,
309 5730 370 5786 qnae
388 5722 430 5769 cst
449 5712 509 5779 159,
531 5720 623 5767 narrat
641 5713 775 5782 quomodo
798 5710 944 5782 disputatio
994 5715 1037 5765 tas
1050 5709 1132 5764 aniuri
1145 5708 1251 5768 edicere
1264 5711 1341 5775 solet,
1356 5713 1421 5770 dum
1432 5713 1548 5788 legentis
1565 5716 1681 5774 intentio
1693 5715 1785 5771 oculo·
