3780 6120
137 309 209 364 im
562 299 594 357 B.
612 298 646 356 F.
662 297 781 354 abulat
799 295 865 353 SEU
884 293 1023 352 dictitia
1041 294 1185 352 creauit
1200 295 1293 354 PARS
1309 297 1354 353 [Χ.
1697 302 1769 358 ttae

135 423 257 494 corporis
272 431 299 478 et
319 421 457 493 sanguinis
476 418 591 483 Domini,
615 430 675 487 quar
693 411 887 484 superfuerint,
907 407 1152 470 similitudinem
1173 411 1242 481 gerit
1255 412 1334 466 modo
1351 412 1493 484 episcopus
1513 433 1520 468 z
1544 416 1609 484 quia
1623 416 1698 473 sicut
1724 420 1770 475 ills

135 513 250 568 diacono
262 512 409 583 colligenda
423 510 465 566 vel
478 508 644 580 deportanda
657 503 778 574 suscipit.
969 502 1059 556 stabat
1073 502 1100 556 in
1116 502 1257 557 altitudine
1277 504 1371 569 turris,
1383 503 1424 560 sic
1440 507 1582 577 episeopus
1602 515 1632 562 et
1652 509 1771 582 presby-

171 600 303 657 diaconus
316 600 417 665 Graece,
434 598 564 655 llebraice
578 595 682 661 Levita,
693 593 800 658 Latine,
815 605 920 646 assum·
969 597 1011 644 ιιι
1024 590 1123 644 debent
1144 591 1294 647 consistere
1309 592 1337 647 in
1362 594 1504 651 altitudine
1517 598 1664 652 uirtutum.
1686 598 1768 655 Sicut

134 694 248 765 pturrel
265 696 388 750 minister
400 696 610 763 interpretatur:
626 694 791 755 assumptus,
801 685 864 755 quia
876 698 919 738 as·
968 675 1040 731 euim
1064 677 1110 732 illa
1132 680 1216 734 turris
1228 690 1342 738 ceteras
1355 683 1450 740 domos
1463 686 1632 753 excellebat,
1651 690 1693 745 sic
1709 691 1770 760 epi·

135 782 260 849 sumitur,
281 783 373 849 idest,
391 780 499 852 eligitur
515 780 548 834 ad
562 777 702 833 servitium
716 774 824 839 altaris;
839 770 918 826 mini-
967 781 1110 836 scoparum
1131 776 1159 822 ct
1184 770 1403 841 presbyterorum
1431 775 1486 828 rita
1516 775 1599 830 debet
1625 776 1771 833 excellere

135 883 200 938 ster,
217 871 279 942 quia
296 873 431 927 ministrat
445 867 611 939 presbytero.
624 863 704 920 Ponit
717 862 827 918 linteum
843 859 870 915 in
881 858 919 913 al·
968 856 1051 911 riam
1063 856 1245 925 subjectorum
1256 878 1263 916 :
1276 868 1304 916 et
1316 863 1386 917 sicut
1398 863 1442 919 ille
1452 867 1609 935 speculator
1620 868 1771 923 nuntiabat

133 970 202 1025 tare,
215 960 291 1030 pouit
300 974 397 1030 panem
410 966 437 1013 ct
446 957 567 1020 calicem,
581 969 641 1025 quae
656 967 707 1009 uec
719 950 851 1016 mittendi,
868 944 928 1005 ιιι
968 947 1112 1002 adveutum
1136 947 1231 1013 bostis,
1247 957 1277 1004 ut
1291 965 1324 1006 ιι
1338 954 1518 1022 praeviderent
1532 957 1627 1021 circs,
1647 958 1692 1012 sic
1706 960 1765 1028 epi·

133 1050 273 1108 auferendi
293 1050 375 1105 babet
391 1054 554 1118 potestatem
568 1043 720 1116 presbyter,
742 1041 765 1097 si
788 1041 919 1096 diaconus
967 1037 1041 1107 scopi
1066 1037 1267 1111 etpresbyteri
1290 1042 1389 1097 dcbem
1405 1047 1565 1102 annuntiare
1580 1048 1695 1117 populis
1714 1049 1767 1106 sibi

131 1139 257 1196 adiuerit.
274 1139 350 1194 Sicut
364 1137 521 1208 presbytero
531 1132 648 1191 odicium
659 1130 835 1190 mnmcundi
845 1144 918 1185 com-
967 1126 1098 1195 subiectis
1111 1130 1257 1185 adrentum
1279 1131 1437 1200 nequissimi
1458 1134 1547 1190 bostis
1559 1135 1678 1202 diaboli,
1692 1145 1725 1192 ιιι
1736 1151 1770 1193 se

130 1231 207 1300 petit,
224 1230 261 1284 ita
276 1229 390 1284 diacono
402 1225 583 1282 ministrandi.
967 1217 1144 1286 praevideant,
1162 1233 1197 1273 ne
1210 1219 1270 1289 ejus
1282 1219 1379 1290 laqueo
1393 1223 1544 1292 capiantur.
1566 1225 1764 1296 Speculatores

165 1316 306 1389 Presbyter
325 1316 429 1381 Graece,
444 1315 540 1370 ballue
553 1314 644 1370 senior
658 1311 766 1376 dieitur,
780 1323 835 1364 non
855 1319 918 1380 pro·
968 1309 1119 1364 animarum
1146 1309 1220 1365 dedit
1246 1309 1317 1366 Deus
1343 1313 1485 1383 episcopos
1511 1322 1539 1371 ιι
1563 1317 1767 1386 presbyteros,

130 1419 190 1478 pter
206 1414 384 1471 senectutem,
398 1406 445 1462 sed
467 1412 577 1476 propter
594 1402 769 1475 dignitatem,
786 1398 917 1454 bonorem
963 1404 1041 1476 jux-ra
1065 1407 1136 1476 qipd
1156 1407 1214 1475 ipse
1238 1406 1305 1462 dicis
1326 1408 1360 1463 aq
1378 1409 1547 1465 Ezechielem
1572 1412 1764 1480 pmppeum

129 1508 158 1555 et
174 1499 344 1571 sapientiam,
357 1497 421 1568 quia
433 1496 585 1567 quicunque
594 1493 735 1565 presbyter
747 1501 798 1556 est,
810 1489 922 1560 sapiens
968 1494 1023 1550 titt
1048 1495 1182 1561 dominia,
1204 1495 1392 1567 speculatorem
1413 1499 1474 1552 dedi
1501 1508 1526 1553 te
1551 1499 1648 1553 domui
1677 1498 1763 1556 isreel

129 1604 189 1645 csse
210 1588 307 1650 debet,
331 1595 362 1641 ut
390 1585 520 1658 intelligat
540 1600 573 1639 ea
595 1599 655 1654 quae
679 1581 760 1653 legit;
787 1579 919 1652 intelligat
969 1582 1076 1656 (Erech.
1093 1600 1136 1650 ιιι,
1153 1585 1208 1656 l'l).

129 1678 276 1741 orationes,
298 1690 366 1745 quas
386 1675 451 1730 dicit
465 1681 492 1729 et
506 1673 613 1728 diurnis
630 1670 797 1742 temporibus
818 1677 845 1725 ιι
868 1684 917 1724 no-
1001 1675 1116 1729 Antistes
1126 1675 1204 1744 quasi
1215 1684 1279 1732 aute
1291 1684 1377 1742 stans,
1393 1678 1486 1743 idest,
1500 1689 1669 1734 autcaram.
1685 1679 1761 1738 trude

128 1767 248 1833 cturnis;
274 1765 406 1838 intelligat
428 1780 470 1830 ea,
489 1779 548 1834 qum
572 1771 664 1819 cantat
684 1762 711 1818 in
736 1763 829 1818 missa.
850 1758 916 1815 Vere
930 1753 1076 1837 Equitium
1090 1766 1238 1823 antistitem
1248 1768 1339 1824 dicero
1351 1770 1452 1825 volunt.
1472 1770 1569 1826 llelius
1585 1779 1683 1827 tamen
1696 1773 1762 1829 diei·

128 1858 236 1926 dignum
248 1864 272 1909 et
281 1855 385 1925 justum
395 1862 444 1917 ιιι,
460 1852 495 1907 Te
508 1854 600 1924 ipim,
616 1849 697 1906 Pater
711 1860 808 1915 noster,
822 1859 850 1906 θῑ
864 1865 915 1906 effl-
966 1866 1020 1923 tur,
1037 1874 1052 1913 a
1067 1858 1165 1923 verbo,
1176 1867 1285 1926 artesio,
1300 1869 1426 1926 antestes,
1440 1862 1513 1931 quod
1526 1861 1677 1934 significat,
1693 1864 1763 1918 cmi·

129 1956 196 2012 tera,
210 1945 236 2000 id
251 1951 302 2008 est,
320 1943 410 1999 omnia
426 1959 487 1999 cum
502 1941 633 2015 symbolo.
653 1942 739 1996 Adam
750 1941 819 1995 uixit
837 1941 922 1997 arinis⁴
965 1964 1028 2014 neo,
1041 1949 1164 2004 excello:
1177 1964 1210 2003 ιο
1223 1951 1465 2019 quoduuirersum
1479 1953 1611 2024 populum
1626 1953 1763 2024 dignitate

128 2050 279 2099 occccrxx,
299 2032 356 2090 Noe
379 2049 465 2099 nucu,
489 2041 517 2087 ιι
539 2047 620 2088 nemo
640 2031 748 2087 illorum
766 2030 916 2102 appellatus
965 2042 1107 2097 ethonore
1121 2043 1330 2111 superemmens,

127 2137 169 2184 est
192 2143 285 2189 senex.
307 2126 443 2182 Abrabam
461 2140 526 2182 uero
552 2125 598 2195 qui
626 2125 660 2180 ad
687 2122 916 2194 comparationem
1002 2129 1137 2200 Pontifex,
1151 2132 1228 2200 quasi
1243 2140 1353 2202 pontem
1365 2132 1482 2199 iaciens,
1498 2148 1531 2190 eo
1544 2136 1622 2205 quod
1635 2145 1760 2207 pontem,

128 2221 233 2276 illorum
247 2234 408 2291 perpaucum
418 2219 487 2273 vixit
496 2226 612 2288 tempus,
624 2210 703 2273 annis
715 2216 916 2272 videlicetcurv
966 2222 993 2279 id
1004 2231 1055 2285 ιιι,
1067 2224 1140 2277 riam
1155 2222 1214 2278 aliis
1233 2225 1353 2293 praebere
1372 2223 1469 2280 debeat
1480 2228 1564 2282 verbo
1578 2235 1608 2282 et
1621 2230 1761 2300 exempto,

129 2312 276 2385 appellatus
291 2320 334 2367 est
356 2326 447 2367 senex.
471 2309 578 2379 Quare?
602 2309 670 2376 Quia
692 2307 841 2378 sapientior
864 2306 917 2363 illis
965 2314 1039 2369 unde
1051 2313 1175 2367 homines
1187 2315 1371 2369 transeantad
1384 2315 1502 2383 patriam
1515 2316 1758 2374 contestantem

129 2402 188 2457 luit.
205 2401 334 2457 Sacerdos
349 2399 441 2456 Graece
457 2412 483 2466 ι,
497 2397 593 2455 Latine
608 2398 706 2453 dicitur
716 2411 824 2453 sacrum
837 2396 915 2460 dans,
966 2411 1057 2459 autem
1074 2412 1116 2459 est
1129 2402 1291 2469 tabulatum,
1306 2404 1377 2474 quod
1392 2404 1422 2458 tit
1436 2419 1518 2474 super
1530 2419 1632 2474 aquas.

129 2493 156 2548 id
170 2500 222 2557 ιιι,
240 2498 362 2546 sanctum
375 2487 538 2547 sacrificium
551 2486 669 2543 offerens
680 2487 746 2542 lieo.
1225 2509 1341 2568 CAPUT
1360 2512 1492 2570 xxm

162 2581 318 2655 Presbyteri
334 2588 495 2653 potestatem
516 2580 616 2634 ltabssssi
639 2575 844 2642 catechizandi,
868 2577 917 2632 bd·
966 2585 1124 2648 boutremer
1139 2599 1440 2639 ιιιιιιιιιιιιιιιιτυι
1453 2600 1479 2638 ιιι
1494 2600 1605 2640 nouam
1622 2600 1759 2642 ιιιιιιιι.

128 2672 259 2743 ptizaudi,
269 2671 391 2728 intirmos
402 2671 535 2728 moedicti
546 2670 597 2726 olei
610 2671 728 2742 unguine
736 2669 914 2739 perungendi.
1001 2672 1067 2730 Cum
1078 2674 1219 2744 episcopus
1232 2673 1350 2729 civitatis
1370 2671 1453 2728 luerit
1471 2671 1634 2739 defunctas,
1653 2674 1762 2746 eligiur

130 2762 177 2818 llis
203 2777 310 2833 quoque
334 2775 491 2818 conoessum
510 2769 552 2817 est
568 2760 684 2816 odicium
700 2760 863 2831 praedicandi
888 2760 915 2815 in
966 2764 1035 2820 alius
1051 2779 1067 2820 a
1082 2764 1155 2820 clero
1169 2778 1217 2818 seu
1240 2763 1353 2833 populo,
1371 2762 1455 2832 fitque
1477 2763 1622 2818 decretum
1639 2764 1677 2818 ab
1696 2763 1760 2828 illis,

128 2854 252 2911 ecclesia.
279 2853 366 2924 Super
391 2855 441 2910 hos
467 2861 529 2910 suut
554 2852 693 2923 episcopi,
715 2852 786 2908 sicut
803 2850 864 2908 loco
889 2860 916 2907 et
966 2864 995 2911 ιι
1009 2854 1119 2910 veniunt
1144 2853 1178 2908 ad
1204 2854 1383 2924 apostolicum
1405 2869 1470 2909 cum
1488 2868 1537 2909 suo
1558 2855 1663 2920 electo,
1685 2855 1757 2911 dele·

129 2945 267 3018 dignitate,
282 2945 322 3000 sic
336 2943 486 3002 sanctitatis
505 2952 532 3000 et
555 2943 713 3000 cruditionis
731 2941 918 3014 singularitate
967 2958 1058 3006 rentes
1069 2963 1160 3004 seuam
1174 2949 1388 3018 suggestionem,
1404 2948 1456 3002 boc
1467 2956 1527 3010 est,
1544 2947 1702 3018 rogatorias
1714 2947 1756 3002 lit·

128 3035 277 3106 conspicui,
293 3035 392 3105 quibus
402 3034 467 3092 solis
484 3046 526 3092 ιιι
541 3042 661 3106 potestas
678 3049 786 3089 sacrum
798 3034 915 3089 chrisma
967 3052 1050 3107 repas,
1074 3050 1104 3096 ur
1124 3041 1164 3096 eis
1185 3048 1326 3096 consecret
1349 3039 1514 3110 episcopum.
1536 3039 1615 3095 Tunc
1638 3039 1756 3109 pontifex

129 3126 272 3194 conficere,
295 3136 323 3183 et
340 3127 537 3200 baptizatorum
559 3127 663 3184 lroutes
684 3127 800 3199 signare,
821 3135 849 3182 ct
866 3142 915 3198 per
928 3099 1040 3203 cjuber
1062 3147 1124 3187 eum
1147 3130 1247 3200 inquiri
1273 3131 1306 3185 de
1325 3136 1441 3198 quatuor
1459 3128 1588 3197 capitulis
1606 3129 1759 3194 canonicis,

130 3233 225 3276 manus
238 3219 437 3290 impositionem
451 3217 581 3288 Spiritum
591 3227 713 3274 sanctum
725 3217 776 3272 illis
787 3216 913 3275 tribuere.
966 3225 1018 3281 hoe
1040 3233 1092 3287 est,
1115 3221 1149 3277 do
1162 3220 1334 3289 amaroquita
1350 3231 1374 3285 ι,
1390 3234 1439 3290 pro
1455 3219 1556 3276 ancilla
1570 3220 1628 3274 lieo
1641 3231 1757 3284 ιιιιιιι,

129 3309 235 3366 liabent
250 3318 409 3382 potestatem
432 3311 532 3382 ligandi
543 3320 624 3382 atque
636 3310 768 3368 solvendi.
781 3310 833 3366 Per
844 3310 916 3381 ipsos
965 3329 1015 3384 pro
1028 3312 1258 3382 quadrupedibus,
1281 3317 1329 3364 aut
1348 3310 1372 3365 si
1387 3309 1527 3382 conjugem
1542 3309 1644 3365 babuit
1655 3326 1689 3366 ιι
1705 3309 1754 3366 alio

128 3415 235 3472 quoque
254 3401 359 3471 publica
378 3401 469 3473 populi
490 3401 622 3457 absolutio
644 3403 672 3457 in
695 3402 738 3457 die
755 3401 845 3457 Coenae
864 3402 917 3455 [to-
966 3404 1033 3466 viro,
1049 3403 1120 3472 quod
1134 3401 1229 3458 Gracc
1243 3402 1343 3479 dicitur
1358 3400 1558 3475 drurspopepie.
1582 3401 1656 3457 Etsi
1670 3402 1758 3457 debis

129 3491 194 3547 mini
209 3490 321 3548 solemni
331 3507 406 3547 more
420 3493 566 3563 peragitur.
582 3491 728 3548 Sciendum
741 3501 829 3547 autem
843 3493 914 3562 quod
965 3492 1136 3564 inculpabilis
1148 3492 1274 3547 inventus
1285 3489 1459 3559 suerit,jurat
1470 3491 1668 3547 archidiacono
1678 3508 1754 3564 super

128 3581 224 3650 primis
236 3580 357 3637 ecelesiae
366 3582 533 3651 temporibus
543 3582 623 3637 ctiam
636 3582 788 3655 presbytcri
803 3583 918 3654 episcopa*
965 3593 1080 3655 quatuor
1102 3582 1260 3652 Evangelia,
1285 3583 1382 3637 deinde
1397 3581 1542 3638 coufirmat
1559 3598 1644 3654 super
1661 3600 1756 3656 eorpus

128 3671 295 3728 vocabantur
315 3689 323 3727 ι
344 3673 391 3728 sed
404 3674 587 3742 postmodum,
599 3673 658 3729 utili
669 3673 736 3728 satis
749 3673 912 3744 provisione,

128 3763 305 3820 constitutum
315 3771 366 3833 est,
379 3772 409 3820 ut
422 3766 474 3822 boc
490 3780 585 3821 nomen
600 3765 664 3821 solis
679 3764 850 3836 pontificibus
864 3766 916 3820 tri-

128 3855 237 3921 buatur,
254 3870 368 3927 quorum
385 3854 496 3924 macris
507 3857 606 3930 gradus
623 3856 782 3913 excellentia
798 3865 911 3923 crescat,

128 3960 155 4006 ct
177 3951 266 4007 minor
278 3953 345 4008 ordo
363 3968 565 4009 mensurarum
582 3953 693 4008 limitem
718 3960 911 4024 recognoscat:

128 4040 217 4110 sitque
228 4040 379 4099 differentia
392 4044 422 4099 in
433 4043 581 4112 vocabulis,
594 4044 663 4101 sicut
672 4044 826 4115 praecelsior
837 4044 918 4101 locus

128 4134 249 4190 bencus.

162 4225 307 4300 Episcopus
321 4227 424 4295 Graece,
447 4231 545 4286 Latine
556 4230 654 4287 dicitur
666 4231 888 4302 superintendens
902 4250 915 4285 .-

128 4321 170 4375 tri
185 4334 278 4391 super,
296 4329 401 4378 amatr
420 4321 571 4386 intendere,
586 4322 649 4377 binc
660 4322 801 4391 episcopus
819 4336 912 4390 super-

964 3675 1034 3731 beati
1058 3675 1132 3731 Petri
1147 3675 1180 3730 de
1195 3674 1238 3730 bis
1261 3661 1451 3745 inculpabilem
1475 3688 1507 3727 ιι
1529 3673 1599 3729 iore.
1628 3675 1753 3731 Similiter

963 3768 1115 3839 presbytcri
1130 3776 1158 3823 ct
1172 3767 1289 3823 diaconi.
1308 3766 1374 3822 Post
1394 3768 1452 3822 bac
1463 3766 1603 3823 residente
1618 3768 1752 3839 pontidce,

964 3868 1106 3917 ctastante
1120 3860 1247 3915 universo
1264 3859 1357 3925 clero,
1374 3860 1523 3927 interrogat
1543 3875 1593 3916 eos
1611 3861 1661 3930 qui
1683 3861 1754 3915 illustr

964 3952 1143 4016 adduxerunt,
1166 3950 1200 4005 dc
1219 3951 1425 4005 conuersatione
1439 3965 1501 4013 sua,
1520 3964 1571 4005 scu
1587 3960 1660 4021 quot
1673 3965 1753 4006 anuos

963 4042 990 4098 in
1009 4057 1169 4112 unoquoque
1183 4042 1267 4113 gradu
1284 4041 1462 4096 ministras-it.
1479 4041 1582 4097 Deinde
1605 4042 1752 4115 interrogat

963 4149 1036 4198 eum,
1051 4134 1121 4188 sitne
1143 4132 1177 4188 dc
1196 4132 1255 4202 ipsa
1269 4130 1402 4197 Ecclesia,
1422 4138 1469 4185 aut
1491 4130 1524 4186 dc
1540 4132 1593 4186 alia
1612 4152 1619 4187 :
1637 4144 1667 4189 ct
1679 4135 1702 4190 si
1720 4135 1752 4191 dc

962 4227 1015 4282 alia
1029 4232 1082 4288 est,
1096 4224 1246 4292 interrogat
1258 4230 1348 4277 utrum
1360 4222 1458 4277 habeat
1471 4221 1554 4294 493
1568 4223 1753 4280 dimissoriam

962 4315 997 4370 ab
1010 4314 1137 4386 episcopo
1152 4329 1211 4368 suo.
1232 4312 1297 4381 Quae
1310 4320 1419 4367 ostensa
1432 4313 1564 4368 recitatur
1577 4315 1606 4370 iu
1623 4318 1748 4372 medium.

127 4411 279 4478 intendens,
295 4412 322 4468 id
337 4422 377 4468 est
397 4413 591 4482 supervidens:
610 4412 673 4481 quia
694 4413 751 4482 ipse
770 4413 851 4467 debet
866 4429 911 4468 su.
924 4448 950 4509 D
962 4408 1021 4476 Quo
1045 4407 1119 4460 iacto
1139 4405 1276 4476 subjungit
1295 4403 1415 4474 poutiiex
1436 4420 1443 4455 ε
1465 4403 1538 4470 Quid
1557 4407 1632 4463 uobis
1656 4408 1753 4480 plueut

126 4501 267 4570 pervidere
280 4503 364 4557 vitam
383 4501 564 4573 subjectorum
584 4517 704 4567 suorum,
722 4501 838 4572 qualiter
852 4517 912 4558 cre·
963 4498 995 4554 de
1008 4497 1059 4552 eo?
1074 4496 1266 4567 Respondeant
1282 4512 1288 4547 τ
1307 4492 1432 4559 Cadilla,
1444 4494 1625 4565 miiitum&
1642 4499 1753 4570 belliani·

127 4590 203 4654 daut,
214 4591 330 4663 qualiter
346 4593 448 4660 uiuant,
465 4593 580 4664 qualiter
600 4593 648 4648 liei
666 4601 799 4663 praccepta
821 4601 912 4649 custo-
962 4589 1234 4656 tractemundum
1253 4603 1312 4658 que
1326 4587 1380 4642 Deo
1394 4599 1453 4640 suut
1473 4596 1598 4657 eccepta;
1624 4601 1654 4644 et
1670 4591 1753 4660 ponti·

127 4678 212 4734 diam.
233 4679 358 4751 dutiquis
381 4683 547 4753 temporibus
570 4683 596 4738 in
621 4682 732 4754 siugulis
758 4683 912 4739 civitatibus
962 4681 1005 4737 lex
1022 4699 1029 4735 ε
1048 4679 1149 4743 Videte,
1165 4677 1272 4747 fratrer,
1286 4694 1317 4730 ue
1332 4675 1448 4747 utiquam
1461 4677 1667 4746 promissionem
1682 4678 1755 4749 [ecia-

126 4778 205 4826 erant
220 4778 309 4828 turres
320 4773 458 4830 altissimae
469 4785 649 4832 constructae:
665 4791 832 4847 unaquaque
844 4776 911 4834 ciui-
962 4781 999 4827 set
1012 4770 1081 4825 uobis
1094 4786 1102 4823 :
1114 4768 1211 4821 mimus
1224 4765 1293 4837 quod
1311 4765 1483 4819 simoniacum
1500 4773 1548 4828 est,
1566 4776 1589 4818 et
1601 4777 1699 4822 curura
1711 4786 1752 4823 ca·

126 4869 168 4917 ιιι
180 4860 296 4919 habehat
310 4881 387 4920 suam
404 4868 520 4933 turrim,
537 4869 563 4923 in
583 4884 635 4938 qua
655 4869 743 4925 stabat
760 4869 913 4940 speculator
964 4878 1052 4917 ιιοιιιι.
1065 4859 1120 4914 Illis
1132 4856 1364 4928 respondentibus,
1380 4856 1479 4911 Airita
1497 4856 1583 4922 nobit,
1601 4859 1755 4917 introduci·

125 4950 242 5019 assidue,
254 4959 308 5008 uta
320 4954 398 5026 longe
408 4966 499 5027 posset
512 4961 643 5029 aspicere,
655 4961 678 5015 si
690 4963 826 5017 exercitus
837 4963 917 5018 veni.
963 4964 1007 5009 tur
1017 4953 1119 5007 electus
1132 4957 1194 5004 ante
1206 4947 1377 5019 pontificem,
1391 4955 1527 5017 prostrato
1547 4962 1580 5002 eo
1598 4948 1629 5003 in
1643 4959 1752 5010 terram

124 5049 167 5098 ret
179 5057 213 5099 ex
227 5043 316 5115 aliqua
327 5056 419 5116 parte;
431 5049 455 5103 si
466 5048 572 5103 videret
584 5051 734 5106 exercitum
745 5053 910 5117 venientem,
962 5043 1012 5099 Cui
1023 5040 1205 5111 apostolicus:
1221 5035 1344 5108 Protepot
1359 5053 1405 5091 uos
1422 5037 1561 5092 Dominus.
1586 5038 1624 5093 Et
1638 5048 1706 5097 tune
1717 5043 1756 5096 iu·

123 5133 266 5191 nuntiabat
281 5135 371 5191 statim
391 5138 463 5210 regi,
486 5146 514 5193 et
528 5142 749 5210 praeparabantur
762 5158 857 5199 omncs
877 5143 911 5198 ad
962 5128 1362 5202 iert⁰8³ld⁰⁸1¹is⁰rdi¹¹ibl¹⁸s
1379 5136 1460 5197 ³211ssss
1482 5129 1595 5183 instrui
1615 5131 1653 5187 ‘¹0
1672 5148 1754 5188 0³⁰⁰·

122 5221 221 5280 bellum
240 5233 334 5283 contra
355 5227 461 5284 bostem
479 5228 565 5284 illum.
589 5229 771 5302 speculatoris
785 5231 856 5287 illius
872 5234 909 5287 si-
961 5224 1023 5280 llica
1037 5222 1208 5287 aucwriitles
1223 5227 1250 5273 et
1263 5219 1346 5275 dicii:
1361 5217 1490 5283 thttitm
1503 5219 1530 5272 in
1540 5229 1566 5274 te
1578 5218 1652 5276 ⁶⁰³⁰
1667 5238 1754 5278 cona*

158 5353 170 5382 Ι

122 5339 402 5471 sumseratirirriri⁸iiorte
417 5416 468 5487 leg.
486 5430 493 5470 ι
510 5416 649 5480 Sacerdos,
663 5416 754 5472 Graece
765 5415 908 5488 prerbpter,
961 5439 1022 5479 rum
1042 5422 1210 5478 concupitor.
1234 5420 1311 5491 Apud
1334 5418 1425 5473 Baluz.
1450 5417 1501 5473 loc.
1528 5421 1577 5474 cit.
1605 5423 1753 5495 «inquirat

346 5361 420 5408 rece,
436 5355 488 5401 etc.
502 5345 559 5401 lmo
574 5354 601 5401 ιι
616 5345 703 5415 ipsum
717 5347 821 5416 origine
833 5345 907 5401 Lati·
998 5363 1009 5392 e
1029 5353 1216 5422 Arenuoquita,
1240 5366 1273 5407 ex
1292 5349 1386 5406 Gracco
1408 5351 1600 5423 ἀρσιιιιιιτηι,
1616 5353 1752 5411 masculo·

120 5479 214 5536 batirre
226 5482 348 5540 sacerdos
361 5486 469 5552 dicitur,
482 5503 528 5540 reu
542 5503 645 5541 sacrum
660 5487 735 5541 derra.
960 5493 1035 5548 illurn
1051 5495 1084 5549 de
1101 5500 1216 5562 quatuor
1230 5489 1366 5560 capituliS,
1390 5489 1416 5542 id
1441 5496 1492 5552 cst,
1507 5489 1541 5544 de
1563 5493 1750 5563 arsenoquita,

156 5550 169 5589 b
183 5549 255 5606 Ordo
265 5550 343 5608 Rom.
357 5571 417 5611 ιιιι.
429 5556 499 5610 llab.
512 5570 572 5629 cap.
586 5556 701 5610 illusrci
713 5555 782 5619 ital..
799 5563 864 5612 tom.
874 5555 909 5623 ll,
962 5563 1033 5634 quod
1047 5570 1096 5626 cst,
1113 5562 1216 5617 cribans
1226 5576 1286 5615 cum
1302 5559 1432 5621 masculo,
1445 5567 1496 5613 ιιι.
1514 5580 1523 5611 s

118 5635 177 5692 pag.
193 5619 235 5676 88.
252 5621 548 5697 {interceptarum
562 5626 663 5697 lipag.
681 5626 761 5682 tait.
