3780 6120
132 289 196 345 tter
626 287 673 346 lu
691 288 805 346 OPEM
823 289 854 344 B.
873 288 1011 346 necarat
1031 287 1246 346 APPENDIOES.
1698 285 1762 343 1331

131 399 259 464 lormara,
282 399 452 470 adoptionem
480 399 570 453 carnis
595 414 765 470 nequaquam
787 399 913 457 babuisse
928 407 951 464 Α
965 403 1025 456 dam
1041 402 1203 457 assertiones
1215 407 1351 463 exaratas,
1366 415 1419 455 non
1432 407 1487 454 aar
1504 396 1635 467 antiquis
1654 408 1762 454 sanem·

130 469 288 540 praedicam.
965 486 1024 525 rum
1051 472 1190 526 doctorum
1216 468 1404 523 traditionibus
1425 468 1653 531 convenientes,
1684 483 1763 537 quau

166 538 235 593 xlx.
252 537 328 593 Unde
345 537 519 591 obsecramus
533 553 590 602 vos,
602 539 769 592 v'encrabiles
785 539 812 592 iu
833 538 912 593 Chri·
964 541 1061 596 vestris
1084 556 1168 607 nuper
1187 537 1382 593 inventionibus
1405 547 1545 606 uraniique
1570 537 1762 593 oenomaus

128 617 172 663 sto
185 607 364 663 Ecclesiamm
378 607 517 676 presules,
536 622 586 676 per
603 606 746 662 adventum
766 609 872 662 Domini
886 617 914 663 et
964 610 1016 663 Sed
1032 611 1092 663 duae
1104 608 1226 663 dilllciles
1239 623 1283 662 res
1296 609 1396 662 nostris
1411 608 1437 660 in
1452 622 1484 660 eo
1499 606 1609 671 libello,
1623 621 1709 674 gaeta
1726 609 1763 663 di-

129 677 248 733 terribile
258 677 405 747 judiciam,
420 685 450 730 ut
462 678 531 740 brac,
555 692 615 746 qrrae
636 692 717 746 supra
732 678 862 744 diximus,
876 679 913 733 si-
965 679 1082 741 rcaistis,
1098 679 1222 732 sensibus
1241 684 1426 733 occurrerunt.
1448 676 1520 739 Una,
1538 692 1591 730 rur
1613 677 1698 731 nobis
1713 692 1763 732 soa

130 763 172 800 rio.
185 787 191 800 .
203 786 210 800 .
220 786 246 800 ..
267 746 321 819 [ld.
339 765 346 802 :
366 745 442 800 Deest
464 746 647 810 cunctatione,
671 744 709 799 uel
730 748 793 818 guid
817 747 912 830 simile]
963 748 1105 809 sufficiunt,
1119 763 1178 815 qua
1190 747 1217 800 in
1228 755 1381 800 sanctomm
1393 745 1503 799 Patrurn
1518 747 1606 800 dictis
1621 747 1763 802 invenias-

124 813 252 883 jnheatis,
273 823 301 871 et
325 815 398 871 ouini
444 816 636 883 ronptitudine
660 815 777 886 glorioso
798 817 913 887 principi
963 826 1018 882 tur,
1032 825 1061 872 et
1075 815 1218 871 universali
1233 815 1371 870 catholicae
1387 814 1539 868 sanctionis
1558 817 1763 872 oonsuemdtae

130 884 199 956 [la.
223 885 319 942 Carolo
335 884 375 938 bia
396 830 443 966 ¹¹⁰5
467 882 603 952 seligenda
627 887 804 955 praserrtetis,
819 901 912 940 veram
962 887 1167 946 confirmantur,
1181 886 1286 939 dicente
1305 884 1467 952 Scriptura:
1490 883 1639 938 Terminus
1654 881 1761 940 Parn-

128 955 246 1012 scieates
262 955 351 1011 illud:
374 900 463 1007 dolen
477 962 537 1007 ante
636 971 649 1007 s
664 953 795 1023 judicare,
813 956 914 1026 quoad·
962 966 1067 1010 tuorum
1086 971 1117 1008 ne
1133 954 1333 1024 transgrediaris
1353 953 1443 1023 (Pron.
1455 969 1527 1016 xxti,
1548 953 1615 1022 28).
1635 951 1758 1032 Nunquid

128 1026 316 1095 resperserint,
331 1023 375 1107 qui
398 1021 556 1077 illuminabit
578 1023 729 1076 ascondita
748 1024 912 1078 tenebrarunt
962 1025 1115 1093 sagaciores
1138 1038 1231 1078 sumus
1253 1023 1286 1076 ad
1309 1022 1498 1077 inveniendam
1520 1022 1600 1076 viam
1628 1024 1758 1087 veritatis,

128 1104 153 1148 et
175 1094 352 1164 manifestabit
379 1092 487 1146 coasilia
507 1092 638 1157 cordium,
654 1103 678 1145 et
695 1102 757 1146 tunc
780 1092 838 1146 laur
862 1094 912 1147 erit
962 1109 1043 1163 qurum
1066 1093 1204 1163 apostolici
1228 1091 1414 1146 doctorcsisst
1450 1107 1519 1147 aare
1533 1091 1648 1160 aliquid
1663 1095 1757 1146 conlir-

127 1163 292 1234 unicaiquea
306 1162 360 1216 Deo
379 1160 406 1243 ll
418 1164 479 1215 hor.
494 1176 530 1223 rv,
546 1161 584 1224 5).
600 1162 633 1216 Et
644 1162 773 1217 Doruinus
784 1162 810 1215 in
825 1162 913 1216 Evan·
962 1177 1036 1217 mare
1054 1165 1200 1217 audeamus
1214 1161 1290 1233 [ils.,
1313 1107 1470 1233 audernusi,
1495 1163 1573 1231 quod
1595 1162 1626 1215 in
1657 1161 1756 1216 illorum

126 1232 215 1315 gelid:
230 1232 318 1287 Nolite
330 1231 453 1314 judicare
472 1233 614 1285 secundum
627 1232 730 1300 facient,
745 1231 790 1284 scal
808 1233 911 1300 justum
962 1247 1015 1286 non
1031 1231 1184 1287 inveniatur
1194 1231 1321 1302 seriptis?
1332 1231 1424 1286 Altera
1441 1246 1487 1285 res
1506 1240 1562 1294 est,
1580 1244 1673 1300 quare
1686 1247 1755 1301 gene·

123 1301 254 1371 judicium
273 1301 443 1383 judicantes:
467 1301 494 1354 in
517 1317 569 1370 prro
588 1301 690 1369 judicio
718 1301 911 1366 'adicuuerr'tie,
963 1302 1093 1356 rationein
1107 1302 1167 1356 Filii
1182 1302 1238 1364 Dei,
1250 1301 1292 1356 vel
1304 1310 1431 1356 aelcruam
1448 1301 1482 1355 de
1495 1300 1582 1355 Patre
1598 1300 1645 1353 vel
1661 1310 1756 1369 tempo

122 1371 324 1440 judicaiirnrni,·
336 1379 360 1424 et
374 1371 598 1442 incrementata
610 1370 691 1423 mensi
703 1317 912 1439 gliseritimadem
962 1372 1046 1426 mlem
1067 1372 1101 1426 de
1113 1381 1200 1427 matre
1210 1371 1352 1441 qrrisquam
1373 1369 1513 1424 bominum
1529 1370 1640 1424 audeat
1654 1371 1755 1425 investi-

127 1441 277 1495 remetietur
287 1441 357 1494 nolis
372 1437 462 1511 (loon.
479 1456 526 1500 vn,
539 1439 585 1510 tt)
601 1457 607 1492 :
625 1449 765 1508 pascentes
778 1439 913 1494 almitudi-
980 1458 1037 1506 are,
1053 1442 1159 1497 dicente
1178 1441 1237 1496 Seri
1258 1449 1319 1495 tura
1340 1439 1464 1493 :ditiora
1485 1449 1512 1493 te
1539 1456 1600 1493 non
1627 1441 1755 1509 masuris

127 1526 188 1566 nem
203 1519 329 1572 vestram,
345 1517 374 1563 ut
396 1510 466 1564 sicut
485 1511 565 1564 unias
583 1508 685 1564 Christi
703 1510 800 1564 vexillo
820 1509 913 1579 presi·
961 1457 1058 1580 fierit.
1083 1527 1128 1572 tn,
1141 1512 1197 1583 11).
1245 1512 1297 1564 nde
1317 1518 1425 1565 sanctus
1445 1509 1627 1578 Augustinus
1652 1509 1753 1564 dicitis

126 1581 200 1650 gnati
215 1595 318 1643 sarnus,
333 1580 369 1634 ita
387 1595 481 1648 pacem
501 1579 584 1644 vllam,
599 1595 679 1648 qnam
693 1578 817 1634 Christus
837 1594 912 1633 corn·
962 1583 1141 1635 ὃοοιιιοοοοο
1156 1581 1295 1635 testivitate
1323 1579 1423 1634 Christi
1445 1577 1622 1641 bztlerito,
1646 1579 1750 1635 dilectis

127 1649 263 1705 mendavit
280 1650 345 1704 disci
365 1649 416 1703 ulis
430 1649 495 1712 suis,
512 1652 672 1704 intemerato
687 1647 747 1716 jure
760 1664 910 1704 servemus
962 1651 1033 1714 simi,
1054 1651 1176 1705 miranda
1200 1658 1242 1705 cst
1261 1648 1410 1703 salvatoris
1434 1648 1523 1702 nostri
1547 1649 1697 1711 nativitas,
1709 1664 1754 1704 ιοο

106 1718 155 1772 ·Si
175 1719 238 1787 quid
249 1734 313 1773 vero
326 1666 404 1772 agter
423 1728 513 1773 vestra
536 1719 677 1786 prudentia
702 1719 826 1783 senserit,
842 1719 947 1802 reci-B
963 1721 1048 1775 solum
1063 1719 1106 1774 illa
1121 1721 1219 1782 divina,
1235 1721 1268 1774 de
1291 1735 1342 1788 qua
1357 1719 1458 1773 dictura
1482 1728 1525 1772 est
1543 1735 1551 1770 :
1580 1717 1596 1772 l
1600 1737 1619 1772 n
1634 1718 1753 1789 principie

125 1796 253 1857 pronatus
264 1789 640 1843 restersennoetsucordiam
651 1798 771 1843 nostram
779 1789 908 1851 enubilet,
961 1800 1017 1844 erut
1035 1789 1165 1853 Verium,
1180 1791 1227 1845 sed
1246 1790 1326 1845 etiam
1345 1788 1389 1844 illa
1409 1788 1543 1852 humana,
1564 1788 1604 1843 de
1625 1803 1680 1857 qua
1692 1787 1753 1844 iden

125 1867 153 1912 et
166 1858 211 1911 lnx
228 1858 349 1912 veritatis
362 1859 438 1912 radio
460 1859 516 1913 veri
534 1858 667 1927 dogmatis
692 1859 782 1912 abdita
795 1858 912 1927 pecturis
961 1861 1027 1916 dicit
1051 1861 1214 1930 evangelista
1238 1857 1372 1913 :Verium
1395 1874 1455 1912 caro
1472 1858 1577 1926 [actam
1605 1867 1645 1912 est
1670 1855 1750 1927 (losa

125 1929 210 1981 nostri
226 1927 535 1995 perlustret,utdilectio
548 1926 648 1983 Christi
661 1928 776 1984 innubis
788 1929 911 1996 riteper·
961 1947 989 1994 r,
1007 1930 1040 1994 li,
1062 1931 1122 2000 tl).
1150 1929 1225 1985 Unde
1250 1937 1276 1983 et
1301 1926 1681 1999 pmphen:cmerartonen
1704 1927 1753 1997 ejas

125 2006 245 2061 sevcret;
261 2007 367 2067 atquos
380 2000 490 2053 abertas
500 1997 602 2054 Christi
615 1996 840 2064 fecundantem
851 2012 913 2068 spa·
961 2002 1019 2070 guis
1043 2001 1175 2054 enarrabit
1193 1999 1277 2070 (lsai.
1300 2014 1365 2062 arur,
1385 1997 1453 2067 l2)?
1473 1997 1578 2052 Divina
1606 1997 1681 2051 eninr
1700 2013 1751 2050 ma·

126 2067 193 2121 tium
210 2067 283 2124 nallo
300 2069 379 2124 ruodo
394 2068 507 2123 dividat.
962 2072 1003 2140 gis
1027 2069 1080 2124 hle
1104 2070 1256 2126 reiteranda
1283 2078 1362 2134 sunt,
1387 2083 1469 2138 quatu
1502 2069 1618 2122 ratione
1646 2069 1750 2122 iuvesti-

303 2173 483 2212 rnsruuosraa
497 2174 539 2213 cu.
559 2174 585 2212 o.
606 2172 735 2212 urrunsa.
962 2140 1059 2211 ganda·

161 2243 226 2299 lim
237 2245 346 2315 epistola
359 2259 527 2302 conservatur
538 2249 566 2302 in
579 2247 710 2302 tabulario
727 2246 842 2303 ccclesiae
860 2246 912 2302 1ο-
997 2209 1038 2263 m'
1057 2211 1109 2265 3⁰⁴¹
1132 2218 1237 2278 tempus
1257 2217 1299 2264 ρει
1316 2215 1345 2262 ¹¹²
1357 2208 1390 2261 ad
1410 2206 1605 2263 disfuuendffi
1623 2208 1751 2264 semma

124 2314 436 2386 ratmundum
452 2317 583 2387 terrina
596 2328 644 2373 ο·
961 2280 1023 2404 lili
1039 2277 1752 2421 lilibitanatibialiabittit

269 2421 415 2478 conetur
434 2423 774 2482 FRANCOFORDiENSlS
961 2420 1042 2492 male]
1055 2420 1173 2490 perfidia
1195 2434 1298 2475 veneno
1317 2427 1497 2501 ¹corruptae-et
1513 2417 1594 2472 inter
1608 2418 1691 2496 bures
1704 2420 1752 2488 psl

126 2529 253 2570 svrsroas
273 2531 414 2582 sruoorcu,
435 2534 468 2573 ru
488 2533 627 2574 sansures
647 2534 776 2574 ursmarus
796 2534 870 2574 aussi
885 2533 909 2575 ⁸.
961 2491 1127 2614 ‘'heffinlffi·
1139 2488 1520 2614 ⁶⁶⁰5T⁰³¹¹l⁰¹ti⁰ae⁰³¹¹ss¹¹¹¹ffi
1544 2503 1658 2612 ‘'mn“
1680 2501 1750 2543 '‘⁵¹''

208 2605 379 2676 οοο
514 2609 629 2679 οο
960 2627 1751 2701 ..ο

161 2695 259 2751 Sancta
274 2699 393 2767 synodus
407 2707 434 2754 et
447 2700 614 2755 venerabiles
634 2700 661 2754 in
676 2699 783 2756 Christo
804 2701 910 2770 Patres,
960 2712 1070 2771 garetnr
1086 2719 1092 2754 ε
1109 2709 1137 2754 et
1155 2717 1187 2754 cx
1209 2701 1261 2755 boc
1272 2699 1329 2754 solo
1342 2699 1516 2769 perspicuum
1531 2707 1580 2753 est
1593 2715 1702 2754 errasse
1713 2714 1752 2753 vus

124 2778 186 2820 curn
196 2768 320 2821 omnibus
331 2769 463 2837 episcopis
476 2769 638 2834 Germaniae,
649 2769 741 2826 Gallia
754 2781 781 2826 et
800 2771 823 2826 11
842 2773 911 2828 uita-
961 2769 1121 2835 voluntarie,
1135 2771 1198 2825 dum
1213 2779 1365 2825 sanctorum
1380 2767 1492 2822 Patrurn
1506 2769 1688 2824 venerabiles
1701 2784 1751 2822 sen

125 2834 176 2889 niae
190 2834 266 2917 [lim
278 2835 453 2910 Equitaniael,
467 2848 495 2893 et
508 2848 564 2895 tnto
576 2841 715 2896 catholicae
729 2843 804 2911 pacis
817 2789 909 2910 οἹοτος
960 2855 1007 2894 sus
1017 2855 1065 2911 per
1075 2841 1286 2896 intermissiones
1298 2837 1613 2919 aliquorumverbornm
1628 2838 1752 2894 macariae

124 2904 285 2989 prnsubbus
302 2907 447 2977 Hispania,
460 2918 488 2964 et
505 2912 610 2965 crearis
631 2911 729 2966 ibidem
750 2911 911 2968 Christiani·
960 2911 1087 2965 nitimini.
1108 2912 1142 2966 Et
1159 2911 1297 2973 miramur,
1324 2910 1367 2964 vel
1392 2923 1479 2990 magis
1506 2904 1652 2990 lugemus,
1677 2925 1752 2990 quart

123 2985 186 3031 tatis
207 2991 304 3032 unomen
326 2978 488 3034 habentibus
509 2980 536 3034 in
559 2980 673 3037 Domino
692 2982 756 3046 Deo,
774 2983 820 3037 liei
841 2983 911 3039 Filio
960 2981 1011 3036 hoc
1025 2980 1229 3045 lucerevelitis;
1264 2993 1328 3035 aare
1349 2992 1509 3049 purissimos
1527 2979 1677 3034 cathobcae
1697 2979 1751 3033 dlev

122 3053 226 3101 vernet
245 3048 365 3119 proprio,
389 3047 452 3105 lesu
466 3048 584 3117 Christo,
608 3061 717 3108 aeternae
731 3052 943 3151 beatitudinisc
960 3051 1049 3107 fontes
1070 3052 1196 3107 haeretico
1209 2997 1276 3122 pege
1293 3050 1402 3104 turbare
1420 3063 1476 3104 noa
1501 3050 1639 3106 tirrveatis
1656 3049 1751 3106 immi

124 3116 248 3171 saltumn
958 3123 1102 3176 musenim
1126 3123 1153 3177 in
1178 3121 1258 3177 libelli
1273 3120 1355 3175 vestri
1369 3119 1503 3188 principio
1519 3121 1672 3203 scripturn,
1689 3121 1751 3191 guad

139 3187 177 3268 «ΙΙ.
192 3186 220 3240 ln
235 3189 342 3245 nornine
356 3189 461 3244 Domini
474 3189 632 3246 uostrilesu
644 3190 808 3263 Christi,qui
819 3194 904 3249 dixit:
956 3207 1005 3246 vos
1018 3193 1171 3315 posuistise
1196 3208 1203 3246 ι
1230 3213 1239 3245 r
1261 3190 1426 3247 conaremur
1451 3199 1479 3244 et
1503 3191 1653 3246 credimus
1675 3190 1749 3245 un·

122 3255 172 3310 libr
185 3266 246 3311 sant
259 3259 312 3312 duo
325 3259 363 3314 uel
384 3271 436 3314 tres
449 3261 597 3331 congregati
617 3262 645 3315 in
667 3262 770 3316 nomine
782 3281 850 3329 meo,
870 3265 906 3319 iii
957 3262 1004 3316 Dei
1041 3263 1115 3316 ilium
1128 3272 1190 3317 οοιο
1203 3263 1295 3317 omnia
1316 3268 1435 3330 tempora
1455 3261 1517 3314 siue
1539 3261 1623 3316 initio
1633 3278 1668 3317 ex
1681 3260 1750 3315 Patre

121 3341 180 3379 snm
196 3342 242 3394 ego
255 3328 282 3380 in
294 3329 379 3382 medio
389 3346 478 3382 eorum
487 3330 592 3399 (Marti.
603 3333 645 3395 l8,
661 3330 722 3401 10),
735 3336 907 3405 congregatis
957 3333 1089 3403 genitam,
1102 3342 1278 3398 coeternum,
1301 3339 1327 3387 et
1340 3330 1620 3393 consubstantialem,
1640 3347 1694 3388 noa
1710 3331 1748 3385 ad·

122 3395 200 3476 nobis
218 3395 244 3448 in
263 3412 345 3477 unum
361 3399 500 3452 alteritatis
514 3411 658 3465 conventu,
684 3404 856 3471 praecipiente
879 3412 907 3459 et
956 3403 1075 3472 optione,
1094 3405 1141 3458 scd
1165 3418 1271 3474 genere.
1290 3423 1299 3454 v
1321 3401 1387 3455 item
1404 3408 1584 3470 postpauca
1612 3402 1639 3456 in
1663 3402 1746 3457 eoba

121 3464 280 3533 praesrdente
294 3466 414 3533 piissimo
432 3475 460 3520 et
474 3468 668 3538 gloriosissimo
693 3471 802 3527 domino
829 3473 906 3545 [llr.,
956 3470 1016 3526 loco
1028 3471 1189 3542 legebatur:
1208 3492 1217 3526 r
1236 3472 1402 3528 Corrhternur
1414 3477 1442 3524 et
1462 3470 1619 3535 credirnas,
1635 3487 1697 3527 enm
1715 3470 1747 3524 la

121 3532 231 3604 domno]
256 3543 349 3588 nostro
362 3535 458 3592 Garolo
483 3553 555 3609 rege,
580 3539 613 3594 ad
637 3542 823 3597 renovandam
844 3560 907 3599 carn
956 3551 1030 3596 ctum
1045 3557 1078 3596 ex
1095 3544 1218 3609 muliere,
1241 3543 1340 3598 lachim
1354 3539 1489 3610 sublege,
1506 3555 1568 3594 non
1582 3556 1683 3612 genere
1696 3555 1746 3595 esse

121 3603 233 3658 consilio
251 3603 370 3674 pacisce
395 3607 580 3665 unanimitatis
597 3618 696 3664 macte
709 3610 757 3665 liri
780 3612 908 3671 Ecclesiae
956 3611 1054 3666 Filium
1080 3613 1140 3676 liei,
1153 3615 1200 3669 sed
1225 3613 1384 3682 adoptione3
1411 3624 1467 3665 non
1493 3619 1613 3677 natura,
1627 3611 1676 3667 sed
1736 3638 1745 3649 ·

120 3682 231 3756 statura,
245 3682 273 3729 et
295 3675 328 3730 ad
339 3677 539 3800 predicandam
561 3679 718 3735 onhodoxae
732 3680 907 3739 lldeivcrita-
957 3683 1004 3736 tia.
1034 3683 1135 3739 »Ecce
1159 3698 1271 3754 serpens
1291 3684 1362 3737 inter
1384 3679 1521 3750 pomifera
1547 3682 1673 3750 paradisi
1692 3625 1745 3734 mr

120 3756 185 3827 reru,
212 3760 239 3799 ru
260 3759 312 3813 qua
331 3747 421 3801 ‹ivinu
441 3757 569 3819 operante
588 3750 673 3822 gratia
693 3751 788 3807 salutis
808 3764 908 3811 nostrae
956 3759 1018 3807 tans
1032 3751 1113 3825 ligna,
1133 3762 1163 3809 at
1178 3755 1300 3809 incautos
1311 3763 1433 3822 quosque
1444 3750 1582 3820 decipiat.
1604 3751 1645 3806 Es
1657 3764 1745 3807 serne-

120 3822 364 3895 rmttumerstatet
379 3817 453 3881 linis;
469 3817 512 3873 cai
525 3819 693 3889 nihilsagcri
706 3823 908 3891 potestvelmi-
956 3823 1036 3878 nibus
1058 3823 1146 3879 suncti
1170 3823 1313 3893 Augustini
1347 3822 1405 3876 hac
1431 3820 1599 3876 testimonia
1627 3820 1744 3877 translata

120 3899 182 3947 nam
197 3899 257 3955 quae
272 3901 323 3939 una
337 3887 417 3943 debet
430 3886 508 3961 μὴ,
520 3889 607 3961 decet]
621 3905 681 3946 esse
693 3893 813 3948 omnium
827 3893 906 3950 Chri·
957 3901 1021 3948 saut
1035 3911 1042 3946 z
1057 3893 1104 3949 sed
1116 3893 1243 3949 heretica
1257 3892 1389 3962 pravitate
1409 3888 1539 3945 additam
1553 3891 1708 3947 invenimus
1723 3890 1744 3942 ir

119 3953 281 4020 stiauorum,
296 3957 402 4012 dicente
415 3958 495 4013 Ιοοοιο
514 3960 653 4029 apostolo:
671 3959 744 4017 Ursas
764 3963 906 4030 Dominus,
956 3963 1078 4031 mouenti
1091 3964 1202 4033 periodo
1216 3980 1222 4016 :
1237 3982 1246 4014 v
1264 3960 1321 4017 Non
1334 3973 1432 4044 genme
1442 3958 1624 4017 assei-“iliam
1641 3959 1744 4027 &ivel

121 4039 174 4076 una
198 4024 285 4093 fides,
312 4043 394 4081 unum
417 4028 554 4098 baptismo,
581 4047 649 4085 unrrs
675 4030 746 4087 Deus
770 4043 796 4087 et
826 4031 907 4088 Pater
957 4032 1116 4101 adoptione;
1134 4054 1143 4085 v
1160 4032 1363 4103 qrrodctiomtn
1377 4028 1564 4097 sequentibus
1578 4031 1745 4099 plenissm-

120 4094 248 4158 ornuism,
258 4097 302 4165 qai
313 4114 391 4166 saper
401 4100 487 4152 omnia
496 4107 520 4151 et
535 4099 562 4153 in
573 4101 691 4156 omnihus
706 4102 780 4156 nohis
796 4102 904 4185 (aptes.
956 4101 1028 4157 lente
1043 4103 1105 4167 Deo,
1121 4101 1375 4158 dernonstrabiruus.
1388 4097 1468 4155 Nunc
1481 4115 1555 4157 tero
1568 4101 1745 4157 tantummodo

121 4179 155 4225 ιν,
171 4162 197 4226 5,
212 4164 249 4234 6).
271 4165 298 4246 ln
317 4167 368 4247 hac
388 4169 475 4222 omrris
494 4169 624 4226 sanctitas
646 4171 718 4234 vitan,
734 4188 823 4227 ornms
844 4189 907 4244 spes
957 4174 991 4227 ad
1013 4172 1088 4246 [lla.
1107 4175 1191 4228 omit.
1207 4173 1251 4245 ad]
1269 4171 1489 4228 osteruiendoset
1505 4172 1652 4229 cavendos
1666 4171 1744 4227 nori-

120 4244 344 4315 reruuneratrours
365 4245 487 4300 ιοιοοοιος
503 4240 561 4293 sine
575 4256 627 4310 qua
641 4240 706 4295 nihil
717 4251 851 4307 sanctum,
865 4245 906 4297 ni·
958 4242 1029 4299 leros
1044 4244 1142 4299 veneni
1171 4259 1267 4299 suecos
1293 4242 1442 4312 legentibus
1468 4241 1658 4299 inseruimus.
1681 4239 1744 4310 buti

119 4302 157 4356 lnl
182 4303 236 4358 [leo
262 4308 438 4376 acceptabile,
452 4309 519 4362 nihil
535 4310 634 4364 vivuvn.
657 4308 750 4365 iustus
772 4313 844 4366 enirn
871 4328 905 4368 ex
957 4321 1046 4368 arram
1061 4326 1137 4368 crem
1158 4314 1176 4367 li
1195 4315 1280 4384 gratia
1292 4311 1421 4383 posuistis
1436 4327 1443 4366 :
1459 4308 1550 4366 Pater
1565 4314 1653 4384 major
1667 4320 1743 4366 necat

119 4371 173 4454 lide
185 4373 252 4428 vivit
267 4389 275 4428 ι
291 4392 373 4446 (luant
393 4378 438 4447 quii
452 4378 560 4433 diabolo
580 4381 730 4450 decipiente
745 4383 904 4450 perdiderit,
957 4382 1047 4453 (loun.
1061 4399 1117 4448 xrv,
1136 4329 1197 4455 gg„
1212 4399 1265 4437 non
1284 4390 1395 4454 propter
1413 4381 1609 4450 adoptionem,
1630 4384 1678 4439 sel
1694 4397 1743 4452 pte

119 4457 212 4525 truens
226 4453 346 4501 moratus
362 4456 420 4512 cst;
435 4449 725 4519 qniasieutperlldem
737 4452 851 4521 justitia,
865 4455 902 4509 ita
919 4440 1015 4523 Dpter
1042 4454 1155 4508 lormam
1184 4455 1255 4509 servi
1279 4453 1363 4516 dixit,
1387 4452 1415 4506 in
1438 4467 1495 4521 qua
1525 4454 1621 4509 minor
1643 4464 1684 4509 est
1704 4452 1743 4506 Pa·

119 4523 201 4596 ettam
210 4529 260 4583 per
273 4514 353 4571 fldem
363 4534 454 4573 vermu
468 4520 522 4573 vita
537 4521 673 4575 obtinetur
683 4531 784 4576 :eterna
797 4521 902 4580 dicente
957 4530 1008 4577 tre.
1031 4522 1117 4578 Siurili
1140 4524 1221 4579 ruodo
1238 4532 1266 4579 et
1279 4531 1389 4593 propter
1400 4519 1523 4576 formam
1547 4525 1624 4580 serni
1640 4524 1700 4578 illud
1710 4522 1741 4575 d·

119 4581 232 4639 Dorulato
246 4583 407 4642 salvatore:
432 4586 497 4643 ilrec
519 4599 556 4644 est
576 4598 662 4643 autem
685 4592 738 4644 uita
752 4602 861 4659 aterna,
874 4604 903 4649 at
957 4603 1031 4646 ctum
1056 4603 1122 4648 est:
1147 4591 1219 4648 Puer
1241 4605 1329 4647 autem
1351 4588 1482 4647 crescebat
1503 4601 1532 4646 et
1551 4593 1740 4662 confortatum

66 4673 68 4678 ·
118 4664 275 4724 cognoscant
289 4665 312 4708 te
323 4657 407 4711 solum
421 4674 510 4712 oerum
524 4659 617 4722 Draus,
631 4669 655 4714 et
665 4676 740 4731 quem
751 4662 844 4716 misisti
857 4666 903 4718 le·
956 4664 1050 4731 spiritu
1068 4663 1144 4735 (lac.
1161 4660 1739 4734 n,l0).llocscro,quodloannesdisit:

119 4739 177 4777 turn
192 4721 424 4796 Clrristumlloan.
445 4744 512 4793 xvrr,
526 4729 564 4799 5).
961 4731 1078 4787 Vidimus
1091 4732 1200 4803 gloriam
1215 4733 1281 4802 ejus,
1293 4733 1403 4803 glorium
1420 4732 1501 4801 quasi
1514 4733 1650 4803 unigeni&
1667 4749 1684 4786 s
1701 4728 1740 4784 Ps-

154 4790 276 4874 511411.
292 4794 364 4850 lnter
377 4811 473 4852 cetera
495 4799 595 4868 itauae,
611 4815 669 4869 qtrae
680 4816 729 4869 pro
746 4798 825 4868 hujus
840 4803 902 4859 lldci
955 4812 1010 4865 tre,
1033 4802 1138 4873 plenam
1159 4804 1245 4874 gratia
1262 4813 1286 4856 et
1309 4803 1416 4855 neman
1437 4798 1536 4872 (lours.
1554 4817 1584 4868 r,
1612 4803 1676 4874 11),
1691 4816 1740 4856 ctu·

119 4862 246 4944 humitate
257 4867 440 4932 tractavimus,
452 4869 551 4923 domini
564 4869 640 4994 im’
654 4870 756 4943 domni]
771 4873 902 4943 regiano
956 4880 997 4925 tru
1017 4873 1188 4943 adoptionem
1203 4873 1293 4928 earnis
1303 4871 1376 4927 lacit.
1389 4868 1419 4925 st
1429 4869 1610 4942 unigenitus,
1622 4869 1739 4943 quenula

119 4941 168 4987 stru
184 4934 318 5017 praecipua
329 4936 428 5006 pietate
445 4946 472 4992 et
485 4938 563 4993 lauda
584 4939 612 4993 ili
625 4941 756 5009 sapientia
768 4943 903 4998 assidente
956 4950 1020 4997 tunc
1033 4944 1190 5012 alumnus?
1206 4941 1254 4997 Vel
1267 4942 1290 4996 si
1306 4956 1360 4997 non
1372 4949 1413 4995 est
1427 4940 1565 5011 proprius
1577 4941 1678 5010 Filius,
1691 4954 1740 5011 quo

118 5010 146 5056 et
160 5003 316 5068 auxiliante,
330 5006 407 5060 nobis
425 5008 554 5078 praecepit
579 5009 667 5064 subito
690 5010 804 5080 gloriosa
832 5012 904 5068 illius
955 5013 1036 5066 modo
1052 5020 1115 5068 tunc
1127 5013 1221 5081 plenus
1233 5012 1320 5082 gratia
1330 5017 1358 5066 et
1372 5010 1510 5066 veritate?

118 5072 471 5154 excellentia,tldcivestrae
490 5077 712 5134 libellumallcrri
728 5081 755 5134 in
773 5082 900 5147 medium,
989 5081 1130 5152 lV.lgitur
1153 5081 1224 5151 quod
1248 5081 1371 5150 sequitur
1388 5081 1416 5135 in
1442 5078 1568 5148 epistola
1597 5079 1740 5137 assertionis

119 5157 164 5212 qur
184 5146 404 5211 cumanotario,
427 5147 504 5202 nobis
526 5147 678 5220 diligentius
692 5152 901 5217 attevnlerrtibas,
954 5159 1063 5216 vestrae,
1093 5151 1201 5206 beatum
1219 5151 1319 5205 dixisse
1343 5147 1478 5204 Hilarium
1495 5149 1533 5205 d:
1558 5149 1662 5207 ‹Navn
1680 5149 1741 5205 etia

117 5212 168 5267 sab
181 5213 352 5270 distinctione
361 5216 554 5272 sententiarum
564 5225 593 5273 et
602 5220 766 5286 propri-tate
773 5235 902 5277 sensuum
955 5220 1013 5290 ipso
1028 5238 1077 5275 usa
1091 5231 1185 5275 nostro
1204 5233 1247 5274 est
1260 5221 1400 5289 adoptivus
1422 5218 1499 5274 lilius
1517 5231 1548 5276 et
1563 5238 1650 5277 venus
1663 5221 1740 5277 utiusz

117 5281 302 5354 perlegeretur
311 5285 345 5340 ad
358 5286 449 5352 linem,
463 5288 614 5342 audirimus
628 5287 655 5341 iu
667 5303 700 5343 eo
720 5304 803 5344 novas
822 5305 904 5361 qaas-
956 5291 1110 5361 adoptivum
1125 5291 1209 5345 liliam
1219 5305 1273 5344 non
1286 5289 1400 5345 dicimus
1409 5295 1513 5345 natura
1532 5305 1610 5357 esse,
1621 5292 1741 5363 quirem

153 5426 166 5454 ⁸
185 5413 325 5487 oenupn
338 5432 372 5472 ex
385 5415 502 5472 editione
510 5413 690 5472 Consiliorum
710 5415 742 5470 D.
759 5416 842 5473 liutai
858 5419 905 5472 ad-
991 5422 1005 5461 11
1026 5423 1083 5477 Non
1095 5438 1129 5477 ex
1149 5422 1269 5487 Hilario,
1292 5422 1338 5476 sed
1358 5434 1391 5475 ex
1416 5419 1571 5478 Ambrosio
1586 5425 1649 5482 htee
1668 5425 1741 5480 citant

118 5483 181 5538 ditis
196 5482 355 5563 lectionibus
372 5486 540 5542 variantibus
556 5501 590 5542 ca
609 5487 670 5542 eod.
685 5486 733 5541 iis.
750 5486 906 5543 SanctEnt·
940 5492 1106 5561 'liispaniin
1121 5493 1200 5563 epist.
1214 5493 1328 5546 narni.
1342 5491 1424 5546 Deest
1442 5505 1513 5546 vero
1528 5504 1587 5549 tana
1612 5497 1642 5551 ia
1666 5493 1740 5551 eduis

120 5567 287 5610 meramrano
301 5570 402 5617 coaevo,
415 5563 443 5610 et
456 5555 526 5610 aliis
957 5578 1037 5632 quam
1049 5563 1076 5617 in
1090 5578 1139 5618 ms.
1153 5573 1244 5617 nostro
1259 5562 1396 5632 responsio
1404 5560 1441 5615 ad
1454 5569 1568 5618 testum
1579 5565 1670 5622 saneti
1681 5561 1740 5618 ills

153 5622 168 5664 1
184 5621 265 5678 lone
279 5640 313 5680 ex
332 5625 421 5681 Serra.
441 5624 504 5704 lid,
517 5634 583 5681 tom.
603 5621 719 5696 VOper.
958 5634 1003 5698 rii,
1020 5647 1101 5702 (prem
1116 5632 1195 5687 iidem
1209 5631 1324 5688 efferum
1340 5630 1405 5685 ibid.
1427 5646 1510 5688 nam.
1527 5633 1555 5688 1.

155 5704 167 5732 1
182 5689 269 5762 apin.
283 5699 366 5766 episc.
380 5695 516 5764 llispama
528 5710 602 5750 num.
617 5694 644 5751 2.
