3764 6120
200 261 251 314 tull
623 262 653 314 B.
673 263 704 315 F.
724 260 836 316 ALBlhl
856 261 920 319 sati
940 261 1077 318 theulut
1096 261 1235 318 uetabat
1255 261 1342 317 PARS
1360 261 1404 317 ll.
1769 267 1822 318 tlte

202 376 228 428 in
243 361 345 428 honore
362 382 518 428 sanctorum
535 382 685 444 martyrum
709 383 816 429 tuorum
830 373 862 428 de
875 381 919 427 tua
931 372 984 427 lar·
999 377 1021 434 Α
1036 375 1086 429 hac
1098 373 1208 430 basilica
1221 373 1340 443 reliquiae
1353 382 1417 428 sunt
1432 373 1585 428 recondite.
1598 370 1650 428 Per
1664 373 1819 432 hominum.

200 464 284 533 pitate
304 462 468 531 deferimus,
494 470 524 518 ιιι
550 479 642 519 eorum
668 465 907 520 intercessionibus
930 466 988 521 haec
1070 463 1265 522 Poucommuu.
1289 465 1384 521 Diniae
1408 464 1525 520 libantes
1542 465 1691 534 mysteria,
1714 481 1823 535 quman-

200 563 372 608 mcrosancta
385 553 524 625 mysteria,
547 555 641 625 gratiae
656 563 709 609 tuae
726 562 856 626 operante
868 555 985 618 virtute,
1035 571 1105 621 nnus,
1121 556 1243 621 Domine,
1262 564 1292 611 ut
1305 571 1399 611 eorum
1411 570 1461 610 nos
1476 555 1745 623 ubiqueintercessio
1759 574 1823 627 pro-

200 643 340 712 praesentis
358 644 420 697 vita
431 659 481 698 nos
492 644 697 700 conuersatione
706 642 876 699 sanctificent
890 684 898 710 ,
911 652 939 699 et
952 645 986 701 ad
1036 653 1122 717 tegat,
1138 660 1251 715 quorum
1276 644 1321 699 hic
1339 660 1415 699 saera
1431 644 1579 714 gaudemus
1593 647 1748 714 praesentia.
1770 647 1822 702 Per

200 729 297 801 gaudia
311 732 477 803 sempiterna
491 732 650 803 perducant.
665 733 727 788 Per.
1034 732 1186 789 Donuuum.

235 823 435 879 Postcomman.
449 824 490 878 Sit
503 825 591 889 nobis,
604 826 726 892 Domine,
742 825 877 898 reparatio
888 827 986 883 meritis
1071 824 1156 897 Super
1167 827 1303 897 poputum.
1315 825 1427 891 Exaudi,
1446 824 1559 879 Domine
1577 824 1658 892 Deus,
1673 827 1823 883 clementer

198 922 227 969 et
251 917 372 986 corporis
392 916 503 972 coeleste
525 918 706 988 mysterium,
729 918 808 989 cujus
827 919 986 991 operatione
1035 917 1061 972 in
1075 917 1215 972 hacdomo
1229 925 1274 971 tua
1287 932 1383 986 preces
1397 931 1537 972 servorum
1550 923 1667 983 murum,
1687 926 1822 988 quatenus

198 1021 351 1078 precamur,
364 1016 393 1061 ut
407 1008 473 1061 vitia
487 1016 578 1062 nostra
593 1017 760 1079 purgentur,
775 1016 803 1065 et
816 1009 986 1065 interceden-
1035 1004 1140 1060 illorum
1160 1007 1265 1062 meritis
1276 1017 1348 1060 tuam
1361 1022 1559 1075 consequamur
1569 1007 1821 1078 qratiam,quorum

198 1098 270 1152 tibus
283 1098 384 1152 sanetis
396 1098 562 1168 martyribus
579 1098 642 1163 tuis,
661 1096 735 1167 justa
758 1099 891 1156 desideria
912 1115 984 1155 eom-
1034 1093 1079 1149 hic
1091 1097 1239 1164 patrocinia
1251 1111 1421 1152 veneramur.
1430 1096 1490 1151 Per.

196 1186 332 1256 pleantur.
350 1186 411 1243 Per.

233 1277 303 1330 Alia.
321 1276 496 1346 Omnipotens
510 1279 673 1348 sempiterne
688 1279 769 1345 Dens,
787 1281 833 1350 qni
848 1281 984 1336 abuudan-

198 1367 235 1420 tia
250 1367 359 1436 pietatis
371 1374 424 1422 tuae
440 1377 467 1422 et
481 1370 576 1422 merita
589 1369 737 1439 supplicum
750 1370 859 1425 excedis
869 1379 898 1424 ct
912 1381 983 1436 uota,

198 1454 304 1513 eilande
329 1474 410 1527 super
431 1475 482 1514 nos
501 1460 713 1515 misericordiam
728 1467 814 1526 tuam,
830 1469 861 1516 ιιι
882 1460 985 1515 meritis

198 1558 347 1620 martyrum
374 1559 481 1605 tuorum
497 1551 619 1606 dimittas
635 1553 712 1607 nobis
726 1555 817 1608 omnia
838 1568 899 1622 quae
922 1569 984 1608 cort-

196 1641 310 1696 scicutia
330 1642 426 1696 metuit
440 1683 446 1701 .
472 1651 501 1697 et
520 1642 631 1712 adjicias
644 1659 704 1712 qum
716 1645 804 1700 oratio
816 1658 869 1698 noa
882 1659 984 1713 praesu·

197 1735 254 1788 mit.
271 1733 331 1791 Per.

492 1804 606 1862 CAPUT
625 1804 693 1859 lllll.

301 1893 425 1949 Hiereia
439 1895 547 1950 ccclesia
563 1906 712 1950 sauctorum
724 1905 868 1966 marturum

230 1982 389 2055 Propitiare,
403 1985 526 2051 Domine,
546 1987 623 2042 nohis
637 1986 744 2041 larriulis
759 1987 813 2040 tuis
825 2002 874 2058 per
886 1987 983 2041 horum

195 2085 345 2146 martyrum
360 2084 480 2142 tuorum,
493 2068 539 2146 qui
558 2077 584 2131 in
603 2078 728 2147 praesenti
751 2078 922 2146 requiescunt
940 2092 984 2133 ec·

195 2163 286 2229 alesia,
308 2166 406 2222 merita
426 2168 551 2238 gloriosa,
565 2178 700 2224 uteorum
722 2169 766 2239 pia
789 2171 983 2225 intercessione

195 2256 229 2311 ab
241 2256 366 2313 omnibus
385 2266 559 2330 protegamur
580 2258 712 2315 aduersis.
725 2258 777 2314 Per
792 2259 945 2315 hominum.

228 2345 316 2403 Lectio
343 2347 404 2402 libri
430 2347 583 2420 Sapientia.
599 2349 702 2419 Lingua
717 2351 879 2420 sapientium
903 2358 983 2406 ornat

193 2441 354 2506 seientiam,
375 2456 406 2496 os
420 2439 555 2496 fatuorum
573 2440 670 2495 ebullit
682 2441 814 2496 stultiam.

229 2532 371 2602 Sequentia
395 2533 478 2585 sancti
504 2530 641 2600 Euarrpelii
664 2532 807 2585 secundum
823 2530 931 2585 Leccam.
950 2529 981 2585 la

193 2623 238 2676 illo
250 2630 380 2691 ternpore,
403 2620 470 2675 dixit
485 2621 564 2676 lesus
583 2621 722 2693 discipulis
736 2621 810 2676 suis:
827 2622 887 2677 Sint
898 2621 980 2676 lumbi

194 2712 277 2766 uestri
291 2710 441 2781 praecincti,
455 2719 483 2767 et
494 2712 613 2766 lucernae
625 2714 761 2768 ardentes.

228 2798 346 2854 Secreta.
374 2797 509 2872 Suscipiet
528 2801 650 2857 Ecclesia
665 2800 904 2875 [clementialtum
925 2803 979 2859 llo·

193 2891 275 2956 mine,
289 2906 451 2961 quaesumus,
462 2891 496 2947 de
507 2892 632 2950 manibus
640 2895 739 2950 uestris
750 2893 873 2968 [uostris]
884 2912 983 2953 murras

192 2978 321 3046 oblatum,
336 2992 363 3036 et
376 2984 534 3052 perborum
547 2985 688 3040 beaterum
704 2996 855 3057 arartyrum
872 2996 977 3043 tuorum

1330 1203 1443 1261 alebi
1463 1205 1520 1259 XV.

1218 1315 1300 1370 illesa
1313 1316 1464 1386 quotidiana
1476 1327 1638 1371 sauctorum.

1070 1424 1149 1490 licus,
1167 1425 1213 1494 qui
1234 1440 1284 1480 nos
1298 1426 1383 1480 beatae
1404 1424 1495 1479 llariae
1516 1441 1624 1496 semper
1638 1427 1772 1497 virginis,
1794 1438 1821 1482 et

1034 1516 1175 1570 beatorum
1190 1517 1391 1586 apostolorum,
1415 1525 1587 1589 martymm,
1610 1517 1822 1583 confessorum,

1034 1607 1168 1675 virginum
1180 1615 1262 1677 atque
1274 1608 1394 1661 omnium
1417 1607 1497 1662 simul
1520 1616 1675 1664 sanctorum
1694 1610 1822 1665 contiuua

999 1694 1155 1779 Bletihcas
1176 1696 1365 1760 solemnitate;
1389 1706 1507 1766 presta,
1532 1711 1698 1766 quaesumus,
1714 1709 1743 1752 ιιι
1755 1714 1822 1769 quos

1034 1785 1191 1854 quotidiano
1209 1801 1371 1841 veneramur
1384 1787 1471 1842 ollicio
1482 1828 1490 1852 ,
1503 1789 1585 1843 etiam
1607 1791 1660 1858 pite
1678 1803 1823 1845 conuersu-

1034 1875 1115 1930 tiouis
1127 1890 1270 1944 sequamur
1285 1877 1418 1946 exemplo.
1432 1878 1494 1933 Per.

1068 1964 1184 2020 Secreta.
1201 1965 1309 2020 llunera
1323 1967 1381 2032 tibi,
1404 1968 1527 2033 Domine,
1548 1978 1648 2026 nostrae
1669 1970 1824 2026 maurianis

1033 2053 1182 2120 offerimus,
1199 2070 1259 2124 quae
1274 2064 1300 2110 et
1312 2072 1361 2126 pro
1375 2067 1482 2113 tuorum
1494 2059 1542 2114 tibi
1557 2068 1635 2130 grata
1649 2061 1705 2116 ciart
1720 2062 1824 2118 honore

1033 2155 1208 2211 sanctorum,
1224 2154 1251 2200 et
1267 2147 1344 2202 uobis
1359 2147 1509 2213 salutaria,
1531 2157 1557 2205 te
1579 2150 1748 2219 miseraute,
1764 2155 1825 2207 rel·

1034 2237 1133 2292 llantur

1068 2324 1264 2398 Roucontmrrn.
1280 2329 1393 2395 Praesta,
1418 2347 1582 2400 quesumus,
1598 2333 1723 2402 [lomina
1734 2336 1822 2402 nebu,

1032 2416 1260 2475 intercedentibus
1274 2422 1395 2476 onrrrium
1408 2431 1562 2477 sanctorum
1583 2433 1693 2480 tuorum
1706 2426 1822 2491 meritis,

1032 2520 1061 2565 ut
1073 2525 1133 2580 quae
1146 2526 1194 2566 ore
1209 2514 1400 2585 contingimus,
1417 2530 1486 2584 puro
1510 2520 1593 2574 eorde
1606 2519 1754 2589 capiamus.
1770 2518 1825 2575 l'er

1031 2599 1173 2655 Dominum
1187 2612 1318 2657 nostrum.

1066 2691 1151 2762 Super
1163 2693 1296 2764 populum.
1312 2695 1366 2752 Fae
1388 2714 1452 2765 nos,
1479 2700 1591 2757 bomine
1609 2702 1693 2770 Deum
1716 2716 1821 2762 sanetae

1031 2782 1121 2838 blarim
1143 2801 1251 2855 semper
1276 2789 1388 2861 uirginis
1408 2794 1535 2850 subsidiis
1549 2797 1648 2864 attolli,
1659 2807 1689 2853 ct
1703 2799 1824 2870 gloriosa

1030 2874 1171 2931 beatorum
1201 2881 1398 2949 apostolorum,
1414 2895 1564 2957 martynum
1580 2929 1587 2952 ,
1612 2890 1824 2958 coalessonun,

1030 2966 1178 3038 similium,
1193 2973 1367 3044 omniumque
1389 2978 1470 3032 sirmrl
1481 2991 1638 3036 maalmam
1651 2985 1826 3053 protectione

192 3071 353 3139 orationem,
370 3073 404 3128 ab
418 3063 883 3147 oninibusnosemundetpeecaus.
898 3077 959 3134 Per.
993 3056 1148 3126 Cdesffldh
1164 3069 1194 3116 ⁰²
1207 3062 1272 3118 dum
1293 3080 1387 3121 ΜΠ]
1407 3070 1510 3138 hames
1529 3074 1650 3141 qmfi‘fie
1671 3073 1741 3130 Μ’
1753 3078 1826 3132 ⁰⁸⁸⁶*

230 3160 281 3236 17
295 3165 336 3218 Ad
352 3164 549 3236 Contpleudura.
574 3166 670 3222 Divina
698 3168 814 3223 libantes
830 3169 980 3239 mysteria,

191 3272 251 3329 quac
266 3272 314 3326 pro
329 3265 486 3313 sanctorum
505 3268 656 3330 martyrum
678 3268 785 3315 tuorum
807 3262 979 3317 reiteratione

193 3356 245 3402 tuac
257 3345 403 3402 obtulimus
416 3348 561 3419 majestati,
574 3358 684 3417 praesta,
705 3367 870 3420 quaesumus,
887 3353 977 3408 Domi-

191 3451 245 3500 uc,
261 3444 290 3487 nt
312 3450 361 3506 per
385 3451 417 3489 ca
439 3437 543 3490 verulam
565 3453 718 3493 mereamur
738 3448 934 3512 peecatorum,
952 3454 979 3497 et

191 3524 312 3579 coelestis
325 3524 418 3595 gratiae
425 3525 502 3579 donis
513 3525 677 3581 reficiamur.
695 3529 912 3605 Per-lioruinunr.

227 3614 295 3668 Alia.
312 3615 481 3680 herclecum
501 3617 695 3674 consolationis
707 3610 789 3675 Pater
804 3662 811 3686 ,
825 3636 874 3690 per
887 3624 979 3676 beato-

191 3720 251 3760 rum
273 3714 422 3777 rrrartyrum
441 3715 549 3760 tuorum
565 3722 661 3776 preces
673 3710 771 3780 populo
784 3720 830 3766 tuo
844 3727 937 3781 pacem
952 3721 980 3767 ct

191 3794 316 3863 ualutem,
329 3807 358 3850 ut
369 3796 486 3852 tuistota
504 3797 647 3854 tlilectlone
667 3801 815 3856 inhaereant
836 3804 979 3873 praeceptis

190 3896 283 3956 etque
298 3887 347 3943 tihi
360 3887 459 3958 placita
472 3891 536 3953 siut,
552 3899 606 3944 tota
616 3892 758 3963 perficiant
768 3894 913 3953 ralturtutc.
928 3895 980 3949 l'er

171 4048 173 4053 .
191 3977 333 4032 ὓοιιιίιιιιιιι
347 3991 479 4035 nostrum.

478 4072 591 4128 CAPUT
612 4074 680 4130 xlv.

190 4156 222 4211 ln
241 4160 323 4212 nantel.
337 4173 486 4215 aurrctoruut
497 4204 508 4228 ,
520 4181 631 4233 epicorum
646 4166 762 4237 reliquie
784 4169 811 4221 iu
825 4185 878 4222 ann
900 4169 976 4222 darno

535 4245 606 4288 stant.

222 4343 355 4409 Concede,
370 4358 536 4413 quaesumus,
547 4347 716 4417 omnipotens
729 4349 813 4415 betis,
831 4360 861 4404 ιιι
881 4360 975 4407 sarreia
1027 4387 1046 4443 S

188 4435 235 4490 bei
250 4433 390 4501 Genitrlx,
403 4436 543 4506 sanctique
558 4438 595 4491 tui
609 4441 738 4508 apostoli,
751 4451 897 4512 nrartpres,
910 4458 974 4497 eon·
988 4429 1013 4484 ⁰

188 4527 315 4592 lessores,
327 4529 445 4599 viraines
462 4538 543 4600 atque
555 4545 649 4585 ornnes
669 4532 772 4597 sancti,
797 4548 911 4602 quorum
933 4551 974 4588 re·

187 4617 276 4688 liquide
289 4621 316 4675 iu
326 4621 377 4675 ista
388 4622 561 4677 continentur
571 4622 694 4688 ecclcsia,
708 4625 858 4693 patrocinia
870 4623 973 4696 [Eorta

186 4711 354 4785 patrociniis]
369 4729 418 4769 nos
429 4715 528 4785 ubique
542 4714 678 4782 adjurent,
695 4725 830 4785 qnatenus
849 4717 893 4771 hic
916 4717 975 4771 illo-

187 4816 246 4855 rum
260 4805 385 4872 praesenti
403 4803 531 4875 suffragio
546 4805 692 4876 tranquilla
706 4821 772 4876 pace
793 4809 819 4861 in
839 4816 884 4863 tua
896 4808 974 4863 latnie

185 4893 318 4949 hutemtrr.
333 4892 393 4949 Per.

222 4984 289 5067 item
310 4983 374 5037 alia.
392 4983 527 5038 Auxilium
542 4996 617 5041 tuum
633 4990 720 5055 nobis,
734 4989 857 5055 hunnine,
869 5005 974 5059 quaesu-

186 5092 258 5144 mus,
278 5077 400 5147 placatus
420 5077 566 5146 impende,
585 5089 612 5133 et
631 5081 858 5136 intercedentibus
874 5082 975 5137 sanctis

187 5170 260 5234 tuis,
284 5183 399 5238 quorum
422 5169 448 5222 io
464 5170 516 5223 hae
529 5172 655 5239 praesenti
677 5173 798 5228 Ecclesia
823 5176 972 5244 patrocinia

1033 3149 1153 3213 hramus,
1163 3167 1257 3207 eorum
1271 3156 1373 3223 pariter
1387 3159 1507 3226 qnotidie
1519 3161 1553 3215 ab
1562 3165 1687 3219 omnbus
1700 3167 1826 3223 adversis

1030 3248 1205 3311 qutrteqarnur
1219 3246 1329 3302 attxilio.
1346 3248 1407 3304 Per.

1325 3364 1439 3422 catur
1458 3370 1527 3425 litt.

1280 3455 1362 3511 Missa
1373 3476 1420 3529 pro
1434 3462 1557 3516 inimicis.

1065 3569 1135 3623 Dans
1160 3572 1233 3639 pacis
1261 3573 1454 3645 charitatisque
1480 3588 1585 3634 amator
1608 3590 1635 3636 et
1657 3592 1761 3650 eustos,
1785 3584 1821 3641 da

1029 3659 1154 3713 ominibus
1174 3661 1291 3717 inimicis
1312 3665 1413 3720 nostris
1437 3682 1531 3736 parcat
1547 3670 1764 3742 charitatemque
1777 3690 1824 3729 ue·

1030 3761 1096 3808 ram,
1113 3757 1324 3821 cunctorumque
1339 3754 1378 3807 eis
1392 3757 1576 3811 remissionem
1596 3761 1683 3814 tribue
1696 3773 1824 3832 peceato·

1030 3854 1100 3904 rum,
1115 3856 1217 3912 nosque
1230 3842 1264 3897 ab
1280 3857 1374 3899 eorum
1389 3845 1493 3902 insidiis
1503 3859 1626 3919 potenter
1640 3853 1726 3925 eripe.
1742 3854 1805 3911 Per.

1064 3932 1179 3988 Secreta.
1198 3935 1309 4000 Oblatis,
1323 3939 1446 4006 hunnine,
1461 3958 1623 4012 quaesumus,
1639 3947 1749 4018 placare
1763 3967 1824 4006 mu·

1029 4026 1138 4081 aericus
1154 4046 1159 4080 :
1177 4036 1204 4082 et
1218 4044 1266 4083 nos
1278 4031 1312 4085 ab
1327 4032 1445 4089 inimicis
1459 4039 1560 4093 nostris
1573 4038 1721 4097 elearcnter
1733 4045 1819 4113 eripe,

1027 4117 1120 4185 eisque
1131 4119 1325 4191 indulgentiam
1336 4124 1423 4179 tribue
1437 4127 1605 4184 delictorum.
1614 4129 1666 4187 Per
1674 4131 1822 4191 Dominum

1028 4216 1159 4263 nostrum.

1062 4298 1102 4352 dd
1117 4299 1314 4371 complendum.
1332 4305 1402 4361 licus
1416 4309 1462 4378 qui
1482 4307 1596 4366 famulos
1610 4321 1681 4378 tuos,
1697 4313 1819 4387 lloyscn,

1048 4389 1146 4457 amuel,
1166 4400 1193 4447 ct
1221 4392 1388 4464 Stephanum
1407 4409 1634 4473 protomartyrem
1652 4405 1753 4461 uirtute
1771 4422 1820 4477 pa

1027 4482 1128 4536 tientiae
1140 4484 1255 4550 donasti,
1278 4496 1307 4542 ιιι
1328 4504 1379 4558 pro
1401 4506 1509 4546 suorum
1525 4494 1631 4550 delictis
1644 4495 1820 4555 inimieorum

1026 4575 1214 4643 :equanimiter
1232 4591 1391 4649 exorareat;
1408 4584 1440 4637 da
1455 4586 1542 4653 nohis,
1560 4604 1735 4658 quaesumus,
1757 4608 1821 4649 om·

1026 4663 1101 4717 nium
1125 4667 1229 4721 merids
1253 4678 1421 4739 sanctoruni,
1441 4684 1469 4728 ut
1484 4676 1608 4732 inimicos
1622 4689 1732 4736 nostres
1746 4697 1821 4739 uerae

1026 4753 1177 4809 dilectionis
1196 4773 1287 4813 aratore
1301 4759 1458 4833 diligamus,
1472 4779 1619 4835 corumque
1632 4783 1681 4838 pro
1699 4772 1820 4830 excesse-

1027 4847 1077 4901 hus
1093 4854 1147 4903 tota
1163 4850 1261 4905 mentis
1280 4852 1428 4908 intentione
1451 4872 1545 4925 preces
1566 4862 1688 4918 assiduas
1705 4864 1734 4918 iu
1753 4878 1818 4921 ooa-

1027 4945 1119 5006 spcetu
1137 4938 1285 5009 majestatis
1297 4949 1349 4998 tuae
1363 4943 1512 5000 hindanms.
1530 4946 1591 5003 Per.

1281 5053 1335 5122 18
1350 5053 1465 5111 Clll’UT
1481 5059 1561 5116 ltvll.

1179 5158 1261 5217 litua
1274 5181 1321 5235 pro
1332 5169 1470 5237 corrfiteate
1483 5183 1589 5241 peccata
1603 5193 1664 5231 sun.

185 5259 315 5333 colligere
336 5262 509 5327 curavimus,
534 5263 576 5318 lac
597 5280 645 5319 nos
665 5267 698 5320 ab
715 5269 788 5322 ornni
811 5270 972 5324 aduersitate
1062 5272 1236 5343 Omnipotens
1250 5279 1411 5345 sempiterne
1425 5282 1506 5349 licus,
1529 5288 1575 5354 qui
1597 5306 1627 5344 es
1649 5306 1739 5356 uerus,
1755 5309 1818 5349 san·

186 5353 294 5408 liberari
307 5395 314 5418 ,
327 5361 355 5408 et
369 5355 397 5408 in
411 5363 512 5409 aeterna
528 5355 618 5410 latitia
633 5359 749 5428 gaudere
763 5375 823 5414 curn
836 5359 897 5414 illis.
912 5359 973 5414 Per.
1026 5377 1086 5422 erens
1103 5410 1110 5432 ,
1132 5379 1159 5424 et
1173 5380 1327 5427 sanctorum
1341 5376 1460 5430 omnium
1474 5390 1623 5448 pronepos,
1638 5383 1685 5438 qu
1702 5386 1746 5455 μὴ)
1761 5387 1816 5441 pp.

221 5443 332 5500 ldurmra
357 5460 424 5512 tuae,
447 5449 604 5504 misericors
618 5449 690 5507 heus
704 5493 710 5517 ,
733 5452 866 5522 maiestati
884 5454 974 5509 oblata
1027 5459 1100 5514 mino
1114 5460 1217 5517 deuotis
1230 5463 1365 5520 mentibus
1377 5465 1479 5522 hostias
1490 5468 1579 5526 laudis
1589 5472 1738 5538 cherintus,
1752 5493 1818 5546 sup-

185 5537 311 5607 benipno,
323 5555 488 5608 quaesurnuS,
504 5545 609 5613 srrscipe
621 5544 729 5608 intuitu,
751 5557 781 5601 ut
794 5557 887 5600 eorum
898 5546 975 5600 nohis
1026 5550 1184 5622 pliciterque
1197 5570 1246 5624 pro
1263 5553 1363 5609 lamtrlo
1377 5566 1422 5611 tuo
1436 5559 1467 5613 N.
1481 5562 1667 5631 deprecamur,
1688 5577 1717 5620 ut
1735 5570 1760 5622 ei
1773 5570 1816 5625 in-

187 5628 309 5689 precibus
330 5631 393 5684 statu
419 5634 567 5703 salutaria„
593 5651 713 5706 quorum
734 5640 924 5695 sacratissime
946 5638 976 5692 iu
1026 5641 1189 5711 tltrlgeutiarn
1213 5646 1316 5703 triluras
1337 5650 1632 5710 orrrniumdelictnrum
1646 5673 1773 5722 suorum,
1789 5670 1818 5715 et
