3780 6120
124 320 179 377 75¹1

125 430 162 487 tt
173 428 273 492 cernis,
287 426 383 484 lector.
397 429 480 480 totum
492 436 622 479 renovare
635 437 684 493 per
698 422 787 476 aulam
802 434 826 473 ¹.

123 521 177 576 llic
187 519 247 574 toea
264 516 387 585 reliquiis
402 523 524 570 statuens
541 513 680 583 aptissima
693 511 791 578 sacris,

124 608 290 665 Sanctorum
301 604 410 677 requies
421 612 509 658 certos
520 603 670 658 uthaberet
681 602 809 664 bonores,

124 699 164 757 lit
179 699 258 754 decet
270 697 298 751 in
313 696 396 751 terris
407 693 534 749 venerari
548 700 643 748 sancta
656 692 775 763 piorum,

125 788 201 856 Quos
213 788 286 842 Deus
298 786 325 840 iu
337 785 415 841 coelis
429 784 514 838 voluit
533 797 647 852 regnare
656 797 706 852 per
717 795 815 835 acrum.

125 909 179 956 tx.
205 906 252 953 rar
280 904 555 952 nossemus
583 904 613 948 s·
643 900 761 950 rum
790 898 918 946 seur·-

144 975 349 1026 ΙῦΙΜΙΜ
367 975 417 1021 ΙΙ
431 974 461 1021 Ι.
477 972 639 1020 Um!
656 968 898 1019 ἱίιΙοΙΙΙΙΙ·

208 1170 223 1211 t
243 1169 282 1224 De
295 1169 339 1223 oio
352 1166 451 1235 duplici
465 1076 630 1219 ofiiiioiem
643 1172 667 1217 et
679 1176 836 1231 cauponem.

127 1280 180 1338 iiic
191 1288 220 1336 tu
234 1296 284 1352 per
301 1287 415 1335 stratum
427 1292 544 1348 pergens
560 1276 688 1342 subsiste,
704 1276 804 1341 viator,

129 1371 285 1427 Versiculos
300 1384 401 1440 paucos
414 1369 534 1424 studiosa
551 1367 661 1438 perlege
675 1376 776 1423 mente.

128 1463 159 1518 ln
174 1464 229 1528 via,
240 1476 321 1532 quarn
337 1460 438 1525 cernis,
454 1459 554 1531 duplici
568 1460 671 1516 ditatur
688 1459 810 1514 bonove:

128 1554 195 1611 ilaec
208 1555 241 1610 ad
254 1569 402 1625 cauponem
413 1554 485 1610 ducit
495 1561 590 1624 potare
603 1563 615 1592 ⁰
631 1552 784 1609 volentem:

129 1643 218 1715 Elige,
231 1645 303 1714 quod
312 1644 417 1714 placeat
435 1642 483 1698 tibi
494 1657 565 1698 nunc
576 1644 635 1707 iter,
648 1656 713 1697 eece
726 1640 829 1706 viator,

128 1738 186 1792 Ant
196 1745 290 1807 potare
302 1751 417 1800 mecum,
431 1751 524 1794 saeros
539 1743 585 1793 ant
595 1734 701 1790 discere
712 1732 806 1788 libros.

130 1827 164 1884 Si
179 1837 274 1899 potare
285 1830 359 1894 velis,
375 1844 500 1885 nummos
516 1836 647 1899 praestare
664 1825 797 1882 debebis:

129 1917 244 1976 Discere
255 1920 277 1976 si
290 1921 396 1991 cupias,
412 1919 508 1989 gratis,
521 1918 592 1989 quod
610 1916 721 1988 quaeris,
736 1915 861 1972 habebis.

502 2030 563 2085 illi.

317 2124 330 2164 i
344 2124 385 2178 Ad
398 2030 534 2178 ecclesiam
546 2121 630 2178 tancti
643 2120 726 2175 Petri.

131 2237 257 2309 claviger
270 2236 407 2301 aetberius,
419 2247 512 2305 portas
526 2233 572 2307 qui
586 2233 679 2305 pandit
694 2232 811 2304 Olympi,

132 2328 240 2392 Petrus,
254 2325 401 2397 apostolico
419 2325 566 2395 praeclarus
588 2324 616 2378 in
633 2324 739 2395 agmine
756 2322 919 2393 ‘princeps

131 2419 261 2488 Protegat
281 2416 458 2472 banconiam
487 2414 595 2471 Christo
616 2402 735 2470 donante
753 2428 803 2483 per
819 2427 918 2479 mrum,

132 2508 221 2577 erarn
232 2507 313 2562 Pater
324 2508 450 2579 egregius
462 2505 632 2561 lirorlbcrtus
646 2503 656 2542 ¹
672 2502 776 2559 iecerat
789 2503 865 2570 oiim,

132 2598 172 2656 llt
185 2598 255 2655 ioret
266 2598 413 2654 altithrono
423 2598 492 2663 lans,
505 2596 589 2666 gloria
602 2610 709 2668 semper
728 2594 756 2651 in
775 2594 832 2661 illa,

132 2689 241 2761 Septies
252 2690 333 2759 inque
347 2690 390 2744 dic
401 2689 493 2744 laudes
510 2688 554 2744 ubi
568 2688 659 2742 dicere
672 2686 781 2744 Christo

132 2781 303 2836 Conveniunt
311 2782 423 2852 pariter,
436 2781 532 2835 devoto
543 2789 663 2850 pectore,
680 2778 789 2834 iratres.

134 2870 200 2939 Vos,
212 2873 275 2928 dum
289 2874 364 2943 signa
375 2883 481 2938 sonent,
494 2873 610 2943 prompti
627 2874 640 2913 ⁸
654 2871 809 2927 concurrite
819 2871 921 2937 cuncti,

134 2963 245 3020 i'ertice
255 2965 401 3028 submisso,
415 2965 511 3020 devota
523 2971 615 3018 mente
627 2962 729 3018 venite.

134 3053 279 3123 bngciicus
289 3054 415 3125 quoniam
431 3063 518 3110 coetus
529 3068 579 3109 vos
593 3061 699 3124 spectat
712 3054 739 3108 in
757 3053 831 3119 aula,

134 3142 168 3198 Et
181 3143 254 3197 oeus
268 3143 397 3198 auxilium
414 3143 525 3198 irunrilis
538 3141 615 3198 ierth
626 3141 708 3197 corde
720 3141 868 3212 precantis.

135 3232 204 3288 bute
218 3233 304 3288 altare
315 3232 362 3287 bei
375 3232 511 3304 lacrymas
522 3243 687 3304 quapropter
697 3247 806 3288 amaras

135 3322 267 3390 fundite,
286 3323 423 3379 dulcisona
436 3324 539 3395 pariter
549 3339 610 3379 cnm
625 3323 705 3379 laude
720 3322 849 3390 Tonanti,

137 3413 171 3471 b‘t
184 3428 232 3469 vos
243 3420 384 3469 conservet
397 3413 498 3484 pariter
510 3413 611 3482 pietate
621 3419 744 3482 paterna.

479 3528 571 3585 cxxt.

289 3623 329 3677 te
344 3638 418 3676 arum
432 3621 512 3676 beotoe
527 3619 633 3691 ciminia
648 3617 753 3673 Merite.

136 3722 274 3780 Auxiliare
284 3721 482 3793 tuisprccibns,
497 3721 542 3790 pia
556 3718 638 3790 Virgo
652 3717 747 3783 llario,

138 3815 244 3870 AEtcrrri
255 3815 326 3886 regis
337 3813 463 3878 famulos,
479 3811 570 3880 regina
585 3808 719 3879 polorum.

137 3907 251 3963 Nomine
261 3921 377 3977 namque
391 3914 437 3960 tuo
450 3905 577 3975 qnoniam
590 3904 648 3958 bace
668 3909 711 3955 cst
723 3914 771 3955 ara
785 3899 888 3963 dicata,

139 3999 238 4055 Tristia
248 3999 392 4070 depellens,
406 3997 484 4052 nobis
494 4004 523 4050 et
533 4008 662 4067 prospera
675 3991 779 4046 donans
796 3989 817 4044 ¹.

478 4085 582 4143 extu.

363 4178 404 4232 Ad
424 4187 543 4232 sanctam
560 4174 702 4228 Andreom.

139 4269 197 4325 lloc
211 4269 294 4325 altare
306 4270 362 4325 suis
374 4269 488 4332 meritis,
501 4265 627 4322 defendat
637 4265 672 4318 ab
688 4264 769 4318 boste

139 4361 263 4415 Andreas
274 4359 375 4415 Clrristi
390 4357 517 4421 santulus,
531 4356 576 4425 qui
588 4353 656 4409 retia
668 4352 762 4408 mundi

138 4450 323 4521 Εοιιιοιρρςίῑ,
339 4450 476 4505 Christum
492 4457 547 4504 tota
563 4448 663 4501 virtute
680 4451 800 4510 secutus,

139 4541 178 4597 lle
189 4558 271 4598 cruce
283 4543 329 4612 qui
341 4557 418 4597 sacra
430 4540 491 4596 ielir
504 4538 663 4595 conscendit
675 4534 682 4586 i
701 4535 855 4607 Olympum.

178 4687 190 4715 ι
212 4674 275 4729 ilaec
292 4675 325 4729 de
343 4673 486 4728 minoratis
510 4671 631 4727 basilicae
652 4669 819 4724 Turonensis
833 4678 928 4724 orato-

140 4745 191 4802 riis
205 4745 329 4833 inteiligit
343 4744 512 4799 blabillonins
526 4752 591 4798 tom.
604 4742 625 4796 ΙΙ
640 4740 749 4806 Annal,
766 4739 827 4793 libr.
841 4754 926 4803 xxvrt,

140 4816 390 4940 pag.l.¹›gct.carmen
414 4885 441 4939 in
467 4885 531 4940 edit.
546 4879 707 4951 Quercetani
721 4894 783 4934 cnm
807 4876 929 4947 sequenti

140 4971 294 5012 connexum
308 4956 437 5020 babetur3
451 4971 465 5008 a
480 4970 533 5023 quo
547 4964 637 5008 tamen
655 4951 720 5007 illud
732 4950 766 5004 ob
778 4947 930 5019 argumenti

140 5028 328 5082 diversitatem
343 5027 538 5096 separavimus,
552 5024 636 5080 secuti
654 5021 775 5079 codicem
793 5017 931 5074 salisbur-

140 5113 264 5168 gensem,
281 5097 326 5167 qui
353 5098 434 5152 bosco
460 5111 554 5150 versus
579 5109 632 5149 non
659 5092 752 5148 babet.

179 5178 190 5204 ι·
210 5166 294 5231 Edit,
308 5175 423 5237 portare.
434 5164 548 5221 Videtur
568 5164 663 5219 deesse
686 5161 801 5216 aiterum
821 5172 931 5215 versum

140 5236 177 5293 de
191 5235 237 5291 via
252 5239 286 5294 ad
299 5237 430 5292 sobolum.

176 5307 189 5346 ⁴¹
209 5306 304 5363 Exstat
319 5308 369 5363 boc
388 5321 496 5361 carmen
517 5321 577 5361 cum
596 5305 689 5360 decent
704 5297 879 5371 sequentibus
901 5297 930 5353 in

140 5378 203 5433 cod.
216 5393 268 5433 ms.
281 5375 490 5448 Salisbnr‘gensi,
503 5391 535 5430 cs
552 5391 605 5444 quo
621 5375 665 5429 illa
684 5371 783 5427 alicubi
804 5368 933 5426 emenda·

141 5446 232 5502 vimus
254 5457 282 5503 et
296 5448 410 5520 singuiis
422 5446 515 5503 titulos
533 5446 692 5518 adjecimus.

181 5529 194 5557 ⁸
213 5516 305 5583 Edit,
319 5518 443 5571 musitae.

623 311 786 369 ctttttbt.
813 339 850 351 -
867 305 1125 367 INSCRIPTIONES
1141 309 1267 367 VARlAE.

1303 422 1421 479 dxxiii.

1197 514 1238 568 td
1253 524 1373 569 eoactum
1390 512 1515 569 Paolum.

965 599 1028 656 liaec
1039 603 1098 658 ioca
1115 611 1207 659 sancta
1218 610 1292 660 tenet
1309 605 1455 674 praeclarus
1467 603 1572 665 morbe
1584 604 1718 680 magistet·

965 691 1075 759 Paulus,
1089 694 1236 764 apostolico
1247 704 1406 753 numeratus
1423 697 1451 753 in
1463 698 1559 754 ordine
1574 698 1678 766 doctor,

966 782 1021 837 Vas
1038 784 1139 854 sophim
1156 785 1283 851 eiectum,
1300 786 1418 843 ccelesiis
1428 802 1518 857 praeco
1528 787 1635 854 salutis,

967 873 1104 950 Sanguine
1115 878 1161 950 qui
1176 893 1254 936 roseo
1268 878 1329 937 coeli
1344 881 1496 951 penetravit
1513 880 1540 937 iu
1553 895 1644 938 arcem
1656 880 1687 934 l.

1297 991 1413 1047 CXXIV.

1243 1077 1253 1119 ¹
1272 1078 1306 1136 ln
1317 1080 1478 1138 Cometerio.

968 1166 1032 1223 llaec
1050 1175 1155 1238 aequata
1172 1169 1231 1226 solo
1244 1171 1323 1226 viluit
1347 1172 1442 1229 domus
1457 1173 1557 1245 inclyta
1572 1172 1718 1245 quendem,

968 1257 1026 1314 Non
1043 1260 1105 1315 tulit
1117 1262 1187 1317 banc
1198 1263 1327 1332 speciem,
1341 1263 1441 1321 Christi
1453 1264 1567 1321 devotus
1580 1250 1685 1321 bonore

967 1350 1093 1408 Arnonus
1109 1354 1207 1424 praesni
1221 1354 1345 1423 btrmilis;
1370 1356 1647 1426 renovarcjacentettt

967 1439 1072 1511 Incipit,
1084 1451 1110 1497 et
1127 1443 1225 1500 melius
1237 1452 1320 1503 totam
1341 1455 1529 1503 construxerat
1539 1447 1640 1513 adem

968 1528 1136 1589 Consecrans
1151 1536 1264 1591 summis
1275 1536 1501 1593 intercessoribus
1518 1537 1602 1594 illam.

967 1620 1101 1693 Principis
1109 1625 1209 1695 egregii
1218 1627 1308 1696 printo
1318 1626 1455 1683 iiicbaelis
1465 1630 1580 1694 bonore,

969 1713 1101 1786 Principis
1125 1715 1255 1773 Ecclesiae
1272 1733 1376 1777 necnon
1391 1720 1442 1775 sub
1456 1718 1666 1795 nominePetri;

968 1804 1102 1877 Principis
1113 1816 1140 1861 et
1152 1807 1266 1864 fratrum
1279 1810 1412 1880 praeclari,
1426 1820 1454 1873 et
1467 1810 1558 1866 Petris
1570 1808 1703 1878 Amaudi3

968 1894 1004 1952 tlt
1018 1905 1152 1965 sanctum,
1164 1899 1260 1967 voluit,
1277 1900 1456 1974 polyandrum
1468 1900 1599 1961 iratribus
1613 1908 1694 1965 estel-

968 1983 1022 2041 iios
1036 1987 1063 2043 in
1073 2003 1140 2058 pace
1157 1988 1206 2047 Dei
1218 1990 1294 2046 chari
1311 1991 1484 2062 requiescite,
1498 1989 1607 2056 iratres,

969 2076 1060 2132 boner,
1074 2079 1108 2134 ab
1118 2080 1231 2135 :etheria
1246 2081 1344 2137 clamet
1356 2083 1417 2153 pius
1427 2082 1539 2155 angelus
1549 2097 1633 2138 arce:

969 2166 1078 2240 surgite
1089 2185 1161 2226 nunc
1171 2173 1315 2245 prompti·
1326 2180 1407 2229 terrae
1418 2173 1450 2229 de
1459 2172 1580 2244 pulnere,
1595 2170 1692 2235 iratres
1706 2190 1713 2228 :

970 2255 1024 2312 ios
1035 2270 1112 2314 vocat
1123 2261 1270 2319 adveniens
1279 2261 1362 2335 judex
1379 2263 1412 2320 de
1425 2263 1543 2319 culmine
1554 2262 1616 2321 eoeli
1633 2279 1640 2318 :

970 2345 1037 2403 Cum
1050 2349 1155 2405 meritis
1167 2351 1272 2406 animas
1286 2352 1404 2423 propriis
1418 2352 1550 2411 assumite
1560 2360 1667 2417 vestras
1682 2370 1689 2406 :

969 2436 1041 2493 Ante
1051 2439 1099 2494 bei
1110 2438 1211 2513 Christi
1225 2437 1354 2515 magnum
1367 2443 1447 2499 modo
1459 2451 1530 2501 state
1544 2442 1675 2511 tribuual,

972 2528 1008 2586 bt
1019 2528 1153 2602 condigna
1169 2532 1226 2587 suis
1239 2532 1330 2604 capiat
1340 2532 1402 2605 quis
1414 2528 1525 2604 praemia
1542 2531 1634 2590 iactis.

972 2618 1079 2691 ldesque
1095 2621 1188 2677 timete
1203 2622 1274 2679 diem
1296 2623 1382 2690 horis,
1397 2639 1504 2695 precor,
1525 2624 1650 2683 omnibus
1672 2622 1759 2689 illum,

972 2711 1055 2784 218
1073 2711 1125 2779 Qui
1147 2711 1236 2785 legitis
1260 2729 1355 2770 versus
1378 2714 1478 2786 operis,
1495 2712 1558 2770 dum
1583 2720 1689 2785 tempus
1711 2713 1763 2772 ba·

1629 2800 1725 2877 [betis,

972 2893 1009 2951 tta
1020 2909 1069 2950 vos
1083 2894 1203 2950 inveniat
1213 2895 1324 2950 veniens
1337 2895 1382 2949 lux
1397 2895 1441 2951 illa
1452 2905 1564 2967 paratos
1579 2906 1603 2950 ¹¹.

973 2981 1061 3055 btque
1083 2986 1135 3043 mei
1148 3001 1302 3053 memores,
1320 2986 1434 3059 supplex
1446 3001 1528 3058 rogo,
1544 3000 1650 3057 semper
1668 2987 1695 3042 iu
1712 3000 1762 3045 ore

974 3074 1083 3131 Dicite:
1105 3074 1212 3132 Christe
1233 3085 1280 3132 tuo
1295 3084 1307 3112 ⁰
1328 3076 1428 3135 iarnulo
1450 3078 1511 3149 prius
1529 3085 1589 3133 esto
1602 3091 1650 3147 per
1664 3091 1762 3135 aevurn.

971 3164 1070 3223 ttcuin
1085 3166 1186 3227 rdicot·
1196 3182 1257 3245 ego,
1268 3165 1326 3238 jam
1341 3183 1389 3223 vos
1403 3167 1461 3225 sine
1472 3166 1525 3224 ssne
1540 3166 1637 3229 valete.

1319 3257 1425 3315 extit.

1213 3348 1254 3405 Ad
1268 3359 1385 3406 toaclam
1405 3348 1531 3423 Mariam.

973 3437 1038 3495 ilaec
1048 3439 1143 3494 domus
1157 3438 1287 3494 Ecclesiis
1298 3438 1358 3493 aliis
1372 3447 1403 3494 ut
1416 3446 1505 3515 tnater
1517 3440 1644 3507 babetur,

974 3528 1056 3601 Virgo
1067 3531 1113 3586 Dei
1126 3528 1227 3587 Christi
1244 3540 1330 3587 mater
1341 3539 1506 3605 quapropter
1520 3531 1549 3588 in
1560 3530 1612 3588 ista

975 3620 1041 3678 Cum
1055 3621 1164 3678 Christo
1178 3622 1286 3688 colitur,
1302 3622 1429 3693 precibus
1442 3638 1502 3694 quac
1514 3629 1605 3679 servet
1615 3621 1686 3680 ovile

975 3716 1049 3773 lstud
1064 3717 1098 3772 ab
1117 3717 1196 3772 besto
1210 3716 1272 3788 piis,
1287 3715 1452 3786 flagitamus,
1467 3732 1574 3787 semper
1586 3717 1696 3789 ubique.

1312 3807 1428 3863 cxxvi.

1119 3897 1159 3951 dd
1175 3905 1294 3951 sunctum
1308 3894 1441 3950 loenrtem
1458 3895 1617 3966 baptistam.

977 3989 1034 4047 lloc
1047 3989 1169 4059 Baptista
1183 3996 1280 4059 potens
1293 3994 1386 4043 teneat
1395 3986 1480 4042 altare
1492 3985 1621 4053 loannes,

978 4082 1079 4155 llartyr
1092 4093 1120 4140 ct
1133 4083 1259 4155 egregius
1274 4081 1356 4138 simul
1367 4082 1527 4137 annastasius
1541 4080 1638 4139 dmus.

977 4175 1035 4233 lloc
1049 4175 1248 4231 liarinrilianus
1260 4174 1325 4231 itcm
1338 4172 1478 4230 consessor
1487 4172 1607 4239 babebit,

977 4264 1033 4325 rtos
1049 4267 1176 4340 precibus
1188 4267 1285 4323 borum
1299 4265 1400 4322 Christi
1414 4264 1459 4335 pia
1474 4264 1570 4322 dextra
1581 4271 1681 4325 tuetur.

1310 4377 1438 4435 cxttt'tt.

1219 4450 1259 4506 Ati
1274 4460 1394 4507 eoactum
1405 4447 1531 4506 Paulam.

981 4543 1038 4601 liae
1054 4543 1155 4599 Paulus
1168 4542 1263 4601 doctor
1275 4543 1369 4601 muudi
1384 4550 1411 4598 et
1424 4541 1584 4598 Benedictus
1594 4541 1621 4596 in
1635 4555 1697 4609 art,
1762 4518 1770 4537 ⁸

1018 4683 1031 4722 ⁸
1050 4680 1111 4745 trs,
1127 4695 1202 4749 prum
1213 4679 1279 4732 atim.

1016 4750 1031 4790 ¹¹
1051 4749 1113 4812 bis..
1129 4748 1202 4801 ltumi
1213 4749 1236 4801 it
1248 4755 1297 4803 est.

1021 4821 1028 4860 t
1052 4820 1134 4883 Edit,
1150 4817 1237 4873 donis.

1018 4887 1025 4939 i
1049 4889 1133 4952 Edit,
1152 4885 1289 4941 concessit.

1018 4959 1031 4998 ¹¹
1051 4959 1138 5023 Edit,
1155 4957 1182 5009 in
1197 4970 1267 5010 erce.

1018 5026 1027 5067 ¹
1049 5027 1106 5083 lloc
1128 5038 1251 5090 carmen,
1267 5022 1358 5092 judice
1377 5023 1476 5080 ttabttt.
1497 5024 1558 5081 bct.
1584 5023 1679 5082 Sanet.
1699 5023 1767 5084 Ben.

981 5114 1043 5158 saec.
1058 5113 1095 5160 vv,
1132 5104 1183 5150 art.
1199 5111 1219 5159 r,
1254 5111 1296 5167 ag.
1320 5094 1364 5160 65,
1383 5094 1585 5165 intelligendum
1599 5102 1642 5151 cst
1663 5095 1696 5151 de
1705 5110 1768 5151 ora·

981 5169 1051 5226 torio
1065 5167 1093 5221 S.
1112 5112 1185 5220 ietri
1213 5111 1332 5231 simne,
1355 5167 1426 5247 quod
1448 5166 1574 5221 brnnnus
1597 5166 1767 5230 instaurarit,

982 5239 1152 5308 fratrumque
1171 5236 1358 5307 polyandrum,
1384 5235 1478 5301 idest,
1500 5236 1683 5291 coemeterium
1707 5250 1767 5292 esse

983 5308 1078 5369 voluit,
1091 5307 1218 5375 adjuncto
1234 5306 1263 5361 S.
1279 5305 1416 5362 llicbaclis
1429 5314 1457 5361 et
1483 5304 1512 5361 S.
1522 5305 1636 5362 Amandl
1648 5306 1769 5378 patroci-

982 5381 1038 5436 nio.
1053 5378 1119 5433 Vide
1130 5391 1210 5446 supra
1223 5390 1332 5432 carmen
1342 5375 1389 5433 29.

1018 5459 1037 5482 ¹
1058 5447 1123 5511 bis,
1138 5446 1290 5519 promptim.

1018 5530 1032 5559 ¹²
1046 5519 1131 5585 Edit,
1145 5527 1262 5588 pacatos.

182 5586 191 5626 ¹
214 5585 389 5641 llrodbertns.
416 5587 532 5641 Sanetus
556 5585 658 5641 scilieet
678 5583 816 5653 Repertus
827 5580 934 5652 primus
1019 5588 1133 5652 sunit„
1151 5588 1229 5641 dieue
1241 5595 1375 5658 perpetuo.

139 5658 286 5729 episcopus
298 5657 513 5728 Salisburgensis
527 5664 556 5711 ct
569 5655 694 5712 conditor
704 5650 863 5711 monasterii
869 5666 934 5708 san·

140 5729 181 5783 cti
196 5726 270 5784 Petri
282 5726 392 5783 ibidem.

1019 5670 1035 5713 r
1048 5657 1112 5727 tte,
1122 5656 1261 5715 ttetntm.
