3780 6120
129 255 196 312 itas

634 244 680 300 ab
699 243 811 299 ebetat
832 242 862 296 tt.
881 240 1022 298 tttcbtat
1042 237 1262 296 arebnbtces.

1714 236 1771 295 titt

127 371 189 438 ιιι)
204 366 239 421 ad
249 362 388 426 Carnium,
410 357 440 416 ιιι
462 371 515 430 qua
530 358 588 412 bec
610 359 707 413 acrba:
732 376 742 405 ι
763 354 828 411 iiam
858 353 917 408 lere
931 355 954 414 Α
969 361 1025 408 tres
1036 353 1231 415 eboracenses,
1257 348 1330 419 qnod
1355 348 1388 404 ad
1402 348 1574 420 pangendos
1596 359 1698 399 versus
1721 348 1772 405 ivor.

126 451 190 497 ante
224 437 276 490 ivoc
305 431 519 504 quinquennium
547 428 691 483 sacratares
712 426 915 495 occupationes,

127 513 212 567 Derrm
228 513 322 568 testor,
336 518 389 557 raon
403 502 464 556 ireto
477 499 558 554 corde
568 498 704 553 declinare
724 495 856 566 cogitavi:
870 495 916 550 sed

128 588 225 635 restrae
245 576 295 646 piae
319 572 494 645 providentiae
515 567 627 623 trovrsiiia
653 567 797 622 translatus
815 580 874 620 satu
889 566 916 619 lu

127 648 266 706 servitium
276 643 361 700 sancti
377 641 495 701 iiartiui,
524 638 584 692 lirici
596 638 736 692 catholicae
751 645 778 691 et
788 636 917 691 ecciesia-

127 721 202 776 stiae
216 714 348 771 sanctioni
367 713 484 767 donante
498 711 552 764 lieo
567 708 728 777 proficuum.
755 705 813 761 Nau
828 720 917 760 reces-

128 792 165 845 sit
191 797 281 841 tuneo
299 784 332 839 de
344 783 425 838 eorde
437 780 536 850 prioris
550 778 696 833 voluntatis
711 777 833 839 allectus,
847 775 918 830 sicut

129 865 265 914 transacto
278 869 348 908 anno
364 861 461 907 vestre
481 848 574 918 pietati
588 848 644 929 jaut
658 848 780 917 predixi.
797 865 806 897 ι
832 846 865 900 Et
875 846 917 900 in-

128 930 185 985 ira·
214 927 313 981 «irater
334 921 431 977 iratres
446 921 473 974 in
498 919 611 973 ecclesia
629 919 715 972 sancti
733 916 840 971 iiartlni
863 914 918 969 ileo

128 999 244 1056 lideiitcr
257 996 404 1050 servientes
423 991 513 1043 vivere
537 988 578 1043 rei
594 988 764 1055 requiescere
782 988 841 1041 siue
864 985 918 1040 ulia

127 1067 295 1127 dubitatione
309 1065 441 1117 desidero.
460 1080 469 1112 r
500 1058 548 1113 ilie
561 1057 805 1112 tirvuobservaruia:
823 1071 918 1120 tntum,

128 1139 270 1195 Aieuiuum
280 1134 412 1201 cogitasse
427 1130 561 1185 declinare
575 1127 714 1183 srecrriares
725 1129 918 1196 occupationes,

127 1210 227 1280 quibus
240 1208 266 1259 in
281 1203 340 1258 aula
354 1203 506 1271 implicatus
518 1210 590 1261 erat:
619 1199 745 1260 alterurn,
767 1207 875 1267 optasse
890 1205 919 1250 ιιι

128 1280 236 1350 quietus
250 1274 382 1342 reliquum
395 1274 456 1325 vite
466 1278 616 1339 perureret,
636 1285 688 1322 nou
703 1268 802 1331 initiae,
819 1266 864 1320 sed
880 1267 920 1320 in-

128 1359 170 1404 ter
191 1348 289 1401 iratres
299 1343 420 1399 ecclesie
433 1340 519 1396 saneti
532 1313 650 1394 Alartiai.
682 1340 709 1393 id
720 1353 785 1392 vero
811 1337 918 1392 taudem

127 1417 255 1479 obtinuit,
267 1416 322 1469 voti
334 1429 444 1484 compos
455 1410 549 1466 iactus.
565 1421 594 1464 ut
609 1419 702 1480 postea
713 1409 843 1463 dicctuns.
858 1406 920 1460 liare

127 1485 312 1558 responsionis
322 1500 437 1539 sumana.
466 1481 594 1535 Aieuiuus
613 1480 682 1534 atrita
694 1478 811 1549 negotiis
825 1476 921 1532 identi-

127 1560 190 1613 dera
204 1557 359 1619 distraetus,
376 1567 511 1608 secessum
519 1551 686 1620 peroptabat,
702 1565 755 1603 non
769 1563 822 1617 (qno
836 1563 921 1602 stea-

127 1629 183 1683 iura
195 1628 369 1695 relinqueret,
397 1623 445 1679 scd
464 1620 805 1688 scrraiarcsoccupationes,
829 1618 856 1670 id
879 1624 920 1670 est

128 1715 181 1753 rmn
192 1713 246 1767 qno
269 1698 331 1751 viae
349 1693 505 1749 monasticar
516 1706 613 1745 nornen
629 1691 745 1759 prinrnm
764 1689 852 1750 daret,
874 1687 920 1742 scd

127 1782 182 1839 quo
198 1768 341 1838 pristinum
354 1767 415 1819 vit-,a
429 1778 513 1833 genas
523 1778 557 1816 et
568 1761 674 1829 integro
688 1767 855 1829 repeteret,a
869 1774 920 1813 sae-

127 1838 182 1894 culi
198 1854 232 1892 ne
250 1838 313 1892 otiis
328 1836 477 1905 expeditus.

163 1908 208 1962 ιι.
227 1854 291 1963 ibeo
304 1916 368 1961 sunt
381 1921 441 1975 qne
460 1903 495 1958 ad
518 1901 684 1973 probandam
698 1898 804 1954 Aicnini
827 1914 920 1953 morra-

127 1980 224 2034 sticatu
238 1976 434 2048 professionem
447 1974 591 2028 observare
611 1972 707 2042 patui:
738 1986 797 2041 quse
819 1970 842 2023 si
861 1970 918 2038 qui-

127 2050 242 2104 busdam
266 2047 412 2116 prolixiora
438 2043 623 2106 videbuntur,
647 2043 780 2112 integrum
795 2041 848 2094 evit
871 2054 919 2106 pro

128 2118 204 2174 libito
218 2119 366 2189 praeterire.
393 2116 468 2170 lianc
480 2122 555 2169 certe
566 2112 731 2183 diligentiam
743 2127 758 2165 a
775 2127 817 2165 nte
830 2111 920 2179 exige·

127 2190 174 2244 bat
184 2198 211 2244 et
238 2189 289 2243 viri
299 2187 457 2250 celebritas,
483 2192 510 2240 et
531 2183 614 2239 oliicii
631 2182 683 2236 rael
697 2181 854 2237 necessitas,

437 2295 552 2352 CAPUT
571 2296 615 2350 iti.

233 2369 338 2423 Aletrini
350 2385 468 2423 necessus
484 2368 511 2420 in
526 2364 652 2429 Calliam,
673 2382 713 2418 ιιι
723 2375 810 2435 qestrr.

161 2460 205 2516 st.
224 2460 338 2516 Unicum
352 2459 457 2513 Aicuiui
472 2472 609 2512 accessura
623 2457 649 2510 in
661 2455 775 2510 Galliam
789 2457 920 2513 hacteuus

127 2533 295 2588 admiserunt
307 2530 358 2585 viri
376 2529 491 2584 eruditi:
518 2529 552 2582 du
573 2527 650 2582 licem
670 2536 716 2580 aut
729 2526 861 2606 triplicem
876 2527 918 2581 di·

127 2605 265 2727 stinguere
282 2608 452 2656 aeeesscest.
480 2599 509 2653 Si
528 2545 636 2651 Abinna
658 2596 701 2651 iiie
717 2595 855 2650 deliciosas
879 2613 921 2650 re·

126 2675 165 2745 qis
200 2672 283 2735 areli,
311 2671 334 2726 is
348 2685 428 2741 quera
455 2685 507 2723 uua
522 2683 584 2723 cnm
610 2665 739 2722 Guilardo
766 2667 864 2721 abbate
884 2667 920 2721 ari

125 2744 275 2799 Adrianum
312 2757 393 2811 apam
411 2740 523 2794 missurn
553 2737 635 2792 luisse
659 2736 848 2793 indictioneii
864 2777 873 2802 ,
892 2737 920 2791 id

126 2823 169 2870 est
191 2828 262 2869 anno
283 2758 345 2875 723,
366 2811 490 2879 vulgatus
515 2808 677 2864 Anastasius
696 2807 804 2863 scribit:
817 2808 853 2871 si,
875 2808 918 2862 in·

126 2900 218 3010 quam,
237 2883 349 2936 Albinus
364 2882 408 2937 iiie
420 2896 473 2934 rvon
484 2886 526 2934 est
549 2879 618 2935 alius
638 2879 673 2932 ab
686 2878 810 2942 Aicuino,
826 2877 920 2932 diceu-

145 2971 190 3009 nm
201 2962 242 3009 est
254 2954 340 3022 ipsum
356 2953 382 3006 iu
401 2950 515 3007 Calliam
538 2948 695 3013 accessisse,
719 2957 746 3002 et
762 2947 917 3002 Caroioad·

126 3025 238 3082 haesisse
249 3033 311 3078 aute
322 3023 393 3078 bunc
408 3037 520 3076 artuum.
540 3020 619 3076 Certe
629 3017 785 3089 sigebertus
798 3018 918 3073 inCirro-

970 431 1053 478 leitil.

1028 507 1094 556 Talia
1109 517 1213 567 namque
1226 504 1321 565 placent
1335 511 1414 552 vesco
1423 503 1482 564 quia
1494 512 1614 550 mouera
1627 498 1709 560 Patri,

1029 570 1076 629 Qui
1086 581 1150 618 tratre
1162 567 1281 626 egregias
1291 565 1418 626 regalibus
1431 567 1537 613 insonat
1550 568 1627 610 artes

1030 633 1144 689 Auribus,
1157 637 1184 677 et
1199 628 1298 676 i‘atruru
1308 627 1375 675 ducit
1386 638 1431 687 per
1445 633 1518 686 prata
1533 632 1697 682 sequentem

1033 690 1189 753 Praepaieirro
1199 689 1292 750 sopitiae
1306 694 1453 749 regnantem
1467 693 1616 735 stemmate
1629 684 1717 733 celsae.

1004 774 1043 828 Eo
1055 782 1177 842 tempore
1191 769 1321 825 Aicuinus
1336 784 1396 824 cum
1411 767 1541 822 Homero
1557 781 1608 820 scu
1622 766 1778 836 Augiibcrto

968 844 1117 899 artricitiam
1132 841 1201 900 iniit,
1218 841 1296 908 eique
1308 839 1365 906 jam
1381 838 1548 908 primicerio
1561 836 1665 906 palatii
1680 837 1776 908 Pippiai

964 914 1053 969 italiae
1068 930 1097 966 re
1117 913 1140 966 is
1154 910 1265 981 scripsit
1285 909 1426 979 epistularu
1439 908 1474 962 ιι
1501 910 1596 977 (nuuc
1610 906 1663 978 26)
1680 909 1777 964 circiter

970 1001 1071 1039 antrum
1083 930 1152 1044 ib&
1166 996 1219 1049 quo
1234 979 1291 1034 iere
1309 979 1392 1035 etiam
1408 988 1539 1047 tempore
1554 978 1615 1031 scri
1639 978 1676 1031 sit
1688 981 1776 1060 epista-

971 1055 1023 1109 ianr
1037 1055 1071 1109 95
1085 1053 1167 1124 (nunc
1181 1049 1226 1119 ιιι
1243 1051 1276 1104 ad
1291 1050 1442 1105 iiamoetam
1462 1064 1516 1103 scu
1539 993 1687 1103 nimbum
1701 1066 1727 1103 nr
1738 1068 1774 1105 cv-

971 1125 1134 1195 periitioncm
1149 1120 1311 1176 Saxonicam
1332 1134 1393 1173 cum
1407 1119 1512 1174 Caroio
1530 1132 1600 1186 rege
1616 1119 1707 1188 proice
1717 1130 1772 1183 ιιιιιι,

970 1205 1114 1263 autequam
1136 1189 1257 1245 iiicniius
1270 1190 1346 1244 Laiio
1359 1190 1385 1242 iu
1398 1191 1493 1244 sedern
1514 1187 1711 1257 iiagnntinarn
1724 1207 1771 1246 satc-

970 1266 1081 1319 celevet
1104 1278 1175 1326 avuto
1198 1261 1259 1316 ist.
1281 1259 1427 1328 Epistulam
1446 1260 1537 1312 etiam
1559 1259 1597 1312 ad
1617 1258 1770 1329 Ludgerunr,

972 1345 1028 1389 turn
1043 1334 1134 1389 Casini
1150 1341 1310 1394 morantem,
1328 1330 1418 1385 Caroli
1429 1329 1524 1400 Magni
1538 1330 1627 1399 jussu
1644 1333 1771 1400 scripsisse

971 1405 1071 1460 dieitur
1088 1402 1216 1458 insaucii
1231 1401 1356 1472 Liuaigcvi
1376 1399 1443 1453 libe
1468 1400 1610 1454 secundae
1625 1398 1673 1454 lib.
1689 1418 1708 1464 t,
1720 1419 1768 1472 cap.

973 1475 1017 1540 ii,
1032 1485 1061 1531 ιιι
1071 1489 1131 1529 carru
1147 1474 1172 1526 iu
1187 1472 1328 1526 Franciarn
1355 1477 1508 1525 revocaret.
1526 1469 1555 1523 id
1571 1471 1598 1524 si
1623 1486 1716 1526 verum
1728 1485 1767 1535 est,

970 1545 1101 1599 Aieuinus
1115 1559 1186 1597 antro
1198 1542 1250 1596 'iiiii
1262 1542 1288 1595 in
1304 1540 1388 1595 Callia
1399 1549 1468 1595 erat.

1006 1615 1051 1670 ιι.
1067 1615 1132 1669 Post
1142 1613 1308 1682 aliquantam
1324 1612 1349 1665 iu
1363 1611 1463 1680 palatio
1481 1626 1595 1666 moram
1609 1610 1767 1668 Alcuiunsia

972 1686 1086 1755 patriam
1101 1699 1227 1739 reversus
1238 1690 1290 1746 cst,
1305 1698 1337 1737 ea
1356 1683 1424 1736 i'itae
1438 1698 1519 1736 nunt.
1540 1682 1588 1736 ιδ.
1606 1681 1637 1736 ld
1654 1685 1768 1738 :reddisse

971 1757 1078 1810 vitietur
1092 1769 1163 1809 anno
1176 1752 1239 1816 lilii,
1259 1767 1314 1820 quo
1327 1751 1438 1820 epistola
1454 1753 1493 1806 ad
1508 1751 1631 1807 Caicum
1657 1752 1768 1808 lectoren

972 1826 998 1881 io
1014 1824 1105 1880 Scotia
1129 1824 1231 1893 scripta
1253 1831 1306 1881 est,
1323 1832 1352 1877 ut
1375 1831 1469 1892 postea
1495 1822 1629 1892 probabo
1648 1839 1721 1879 nunt.
1734 1827 1769 1880 st.

971 1895 1105 1951 Reversus
1117 1895 1216 1965 quippe
1228 1892 1366 1958 croallio,
1381 1893 1456 1947 varia
1473 1908 1600 1947 munera
1618 1894 1739 1949 ecclesiis
1750 1906 1771 1949 rt

970 1967 1142 2021 morrasteriis
1153 1964 1300 2026 distribuit,
1312 1972 1367 2017 tam
1382 1978 1431 2032 pro
1445 1978 1477 2017 se
1500 1965 1601 2031 quaur'
1616 1979 1667 2033 pro
1684 1965 1771 2020 Carula

970 2053 1051 2106 rege,
1066 2051 1081 2090 a
1096 2052 1149 2105 quo
1169 2050 1254 2103 nuper
1264 2042 1422 2088 recesserat.
1441 2032 1598 2104 Significat
1610 2050 1674 2090 reru
1684 2038 1771 2092 disses

969 2109 1073 2163 sionem
1100 2108 1242 2162 subortam
1269 2105 1341 2159 inter
1367 2103 1498 2159 Catulum
1527 2113 1557 2158 et
1588 2103 1678 2159 otiam
1739 2124 1770 2169 es,

974 2197 982 2230 ι
998 2179 1035 2233 ita
1051 2186 1082 2232 ut
1104 2176 1231 2245 utrinque
1246 2174 1382 2245 navigatio
1406 2174 1560 2229 interdicta
1576 2186 1669 2231 esset.
1684 2195 1694 2226 ι
1737 2193 1771 2232 nu

972 2249 1068 2305 addit:
1086 2266 1094 2298 a
1112 2245 1182 2301 Sunt
1194 2246 1241 2314 qni
1253 2245 1346 2299 dicunt
1362 2260 1412 2300 uas
1433 2259 1488 2314 pro
1501 2259 1576 2314 pace
1600 2261 1665 2302 esse
1684 2248 1709 2301 in
1723 2249 1771 2303 ilias

969 2328 1061 2390 partes
1076 2316 1231 2372 mittendus.
1250 2335 1258 2367 v
1276 2314 1341 2381 Quae
1353 2313 1434 2370 luerit
1446 2313 1534 2383 hujus
1549 2316 1705 2372 simultatis
1718 2335 1770 2372 cas

969 2405 1011 2450 sa,
1027 2389 1156 2443 discimus
1169 2401 1202 2441 ex
1227 2384 1355 2440 Cbrouici
1376 2384 1610 2441 l‘ontauebansis
1635 2403 1694 2457 (ap.
1707 2389 1739 2442 ts
1752 2390 1771 2442 ia

972 2460 1062 2524 editis,
1077 2459 1122 2512 ubi
1135 2457 1249 2513 Carolus
1265 2455 1376 2528 iiaguus
1392 2455 1446 2509 lilio
1468 2471 1522 2510 suo
1536 2457 1689 2526 aequivoco
1702 2459 1770 2512 liiiaa

970 2530 1036 2585 Olba
1057 2528 1152 2600 regist
1180 2528 1209 2582 in
1230 2526 1386 2597 conjugium
1407 2525 1612 2594 expostulasse
1631 2548 1641 2579 r
1668 2531 1770 2583 dicitur:

970 2601 1017 2655 sed
1031 2601 1142 2655 iiiouau
1165 2597 1388 2668 acquiescente«
1415 2596 1469 2650 nisi
1496 2595 1588 2652 Berta
1618 2599 1676 2654 lilia
1698 2600 1773 2654 Caroli

970 2669 1059 2741 Magni
1082 2670 1140 2741 ejas
1160 2667 1216 2723 lilio
1230 2667 1326 2736 nuptui
1347 2667 1546 2731 traderetur.»
1573 2667 1707 2724 Carnium
1724 2673 1774 2724 iude

968 2750 1135 2796 cornavotum
1148 2738 1319 2808 precepisse,
1334 2755 1344 2788 ι
1359 2745 1387 2790 ut
1397 2738 1524 2792 uomodo
1536 2737 1690 2795 Britannia
1702 2742 1772 2794 iasab

970 2827 1002 2866 ae
1014 2821 1093 2882 gente
1114 2810 1261 2881 Angiorunt
1282 2808 1451 2862 mercimonii
1476 2824 1569 2864 eausa
1586 2811 1668 2864 littus
1688 2810 1771 2866 Oceani

970 2884 1054 2937 maris
1068 2881 1212 2950 attingeret
1227 2880 1254 2933 iu
1266 2873 1432 2933 Calliabed
1452 2880 1508 2933 hoc
1528 2896 1570 2934 ne
1591 2881 1681 2940 lieret,
1695 2883 1773 2935 admo

971 2953 1073 3007 uitione
1086 2968 1118 3007 ac
1140 2949 1336 3020 supplicatione
1352 2947 1483 3004 Cerroidi
1499 2950 1620 3007 abbatis
1644 2953 1772 3008 iubibitan

971 3037 1068 3078 esse.»
1695 3032 1703 3045 ·

127 3098 189 3152 nico
200 3103 227 3151 et
244 3096 270 3148 in
286 3093 355 3148 iiirro
374 3095 407 3149 vic
421 3091 494 3147 Viris
507 3091 666 3154 illustribus,
678 3089 822 3144 Aicnlannv
834 3088 916 3158 impe·
931 3084 954 3148 C
1004 3093 1049 3148 ιιι.
1066 3090 1194 3147 Aicuiuns
1209 3090 1270 3145 dein
1285 3100 1346 3161 post
1361 3099 1415 3145 tres
1430 3105 1537 3155 autres,
1555 3067 1674 3164 accepta
1686 3097 1772 3163 episco

126 3167 223 3221 rotans
245 3164 398 3218 deliciosam
424 3162 585 3244 appeliatum
599 3175 659 3216 esse
680 3168 803 3214 testatur.
843 3160 872 3213 id
896 3159 917 3213 si

126 3238 268 3361 progatur,
279 3234 377 3303 tripict
389 3232 494 3288 Aicurni
505 3235 637 3286 adventus
651 3232 678 3286 in
693 3229 807 3286 Calliam
822 3229 920 3284 admit-

128 3317 173 3362 ten
195 3313 289 3363 ascst.

161 3377 207 3430 et.
228 3375 294 3430 iiam
317 3390 388 3429 anuo
404 3372 529 3428 ibbeum
554 3381 661 3427 mortuo
675 3369 799 3426 AEiberto
817 3368 919 3424 Ebora-

126 3447 229 3502 ecusie
250 3446 342 3512 iscopo
366 3438 557 3511 proEaubaidi
585 3440 751 3496 successoris
772 3440 920 3495 obtinendo

127 3516 208 3587 pallio
224 3461 337 3568 Aomam
349 3513 447 3567 missus
462 3513 524 3566 inde
538 3511 650 3576 rediret,
674 3510 779 3565 Parmae
801 3510 921 3564 accurrit

127 3585 224 3640 ilaroio
237 3583 342 3652 liagno,
370 3583 417 3651 qui
439 3583 525 3650 ipsunt
541 3581 569 3634 iu
582 3580 725 3634 i'raueiam
741 3580 875 3643 invitavit,
890 3589 920 3634 ut

127 3672 162 3712 ert
182 3653 314 3724 superiori
334 3652 394 3706 i'ita
407 3651 589 3720 intelligimus.
616 3647 828 3705 liuereierenda
844 3651 919 3705 vidc-

128 3737 172 3781 tur
183 3723 295 3794 epistola
307 3723 342 3777 ιδ
353 3723 435 3794 (nuuc
454 3722 527 3847 leq,
553 3722 580 3776 in
609 3734 661 3790 qua
675 3719 802 3775 Carnium
814 3720 918 3786 iaudat,

128 3799 199 3866 quod
224 3814 234 3847 ι
251 3811 286 3850 ert
303 3794 416 3849 dirersis
430 3808 493 3847 man
514 3793 522 3846 ι
545 3792 667 3862 partibus
685 3799 845 3846 amatores»
877 3807 921 3846 sa-

128 3866 235 3935 pientie
243 3877 393 3921 convocare
401 3863 551 3918 studuerit:
568 3880 577 3913 ι
592 3862 663 3916 inter
677 3877 755 3931 quos,
767 3861 866 3931 lnquit,
878 3878 920 3917 me

127 3939 208 3992 etiarn
222 3937 344 3991 initurum
354 3932 472 4002 ejusdem
483 3941 584 3989 sancte
598 3932 920 4001 sapientiarvernacaium

127 4009 161 4062 de
179 4007 281 4062 ultimis
294 4004 440 4060 Britanniae
461 4004 559 4059 leuibus
582 4003 736 4058 adsciscere
760 4004 917 4059 curastis.»

121 4076 185 4162 illisi
201 4076 269 4131 lorte
282 4075 309 4130 id
321 4075 422 4130 reieras
433 4075 468 4128 ad
496 4082 663 4155 postremum
683 4073 788 4128 Aletrini
815 4073 868 4129 iter
893 4074 920 4129 iu

129 4144 254 4211 Calliam,
267 4146 437 4215 quodtamen
449 4145 541 4200 divano
551 4145 666 4208 monitu,
682 4144 774 4200 nescio
792 4159 826 4198 an
836 4145 920 4199 etiam

128 4218 218 4274 Caroli
230 4218 338 4272 hortatu
355 4216 483 4285 suscepit.
504 4214 534 4268 iu
549 4215 633 4284 priori
645 4229 720 4279 vero,
750 4215 783 4270 dc
797 4229 850 4282 qna
876 4215 921 4269 iric

128 4291 255 4359 agimus,
285 4301 396 4342 accessu
421 4285 484 4339 ibud
498 4285 643 4354 corrupisse
665 4292 741 4353 puto,
760 4286 832 4354 quod
854 4285 921 4340 scri·

128 4370 205 4431 ptum
229 4357 337 4426 reliquit
356 4355 486 4411 Aiouiuns
503 4356 530 4409 iu
547 4355 660 4424 epistula
675 4354 716 4436 ts·
737 4353 821 4428 (rrtvvvc
837 4357 895 4425 lili)
912 4372 918 4408 :

991 3164 997 3218 i
1013 3165 1054 3219 sui
1070 3163 1188 3226 lieentia,
1203 3169 1269 3216 nuta
1292 3162 1382 3215 divino
1395 3162 1505 3216 revenit
1527 3163 1562 3216 in
1579 3163 1603 3217 F
1606 3166 1735 3227 rauciret,
1748 3174 1771 3218 ιι

970 3180 1095 3304 biipaudi
1111 3241 1139 3287 et
1154 3231 1251 3286 Felicis
1264 3233 1351 3287 errori
1363 3233 1389 3286 iu
1403 3230 1566 3287 Ecclesiam
1585 3235 1711 3304 gliscenti
1722 3249 1770 3290 sese

970 3313 1128 3374 opponeret.
1142 3304 1182 3357 ita
1199 3302 1271 3357 enim
1295 3302 1328 3357 vie
1343 3317 1372 3356 se
1387 3303 1445 3371 ipse
1461 3304 1555 3357 tradit
1582 3306 1612 3357 in
1632 3307 1771 3375 perlatore

971 3375 1101 3428 iiiuarunv
1123 3375 1253 3428 adversas
1271 3370 1450 3442 Eiipandum:
1472 3391 1483 3424 ι
1507 3373 1631 3440 limina,
1653 3376 1768 3438 utercdn

968 3446 1080 3515 jubente
1094 3443 1296 3513 dispensatione
1313 3443 1346 3497 ad
1365 3441 1517 3514 gloriosum
1535 3453 1568 3499 ct
1594 3448 1672 3500 omui
1684 3447 1769 3501 bonore

972 3513 1164 3570 nominandum
1179 3514 1258 3584 liujus
1272 3513 1346 3583 requi
1371 3513 1526 3583 principem
1544 3525 1577 3571 ct
1591 3532 1688 3588 regern
1699 3516 1767 3571 Caro

972 3585 1026 3639 ium
1041 3594 1155 3639 vocatas
1166 3584 1262 3639 adveni
1275 3603 1281 3637 ε
1298 3582 1445 3638 sieut'tuibi
1457 3585 1583 3653 qnidam
1596 3589 1769 3642 sanctissimas

971 3656 1022 3717 vir,
1039 3655 1240 3724 prophetiaeque
1253 3655 1350 3724 spiritu
1370 3654 1513 3724 preditus,
1543 3655 1599 3712 Dei
1615 3673 1677 3714 esse
1690 3658 1768 3712 volar-

973 3734 1056 3780 tatem
1070 3726 1097 3779 in
1113 3738 1171 3779 mca
1184 3725 1348 3794 predixerat
1358 3724 1457 3794 patria.
1483 3725 1586 3781 Etiam
1601 3739 1633 3783 et
1646 3738 1674 3783 nt
1686 3730 1726 3782 vir
1737 3741 1770 3779 re·

972 3794 1102 3851 acrabiiis
1120 3802 1246 3865 totusque
1268 3795 1325 3849 lieo
1340 3794 1448 3850 deditus
1464 3811 1551 3850 meus
1578 3800 1652 3854 milri
1678 3797 1771 3853 maele

973 3875 1029 3922 tum
1045 3866 1157 3922 dederat
1179 3865 1319 3936 magister,
1342 3873 1372 3918 ut
1388 3865 1410 3919 si
1432 3863 1540 3920 alieubi
1562 3884 1656 3925 novas
1669 3871 1772 3924 antire·

972 3937 1037 3993 oriri
1054 3946 1145 3992 sectas
1159 3936 1315 4007 apostolicis
1331 3936 1485 3990 contrarias
1499 3936 1659 4002 doctrinis,
1675 3955 1732 3994 mot
1742 3947 1773 3993 to

973 4019 1029 4062 tura
1052 4023 1096 4062 me
1117 4008 1144 4061 in
1166 4007 1308 4061 catholice
1331 4003 1491 4060 defensione
1514 4007 1587 4063 satiei
1615 4011 1772 4066 dedissem·

973 4077 1099 4202 Magister
1111 4078 1161 4132 istc
1174 4076 1280 4132 Aicuiui
1292 4085 1333 4131 est
1347 4075 1498 4140 AEibertns,
1512 4093 1553 4133 ex
1571 4081 1644 4136 Vitae
1654 4097 1726 4135 num.
1738 4081 1771 4133 ii.

1026 4150 1052 4202 tl.
1069 4147 1186 4217 Tempus
1199 4163 1253 4217 qno
1267 4147 1352 4202 altera
1367 4147 1418 4202 irae
1430 4148 1494 4203 viee
1511 4153 1647 4206 accessit
1661 4153 1689 4207 in
1703 4152 1774 4206 Fran

973 4218 1042 4274 ciam
1058 4219 1147 4288 signat
1166 4217 1296 4272 Aicninus
1308 4219 1366 4287 ipse
1379 4217 1406 4271 in
1421 4217 1471 4273 lib.
1487 4234 1495 4272 ι
1522 4220 1671 4277 adversus
1683 4223 1776 4292 iiipas-

973 4290 1081 4343 cinnat«
1109 4288 1259 4357 Antequam
1287 4304 1337 4359 ego
1359 4288 1456 4342 codem
1482 4291 1703 4359 sapientissimo
1726 4306 1776 4360 vert

972 4360 1071 4414 Carula
1090 4359 1202 4429 jubente
1223 4358 1356 4413 venissem
1380 4359 1407 4412 ln
1429 4358 1601 4427 Ftattciam,
1618 4365 1679 4419 iraec
1694 4365 1775 4418 ιιιιιι

132 4447 141 4480 ι
167 4431 237 4484 Ilum
249 4444 299 4498 eqo
313 4427 472 4482 adulescens
485 4425 600 4480 Romam
609 4441 729 4494 porreta,
758 4437 785 4480 et
798 4427 920 4495 aliquau-
936 4431 1075 4495 perrous
1088 4434 1171 4483 vestri
1186 4438 1270 4490 secta,
1284 4429 1378 4483 eodem
1398 4428 1523 4499 glorioso
1550 4436 1685 4504 principe
1697 4433 1776 4504 prasi·

129 4509 173 4555 tos
186 4499 281 4552 diesin
296 4498 378 4567 Papia
394 4496 476 4566 regali
488 4495 598 4550 civitate
611 4496 784 4561 demorarer,
809 4499 918 4565 quidam

129 4570 248 4633 iudaeus,
266 4567 353 4623 Julius
378 4568 495 4630 neruiue,
512 4581 577 4621 eura
590 4566 670 4621 i’etro
683 4567 825 4637 stragistro,
845 4587 853 4617 ι
877 4567 920 4620 Pi-

129 4655 197 4697 saoo
210 4639 322 4701 seilicet,
347 4638 436 4693 Caroli
450 4637 538 4707 blaqui
553 4645 719 4706 praeceptore
746 4638 772 4690 in
787 4653 921 4707 granum·

129 4713 194 4776 tica,
219 4728 229 4763 ι
250 4708 605 4778 babaitdtspuautoacru.·
633 4707 762 4762 Aicuiuus
786 4709 812 4761 iu
836 4707 921 4762 Callia

129 4783 171 4838 sio
182 4782 316 4843 detentas,
332 4778 487 4848 aliquandiu
505 4787 628 4833 versatus
637 4787 678 4832 est
689 4778 716 4833 iu
729 4778 839 4847 palatin,
853 4785 923 4832 tann-

130 4866 184 4923 que
207 4850 308 4907 iactum
325 4858 366 4904 est
380 4858 411 4904 ut
432 4847 545 4903 Carolus
557 4864 604 4902 ret
619 4889 626 4912 ,
641 4848 688 4917 qui
718 4868 727 4900 ι
746 4849 772 4904 iu
796 4848 922 4904 discentia

130 4922 306 4994 grammatica
317 4920 427 4975 Petrum
445 4918 572 4974 Pisaaura
585 4920 724 4974 diacouem
738 4934 829 4974 senem
845 4920 920 4973 aurii-

129 4996 179 5058 vit,
195 4999 285 5048 ateste
292 4989 446 5062 Eginhardo
460 5008 469 5040 ι
486 4991 512 5044 iu
523 4990 630 5044 caeteris
640 4989 920 5058 disciplinisAibinuur

129 5071 309 5133 cognomento
320 5061 474 5124 Aicuiunm,
485 5061 551 5115 itera
564 5059 703 5114 diacouem
719 5060 753 5113 de
772 5060 919 5122 Britannia,

131 5133 258 5190 Saroniei
272 5131 380 5202 generis
393 5131 548 5195 bominem,
570 5130 659 5183 virrnu
673 5130 852 5200 undecunque
871 5131 915 5184 ‹lo-

129 5205 280 5261 ctissiuturn
293 5210 486 5272 praeceptorem
495 5200 634 5256 babuerit:
651 5202 806 5270 apadqnetu
818 5209 846 5256 et
857 5201 920 5256 rbe-

130 5276 223 5331 tortae
243 5282 272 5330 et
297 5272 453 5337 dialectice,
471 5271 606 5342 praecipue
630 5281 718 5326 taurea
751 5273 923 5327 astronomia

130 5346 290 5408 adimendae,
308 5342 453 5413 plurimum
477 5350 503 5396 et
518 5342 647 5412 tevuparis
659 5352 686 5397 et
705 5343 806 5398 laboris
817 5343 919 5411 imper-

130 5416 212 5470 tiit.»
239 5414 315 5471 Unde
340 5427 394 5469 non
419 5412 554 5467 immerito
578 5411 690 5468 Carolus
707 5427 769 5467 eum
794 5413 920 5466 ‹citaris-

130 5487 228 5539 sirnum
240 5486 268 5539 in
281 5484 389 5540 Christo
399 5491 594 5554 ‚preceptorem
609 5503 618 5535 r
637 5492 716 5538 vocat
727 5483 754 5536 in
769 5483 920 5552 fragmento

130 5554 250 5623 epistolae
264 5555 349 5609 relato
377 5555 403 5608 in
426 5553 533 5608 Aieuiui
558 5554 671 5623 epistola
697 5554 714 5607 ii
741 5555 824 5624 (rruue
846 5553 918 5622 ibe),

130 5625 260 5694 quidquid
282 5625 308 5679 iu
326 5623 491 5680 contrarium
517 5624 589 5678 dicat
608 5625 749 5678 Baroaius.
788 5623 846 5679 linc
863 5638 921 5692 spe-

129 5703 205 5753 ctant
221 5709 314 5752 versus
324 5694 527 5771 epigrammatis
543 5695 593 5750 ιιι
617 5695 699 5767 (nuuc
728 5694 788 5766 iiii)
804 5695 838 5749 ad
867 5694 921 5749 ira·

974 4502 1064 4562 dente,
1079 4510 1210 4570 praesente
1225 4499 1324 4561 Felice,
1335 4514 1414 4568 ararem
1429 4500 1556 4556 muitum
1574 4503 1693 4559 laudare
1705 4503 1774 4565 soles,

975 4578 1072 4625 vestre
1092 4571 1178 4641 partis
1193 4578 1258 4624 tuuc
1273 4570 1401 4638 temporis
1416 4568 1583 4635 deieusorc,
1600 4575 1730 4630 vcubiata
1743 4582 1776 4627 est

975 4642 1002 4696 iu
1022 4640 1200 4696 celeberrimo
1220 4640 1289 4700 loco,
1314 4640 1360 4708 aqui
1377 4639 1478 4693 dicitur
1490 4641 1701 4715 ttagtrrtsburg.
1715 4666 1724 4698 ι
1739 4645 1776 4697 At·

975 4712 1021 4783 qui
1033 4726 1066 4765 ex
1077 4711 1226 4765 Annalibus
1241 4710 1336 4765 incerti
1348 4710 1478 4773 auctoris
1489 4714 1540 4767 cui
1552 4718 1712 4772 ntonaciins
1721 4716 1776 4770 fae

976 4782 1111 4836 iisnvensis
1124 4781 1152 4834 in
1166 4780 1227 4835 i'ita
1248 4779 1335 4835 Caroli
1354 4787 1516 4846 attestatur,
1537 4802 1548 4834 ι
1570 4801 1648 4842 auno
1664 4787 1717 4840 ἰιι
1731 4787 1776 4840 ιιι

977 4853 1046 4906 resis
1060 4851 1207 4915 leticiam,
1231 4851 1288 4920 ipso
1305 4860 1414 4905 auctore
1429 4867 1491 4906 eam
1517 4855 1577 4910 abu
1635 4864 1694 4921 ate,
1718 4856 1776 4926 apri

972 4923 1163 4992 ttrgeaesbarg
1188 4922 1305 5001 primum
1322 4921 1450 4974 ‹lamnata
1476 4933 1533 4978 est.
1561 4947 1571 4977 ι
1616 4938 1701 4982 tarne
1722 4942 1774 4982 cau

971 4993 1100 5047 Aieuinus
1124 4992 1239 5046 mucello
1262 4990 1485 5046 Francolnrteusi
1510 5010 1593 5052 anno
1610 4944 1666 5052 rol
1691 5007 1773 5053 cantra

971 5063 1095 5118 eamdem
1109 5061 1234 5116 heresim
1254 5071 1416 5132 congregato
1439 5063 1619 5131 interfuerit,
1641 5069 1776 5123 dicendast

971 5144 1013 5188 est
1028 5133 1115 5200 ipsunt
1136 5133 1187 5186 sub
1207 5132 1287 5186 lrncm
1303 5134 1365 5185 anni
1382 5131 1434 5186 aba
1457 5143 1506 5190 aut
1527 5152 1610 5194 artavo
1634 5138 1776 5209 irrsorueati

971 5205 999 5259 in
1015 5202 1156 5257 Franciam
1174 5202 1328 5257 revertisse.

1008 5274 1053 5327 5¹.
1070 5272 1170 5327 Debre
1184 5273 1280 5326 itinere
1294 5288 1376 5341 ageas
1392 5271 1535 5342 iiogcrius
1560 5278 1779 5345 iioverleaus,ita

973 5343 1087 5399 scribit:
1105 5361 1114 5393 ι
1135 5343 1214 5397 Anno
1226 5344 1259 5397 ab
1272 5343 1458 5398 incarnatione
1474 5346 1595 5405 [itrrvriui
1609 5353 1667 5408 ιιι
1680 5355 1781 5410 saraias

973 5429 1021 5468 rex
1035 5413 1200 5467 Francorum
1215 5414 1287 5467 misit
1311 5414 1469 5482 syruniaiem
1494 5416 1609 5478 librum
1625 5427 1662 5479 ad
1687 5426 1782 5480 Britan

973 5485 1057 5547 uiant,
1075 5483 1127 5536 sliri
1140 5498 1155 5535 a
1170 5483 1402 5551 Conuammopoii
1416 5485 1578 5557 directam,
1598 5496 1628 5548 iu
1642 5512 1701 5566 quo
1711 5498 1780 5553 libro,

974 5556 1036 5618 iren,
1056 5554 1125 5625 proit
1140 5553 1216 5607 dolor
1229 5554 1235 5606 l
1249 5553 1332 5606 muita
1349 5557 1584 5618 inconvenientia
1601 5575 1633 5621 er
1643 5583 1717 5624 ves—,2
1730 5566 1781 5622 fissi

974 5625 1109 5679 contraria
1125 5632 1232 5692 reperta
1247 5631 1327 5677 snut:
1345 5624 1465 5679 maxime
1478 5631 1562 5697 quod
1577 5650 1653 5704 pem
1671 5639 1785 5693 „mnam

975 5695 1153 5752 Orientalium
1174 5694 1325 5761 doctoraar,
1349 5708 1402 5749 nou
1417 5697 1637 5775 nriurtsquam
1660 5717 1785 5766 trecenta·
