3764 6120
152 275 223 335 teeti
567 267 598 323 ll.
620 266 650 324 F.
670 264 784 323 semul
803 263 870 321 SEU
887 261 1028 321 secutur
1047 261 1189 323 occubat
1209 262 1300 337 PARS
1319 263 1366 321 lx.
1730 265 1799 323 libb

152 401 224 462 rod„
241 391 363 464 babebit]
377 411 382 446 :
398 404 493 445 omncs
521 401 627 456 quoque
641 385 800 456 populorum
821 381 946 436 nationes
960 387 983 446 Α
997 378 1112 451 byloniae
1133 389 1223 449 natus,
1251 379 1422 437 Hierusalem
1448 380 1560 436 terricus
1575 381 1758 440 circumcidet
1770 401 1801 440 se

151 492 245 547 ilomte
267 486 456 555 subjacebant,
470 490 500 537 et
511 478 667 535 serviebant
684 477 709 532 ei
720 475 776 549 [ld.
800 473 872 539 cod,
893 473 946 527 lio·
999 472 1090 528 diceas
1101 472 1202 528 iudeis
1217 491 1224 528 ε
1238 473 1295 544 Ego
1309 488 1369 527 sum
1394 471 1520 528 Christus
1546 474 1626 529 robis
1648 477 1798 545 repromls·

151 583 240 638 nranis
264 576 444 647 subjacebunt
456 581 484 628 et
497 569 617 626 servient
628 566 680 639 eis]
695 566 745 622 sub
758 563 869 621 tributo.
881 564 946 620 lnde
997 580 1055 623 sus.
1076 566 1123 636 qui
1139 565 1174 619 ιιι
1191 565 1308 620 sulutem
1322 576 1443 621 vostram
1464 563 1540 630 ueni,
1553 572 1584 620 ut
1607 580 1668 629 ros,
1693 567 1740 634 qui
1760 568 1800 623 ‹li-

150 692 216 747 ergo
241 673 308 728 dicit
333 666 487 740 Apostolus,
504 663 703 720 Antichristum
727 675 782 715 non
810 667 891 712 ιιιιιιιι
917 655 945 709 in
996 655 1083 723 spcrsi
1102 655 1180 718 estis,
1194 669 1355 726 congregem
1369 663 1398 712 ct
1408 652 1564 711 delendam.
1587 655 1667 712 Tunc
1684 657 1799 713 aderam

150 767 282 823 rnuudum
296 779 358 818 esse
380 768 532 822 uenturum,
553 755 604 810 nisi
625 752 723 806 eruerit
749 749 873 804 discessio
891 746 947 816 pri-
994 755 1155 799 corrcurrem
1172 743 1197 817 [l
1221 760 1316 800 omues
1335 743 1445 817 louaeil,
1470 753 1499 800 ct
1511 745 1704 802 existimantes
1717 762 1797 804 sere·

150 876 233 923 mum,
253 855 281 910 iu
295 864 347 918 cst,
375 849 529 907 nisiomnia
542 861 623 916 regna
636 842 728 898 mundi
744 837 944 897 discesserinta
995 834 1086 904 cipere
1104 833 1254 901 Christum,
1278 835 1409 906 recipient
1433 834 1569 892 diabolum
1593 847 1619 896 ι.
1644 839 1797 897 meander·

151 951 274 1006 itomano
288 941 469 1017 imperio,cui
484 939 561 1010 prius
577 936 686 993 subdita
717 941 805 988 erent.
825 930 945 986 llocau·
995 928 1068 997 quod
1099 927 1271 986 Dorulausiu
1288 929 1435 1000 Evangelio
1456 931 1494 984 ait
1519 928 1623 985 iudaeis
1640 948 1648 984 ι
1665 929 1798 1000 Eposeni

150 1047 205 1096 tem
229 1047 333 1107 tempus
360 1030 479 1089 nondum
516 1027 601 1092 verrit,
626 1025 690 1096 quia
718 1023 781 1079 licet
804 1022 944 1077 rideamus
994 1021 1142 1075 innomine
1167 1019 1257 1075 Patris
1273 1022 1334 1086 mei,
1351 1031 1375 1075 ct
1389 1038 1441 1076 non
1453 1020 1587 1093 recepistis
1597 1039 1661 1088 ore,·
1689 1022 1795 1079 tiatira

151 1133 334 1188 tlomanorum
347 1139 459 1195 mgnum
478 1120 505 1176 in
527 1119 646 1174 maxima
663 1125 741 1187 parte
758 1114 816 1184 jam
837 1112 945 1168 destru-
994 1112 1093 1165 venerit
1118 1112 1146 1166 in
1167 1113 1271 1167 nonnae
1295 1129 1355 1177 eno,
1383 1112 1453 1168 lrune
1479 1114 1612 1184 recipietis
1641 1113 1743 1184 (ioan.
1769 1132 1793 1181 r,

148 1233 234 1284 cturrt,
257 1232 345 1275 tamen
364 1199 485 1287 'quandiu
498 1228 576 1284 reges
587 1211 756 1265 Francorum
773 1206 941 1271 duraverint,
995 1199 1053 1271 tel.

148 1314 194 1383 qui
215 1311 367 1366 lionranum
394 1304 537 1376 imperium
561 1312 655 1358 tenere
680 1300 791 1364 dcbcut,
823 1298 943 1368 dignitas
1029 1293 1108 1349 Sicut
1130 1294 1156 1348 ia
1180 1294 1313 1366 sibyllinis
1338 1297 1462 1352 uorsibus
1489 1296 1634 1360 babemus,
1669 1308 1793 1369 tempore

149 1404 263 1461 liomaui
277 1398 382 1471 imperii
403 1413 436 1452 cx
464 1404 520 1450 toto
533 1411 587 1448 non
611 1392 720 1463 peribit,
744 1390 807 1461 quia
821 1389 904 1443 stabit
914 1388 942 1442 in
993 1385 1116 1454 praedicti
1139 1387 1222 1456 regis,
1253 1385 1331 1455 cuijus
1358 1402 1457 1442 nomen
1479 1387 1792 1444 eritC.re1lionuno·

148 1496 257 1568 regibus
286 1492 352 1548 suis.
378 1488 499 1544 Tradunt
526 1500 643 1555 utaturque
666 1484 792 1540 doctores
825 1479 941 1535 nostri·
994 1497 1054 1536 rum
1075 1481 1158 1537 totius
1178 1482 1295 1552 imperii,
1319 1491 1423 1538 statura
1442 1484 1564 1553 grandis,
1581 1492 1698 1553 aspectu
1717 1485 1790 1542 ‹leeo

148 1589 220 1660 quod
241 1602 312 1641 trous
334 1598 368 1638 ex
388 1580 495 1652 regibus
522 1579 689 1633 Francorum
714 1576 864 1630 liouranum
891 1571 943 1626 itu·
994 1588 1052 1638 rus,
1074 1571 1156 1644 530
1174 1575 1250 1630 cultu
1265 1573 1434 1644 splendidus,
1456 1584 1484 1630 et
1505 1590 1553 1646 per
1577 1576 1688 1647 singula
1712 1592 1790 1633 m-

148 1681 252 1752 perium
267 1693 299 1732 ex
314 1676 420 1745 integro
437 1671 551 1735 tenebit,
570 1669 614 1739 qui
638 1668 665 1723 iu
693 1666 842 1722 novissimo
870 1673 939 1719 ιιιιι-
992 1664 1103 1721 brorum
1119 1665 1282 1723 lineamenta
1299 1667 1465 1734 compositas
1485 1666 1625 1732 decernes,
1646 1677 1730 1722 erunt
1750 1668 1788 1722 di·

147 1786 213 1843 pore
235 1769 308 1832 erit;
330 1775 357 1820 ct
380 1765 437 1835 ipsc
463 1764 516 1817 crit
540 1761 675 1816 maximus
698 1759 819 1813 onmium
846 1770 940 1826 regum
959 1745 1065 1811 lirina
1084 1773 1199 1829 maguae,
1228 1766 1254 1812 et
1272 1759 1434 1815 terradahit
1453 1756 1681 1825 iructumsuum,
1711 1760 1789 1814 itaet

147 1871 176 1916 et
205 1859 327 1920 ultimus,
349 1854 396 1926 qui
420 1862 563 1924 postquam
585 1866 697 1922 rogatum
724 1864 802 1905 suurn
823 1846 941 1902 fideliler
991 1852 1074 1906 tritici
1094 1852 1323 1908 naorliusdenarro
1337 1868 1391 1905 aruo
1412 1851 1592 1916 venundetur,
1618 1852 1678 1907 sini
1697 1862 1725 1907 et
1735 1851 1786 1908 etot

148 1951 225 2024 [Cod.
243 1948 312 2012 lot„
324 1943 450 2017 feliciter]
464 1942 664 2015 gubernaverit,
689 1939 722 1995 ad
734 1938 859 1994 ultimum
875 1936 939 1992 ttie-
989 1943 1124 1999 similiter.
1150 1943 1226 1999 Tunc
1241 1951 1388 2013 exsurgent
1399 1944 1438 1999 ⁴nb
1459 1943 1594 2013 Aquilone
1606 1943 1789 2014 spurcissime

147 2040 309 2112 rosolymam
334 2036 433 2100 reniet,
460 2042 488 2087 ct
513 2032 540 2086 in
566 2040 658 2087 monte
681 2029 777 2086 Oliveti
803 2037 938 2099 sceptrum
988 2043 1092 2106 gentes,
1118 2049 1187 2105 quas
1199 2034 1353 2090 Alexander
1365 2051 1413 2089 rex
1425 2034 1577 2090 industria
1591 2032 1670 2091 noch
1683 2043 1712 2090 οι
1732 2034 1787 2090 Ι..

146 2140 174 2187 et
195 2145 323 2188 coronam
353 2142 428 2184 suam
456 2125 582 2194 deponet.
600 2122 650 2177 llic
675 2123 728 2176 crit
748 2119 809 2176 linis
827 2129 937 2176 etcou-
988 2125 1067 2197 goch.
1093 2124 1340 2197 llaecsuntriqinti
1369 2126 1422 2181 duo
1441 2125 1508 2198 [ile.
1528 2124 1608 2197 lien,
1632 2126 1787 2199 duodecimi

146 2220 292 2278 summatio
320 2217 504 2272 homanorum
525 2221 554 2270 et
577 2212 793 2268 Christianorum
819 2210 936 2282 imperii,
988 2231 1083 2287 regna,
1106 2231 1221 2285 quorum
1245 2230 1375 2271 „umerus
1404 2225 1446 2271 252
1476 2215 1548 2271 sicu,
1571 2231 1663 2272 mm
1695 2217 1785 2275 'm

145 2313 292 2370 secundum
309 2310 464 2380 praedictam
490 2304 611 2377 Apostoli
623 2304 784 2360 senteutiam
798 2303 938 2357 hildelini·
988 2304 1135 2374 anqcum
1146 2306 1264 2362 audieris
1276 2306 1461 2362 nomenoium
1476 2322 1535 2372 m,
1547 2319 1787 2366 convocamur.

145 2415 216 2463 stum
241 2406 335 2461 dicuut
360 2419 422 2457 mox
445 2400 612 2463 allaturum,
639 2407 667 2453 ct
690 2406 754 2452 tunc
781 2394 938 2451 reeclnbitur
987 2405 1043 2453 catu
1077 2396 1224 2454 debellabit
1257 2415 1317 2464 cos,
1341 2407 1369 2456 et
1395 2408 1550 2471 prosternet
1572 2417 1621 2457 eos
1644 2403 1787 2474 usquead

145 2497 190 2554 ille
220 2495 422 2567 homopeeeoti
449 2492 633 2548 Antichristus
656 2490 793 2555 uidelicet,
816 2489 938 2560 quilicet
987 2489 1212 2546 internecionem.
1231 2489 1401 2561 illesemper
1416 2493 1598 2562 babebitprae
1611 2493 1786 2552 oonhssefl.
1842 2526 1844 2531 s

144 2590 226 2647 homo
238 2587 287 2655 sit,
312 2586 374 2642 lons
399 2583 560 2640 tameucrit
589 2583 710 2636 omnium
738 2588 935 2652 peccatorum:
986 2591 1093 2650 pturam
1117 2581 1153 2638 ita
1174 2583 1308 2640 dicentem
1325 2602 1332 2639 ι
1349 2584 1406 2639 lies
1430 2584 1614 2641 iloamnorum
1632 2602 1718 2645 omas
1735 2589 1786 2645 sibl

143 2681 256 2752 etlilium
282 2679 445 2751 perditionis,
472 2677 524 2732 hoc
553 2686 606 2741 cst,
634 2675 706 2731 itlius
727 2672 867 2746 diaboli[b
883 2689 936 2729 nou
986 2673 1108 2730 vindicet
1124 2690 1238 2746 reguum
1254 2683 1402 2731 terrarum.
1425 2677 1526 2733 Omnes
1550 2692 1620 2749 crgo
1647 2678 1788 2737 haesisset

144 2791 192 2846 per
208 2782 342 2836 naturam,
363 2771 410 2827 sed
430 2786 479 2841 per
492 2766 693 2840 unitatioueml,
707 2768 770 2839 quia
784 2780 833 2837 per
845 2767 936 2821 omrria
987 2766 1113 2822 civitates
1135 2767 1296 2834 derustnbit,
1322 2778 1350 2823 et
1367 2769 1493 2825 universa
1520 2769 1659 2828 idolorum
1686 2773 1785 2843 mnrph

141 2866 301 2938 adimplebit
317 2865 415 2922 diaboli
434 2864 616 2926 voluutatcm3
647 2862 710 2932 quia
726 2860 866 2931 plenitudo
879 2860 937 2915 dia·
987 2860 1117 2922 destruet,
1139 2871 1167 2916 et
1177 2876 1274 2917 omnes
1286 2876 1407 2933 paganos
1420 2863 1455 2917 ad
1469 2863 1637 2933 baptismum
1650 2881 1782 2949 morees-

143 2957 237 3016 totino
261 2955 404 3028 potestatis
431 2963 460 3009 ct
482 2954 564 3009 totius
591 2952 719 3007 malitiosi
741 2951 841 3020 ingenii
860 2951 887 3005 iu
904 2966 936 3005 co
987 2953 1038 3018 hit,
1064 2962 1092 3010 ct
1102 2969 1152 3024 per
1179 2954 1270 3009 onmia
1299 2954 1398 3025 templa
1422 2971 1489 3011 cmx
1512 2954 1616 3012 Christi
1642 2958 1782 3031 erigetur:

143 3050 278 3108 bibinen
305 3048 358 3124 [Al.
389 3048 452 3103 odd.
482 3044 670 3117 corporaliter]
689 3063 695 3099 :
716 3045 741 3098 in
773 3058 829 3113 qun
854 3049 935 3098 crunt
986 3044 1070 3102 Judtei
1097 3047 1179 3103 etiam
1202 3055 1266 3102 tunc
1282 3055 1477 3104 convertentur
1502 3048 1536 3104 ad
1561 3048 1720 3108 Dominum.
1749 3051 1782 3108 ln

142 3157 237 3200 omnes
264 3141 385 3199 thesauri
406 3139 516 3196 malitie
537 3146 565 3194 et
588 3137 737 3207 iniquitatis
768 3134 930 3192 absconditi.
986 3135 1077 3191 diebus
1095 3137 1308 3194 illirrolooditnr
1328 3137 1413 3204 ludo,
1430 3150 1455 3195 et
1474 3139 1561 3196 lornei
1576 3143 1777 3199 habitabitur·

142 3236 195 3303 nat
222 3237 386 3300 odoerrotur,
409 3234 502 3299 idest,
530 3232 684 3287 contrarius
696 3239 739 3286 est
751 3229 862 3286 Cirristo
878 3229 934 3284 Deo
984 3226 1098 3294 fidenter
1125 3226 1234 3299 (ierem.
1266 3244 1347 3294 ιιιιι,
1368 3228 1424 3302 to).
1453 3229 1575 3300 larpietis
1601 3229 1781 3290 austrober-

140 3336 169 3383 ιι
184 3327 310 3382 omatibus
327 3325 456 3381 membris
473 3323 540 3392 ejus.
555 3322 588 3376 m
608 3321 753 3384 extollitur,
765 3320 791 3376 id
811 3329 864 3384 est,
877 3321 932 3376 cri·
985 3329 1042 3375 tum
1070 3321 1212 3376 duodecim
1236 3319 1300 3394 [lis.
1320 3320 1398 3394 liep„
1417 3323 1573 3384 duodecim,
1590 3341 1646 3379 one.
1660 3322 1780 3398 eentum}

139 3416 214 3488 gitur
224 3416 250 3469 in
271 3416 435 3485 superbiam,
448 3432 529 3484 supro
542 3430 618 3468 omne
636 3413 707 3484 qnod
730 3413 829 3466 dicitur
852 3411 931 3475 Deos,
984 3411 1059 3480 regni
1075 3411 1134 3480 ejus
1144 3410 1223 3467 antris
1236 3412 1324 3468 reniet
1340 3412 1509 3468 llicrusalom
1530 3424 1559 3471 et
1570 3415 1620 3480 lbi,
1632 3423 1666 3471 ut
1679 3415 1780 3472 dictum

141 3505 222 3562 idest
236 3504 260 3577 [ο
288 3518 369 3575 supra
388 3519 482 3559 ornnes
499 3515 619 3568 sanctos,
632 3503 678 3574 qui
695 3503 844 3558 secunlum
856 3501 933 3556 Psal·
983 3510 1035 3565 est,
1052 3501 1175 3570 deposito
1189 3500 1341 3557 diademate
1353 3502 1489 3573 relinquet
1503 3504 1558 3560 lieo
1578 3504 1691 3562 Patrlet
1711 3505 1782 3562 Filio

142 3598 251 3652 mistam
270 3595 305 3650 dii
333 3595 485 3650 dicamur:
510 3593 652 3666 Epodiri,
679 3594 717 3649 dii
743 3596 806 3650 ertit
842 3593 929 3664 (Psoi.
983 3589 1042 3660 ejus
1056 3590 1166 3646 Christo
1193 3591 1257 3647 lesu
1284 3608 1396 3664 regnum
1421 3593 1653 3662 Christianorum,
1670 3609 1700 3654 et
1724 3598 1775 3654 erit

141 3688 284 3761 uictred).
310 3687 368 3761 l'el]
383 3704 465 3759 supra
485 3705 581 3751 omues
594 3689 660 3744 deos
680 3688 812 3759 gentium,
831 3689 932 3746 llcrcu-
983 3681 1206 3754 sepulcrumcjus
1219 3683 1377 3753 gloriosum.

141 3783 194 3837 lem
214 3781 349 3844 uidelicet,
375 3781 537 3852 Apollinem,
554 3780 660 3846 lovem,
675 3781 850 3849 ilcrcurium,
863 3799 931 3853 quoe
1018 3795 1094 3851 'pune
1108 3796 1251 3851 mutentur
1268 3797 1437 3854 inmundum
1449 3800 1502 3856 duo
1516 3801 1607 3872 mgni
1629 3804 1776 3873 mm.

140 3874 237 3949 imbibi
261 3874 327 3931 (¹⁸⁰⁸
351 3888 413 3929 ‘⁸⁵0
434 3874 601 3929 eilsliffiissi
629 3873 717 3943 Super
743 3888 838 3930 ⁰¹1¹¹l⁰⁸
865 3877 932 3930 ¹⁸¹⁰⁸
983 3888 1095 3944 Elirset
1112 3888 1215 3954 Enoch,
1233 3889 1702 3962 quioontraiurpetumAnticbristi
1715 3895 1779 3951 dde-

141 3961 361 4019 deosextolletur
374 3960 648 4051 Antichristusquia
664 3962 932 4033 majoremctiortio·
983 3979 1022 4034 pes
1037 3979 1134 4035 divinis
1151 3980 1235 4035 „mis
1249 3982 1440 4050 pmmuniem,
1464 3994 1492 4040 οι
1519 3985 1729 4053 instruentem,
1750 3997 1778 4044 a

141 4072 198 4114 rem
207 4071 236 4114 se
247 4055 372 4112 omnibus
384 4054 465 4112 saciet
480 4073 486 4108 ι
501 4063 529 4110 ιι
545 4070 597 4110 aon
616 4054 702 4110 solum
717 4069 799 4126 super
809 4055 871 4122 hos,
884 4057 931 4112 sed
983 4068 1183 4134 confortabunt,
1197 4077 1224 4125 ιι
1239 4072 1429 4142 properabunt
1442 4071 1468 4147 [ι
1487 4074 1649 4150 electos1ad
1667 4079 1772 4134 hellam.

140 4148 224 4209 etiam
234 4163 314 4218 supro
327 4162 402 4200 omne
416 4143 635 4216 quadromonte
647 4152 700 4211 est,
716 4160 797 4217 supra
807 4157 931 4204 carreiam
985 4163 1088 4217 rTunc
1114 4160 1269 4232 implebitur
1288 4161 1431 4235 Scriptura
1457 4182 1518 4238 qum
1535 4168 1604 4224 dicit
1619 4190 1627 4225 ι
1641 4169 1674 4228 Si
1699 4172 1775 4244 {uerit

112 4312 114 4317 Ι
141 4240 315 4303 Trinitatem,
337 4252 398 4308 quae
420 4236 478 4291 sola
504 4236 614 4292 colenda
631 4246 659 4291 et
674 4237 810 4293 adoranda
826 4247 879 4306 cst,
902 4248 932 4294 ut
983 4267 1105 4309 „omens
1120 4251 1238 4322 filiorum
1253 4253 1339 4309 lsrael
1354 4257 1425 4312 sicut
1441 4274 1523 4314 omna
1547 4263 1643 4328 merie,
1662 4262 1775 4335 reliquie

110 4336 113 4343 ’
141 4331 254 4389 Creator
274 4333 309 4387 ab
329 4331 402 4385 omiti
436 4338 560 4385 creatura
587 4344 646 4385 sua.
666 4330 704 4384 lta
722 4331 930 4398 seextollel,ut
981 4343 1136 4413 „inrepens
1155 4342 1244 4416 (Rom.
1261 4359 1300 4410 rx,
1330 4345 1388 4418 ιι).

119 4427 168 4481 ,ιιι
194 4423 288 4495 templo
311 4422 359 4478 liei
387 4422 487 4485 ιιιιιιι,
511 4420 649 4475 osteudens
671 4438 710 4485 re,
737 4430 864 4493 tuaquom
893 4424 970 4511 rito
1016 4435 1162 4504 Postquam
1174 4448 1240 4490 vero
1255 4435 1426 4508 impleverint
1445 4441 1667 4513 predicationem
1688 4459 1773 4508 suan,

110 4515 222 4572 ·Deur.
251 4513 318 4570 Nam
335 4514 406 4569 sicut
431 4511 656 4584 supradiximus,
687 4512 714 4567 ia
741 4512 852 4569 ciuitate
880 4513 932 4568 lla·
982 4528 1103 4596 immet
1119 4524 1302 4585 micham,
1317 4528 1344 4585 jn
1361 4543 1418 4596 Μ,
1443 4537 1473 4586 a
1494 4531 1643 4590 interficiet
1657 4534 1683 4601 ,ν
1708 4535 1774 4592 sim

179 4647 289 4704 ¹liant:
313 4648 483 4718 prophetiam
505 4646 636 4703 famosam
666 4647 775 4719 quidem
799 4658 828 4705 di
852 4652 931 4708 simul
982 4660 1101 4717 christus
1124 4660 1224 4723 veniat,
1245 4669 1273 4715 et
1303 4670 1388 4716 totum
1408 4663 1489 4719 simul
1515 4665 1668 4723 humanum
1690 4684 1772 4740 penos

141 4719 285 4790 insipidam
304 4730 382 4773 uocat
395 4719 426 4772 b.
452 4719 539 4774 ttircr.
555 4718 625 4773 llist.
650 4720 690 4775 lit.
714 4720 847 4786 Franciae.
864 4733 929 4781 torn.
967 4746 1031 4785 suo
1058 4746 1152 4787 errore
1172 4731 1287 4801 decipiat
1308 4741 1336 4787 ct
1354 4735 1537 4801 perdonante
1562 4733 1623 4804 ejus
1651 4748 1771 4795 exortum

141 4791 185 4856 l'i,
209 4806 241 4860 pa
263 4829 270 4842 .
296 4789 358 4854 teo,
374 4790 405 4843 b.
431 4790 456 4844 lc
481 4786 559 4856 licui,
588 4789 694 4845 liecueil
715 4793 748 4846 de
761 4794 815 4847 dir.
840 4797 929 4862 ecrite,
981 4801 1134 4873 daonragui
1151 4803 1290 4874 prophete
1300 4804 1443 4859 mittentur
1456 4806 1638 4874 inmundum,
1654 4829 1664 4863 ι
1683 4810 1772 4866 Enoch

141 4871 208 4917 rom.
234 4806 265 4924 d,
290 4876 351 4931 pag.
365 4858 411 4926 ll,
427 4869 495 4927 not,
510 4859 646 4944 observat,
667 4861 740 4946 illam
763 4879 816 4919 nou
834 4865 883 4946 legi
902 4869 929 4949 iu
980 4883 1009 4927 ιι
1030 4873 1111 4938 Elias,
1136 4883 1201 4936 etc..
1231 4881 1261 4926 ut
1283 4872 1365 4939 inira,
1386 4877 1566 4946 omissisque
1582 4895 1619 4934 ex
1639 4880 1772 4954 sibyllinis

139 4930 288 5002 exemplari
313 4931 385 5002 quod
408 4941 535 4987 serretur
559 4947 584 4985 ιιι
610 4932 720 4989 abbana
750 4931 779 4990 S.
809 4931 927 4993 Victoris
978 4942 1160 4998 versibushic
1182 4943 1340 4999 alleruutur.
1401 4990 1404 4994 Α

140 5002 262 5060 Parisiis.
1015 5011 1026 5051 ¹
1049 5012 1164 5068 ExCozl.
1192 5011 1252 5068 Vnt.

178 5076 191 5115 b
217 5072 312 5130 Omitt.
327 5073 353 5128 iu
364 5080 433 5145 Arrg.
1015 5083 1071 5138 ⁸lu
1095 5086 1156 5139 cml.
1169 5085 1231 5139 l'at.
1242 5091 1271 5138 et
1284 5083 1324 5138 Au
1345 5125 1351 5138 .
1379 5087 1604 5146 perimerentur
1620 5105 1629 5146 ι
1645 5110 1656 5143 r
1672 5092 1773 5148 [locem

175 5155 187 5184 ⁶
208 5145 293 5200 Omitt
307 5145 334 5199 in
348 5144 408 5200 cod.
423 5143 484 5200 lat.
978 5163 1019 5210 tes
1042 5162 1070 5210 et
1103 5156 1262 5212 radicantes
1288 5155 1321 5211 tr'
1344 5172 1376 5212 us
1403 5159 1482 5215 aunis
1502 5169 1530 5214 et
1547 5159 1685 5225 dimidio:
1705 5163 1774 5218 iiiior

175 5215 189 5255 ὸ
207 5215 246 5270 Er
261 5217 322 5272 cod.
339 5215 406 5287 lieq.
421 5214 526 5288 etAug.
978 5231 1067 5281 autem
1081 5171 1174 5289 Eruci,
1194 5226 1348 5298 quicunque
1360 5227 1389 5283 iu
1403 5237 1522 5299 tempore
1534 5227 1640 5289 inerint
1659 5235 1771 5299 inrmti,

176 5296 189 5326 ⁰
210 5285 344 5359 decipient
357 5286 501 5342 diabolum.
526 5286 554 5342 ln
566 5285 625 5342 coel.
643 5287 705 5343 Vct.
719 5295 747 5341 et
756 5289 826 5357 apud
840 5287 931 5344 lioba-
979 5294 1007 5349 hi
1027 5294 1080 5349 duo
1105 5296 1193 5365 magni
1221 5297 1359 5367 prophete
1380 5305 1409 5353 et
1429 5298 1556 5356 doctores
1574 5302 1608 5357 ad
1623 5302 1688 5360 tidei
1713 5320 1769 5376 sn-

140 5358 255 5413 uumita
277 5357 417 5430 pergitur:
437 5357 658 5413 ‹Sireetiamiu
676 5358 776 5428 templo
792 5359 927 5414 lieiserle·
979 5364 1044 5419 tiam
1070 5375 1238 5431 contrectent,
1262 5376 1327 5421 cta
1358 5383 1486 5436 pressura
1509 5373 1579 5427 tenti
1606 5376 1727 5430 turbinis
1745 5375 1772 5430 iu

139 5422 180 5480 bit
203 5427 400 5494 Antichristus,
415 5429 443 5484 id
474 5436 525 5491 est,
550 5429 576 5485 in
598 5437 692 5484 sancta
711 5428 843 5495 Ecclesia,
869 5445 928 5485 onr-
1014 5444 1054 5490 rte
1066 5435 1214 5492 electorum
1227 5437 1420 5508 insuperabiles
1436 5440 1559 5498 mddeot
1584 5444 1771 5518 Tuneimple·

140 5510 189 5551 nes
206 5499 375 5557 Christianos
389 5501 501 5570 cupiens
516 5499 607 5556 iacere
620 5509 770 5572 martyrem
788 5509 816 5556 et
838 5500 928 5557 clera·
998 5504 1052 5560 itur
1066 5505 1205 5578 Scripurra
1227 5528 1251 5572 ι,
1277 5521 1330 5563 ιιι.

141 5564 215 5622 bitur
237 5580 266 5625 et
292 5569 521 5642 magnificabitur,
543 5579 570 5625 et
582 5569 610 5625 in
626 5571 684 5641 ipso
697 5570 750 5626 erit
763 5580 846 5641 caput
871 5588 927 5626 om·
1012 5577 1027 5617 ¹
1046 5575 1112 5632 Cod.
1136 5577 1195 5632 ilat.
1212 5591 1220 5631 ι
1235 5595 1245 5630 ι
1261 5577 1406 5649 Postquam
1427 5595 1494 5652 ergo
1514 5598 1566 5654 per
1579 5593 1637 5642 ιιιι
1650 5597 1773 5644 ιιιιοιιι

140 5637 215 5691 nium
234 5641 365 5695 malorum
383 5640 515 5705 diabolus,
531 5642 577 5710 qui
598 5649 640 5697 cst
658 5656 704 5698 rer
724 5655 806 5710 super
831 5657 926 5698 omnes
977 5645 1117 5702 dimidium
1131 5648 1348 5718 predicationem
1361 5665 1439 5706 suam
1453 5655 1643 5726 compleverit,
1656 5674 1719 5714 mor
1731 5659 1772 5714 in·

141 5707 210 5766 lilios
237 5710 371 5784 superbie
391 5729 397 5766 :
415 5711 463 5766 sed
481 5726 515 5765 ne
529 5712 619 5767 subito
638 5710 827 5784 etimprorise
848 5711 926 5769 Anu*—
976 5717 1058 5788 cipict
1071 5719 1268 5777 excandescere
1288 5721 1449 5778 Antichristi
1469 5728 1638 5796 pensans,
1661 5736 1772 5787 moos-
