3780 6120
71 271 124 332 {Ni
393 269 577 327 ENNUEBEN
596 267 751 326 bisseni.
773 269 817 324 DE
836 266 975 324 lebussi
992 266 1150 323 Etleta'bl
1169 266 1213 324 El
1230 266 1370 324 FELICIS.
1649 267 1703 328 tle

69 389 171 444 minem
182 384 288 441 adorari
296 399 358 440 eum
367 383 465 450 [temet
475 397 541 454 ceap
576 383 636 439 llari
647 381 859 449 lleumomnino
873 386 898 448 Α
912 382 985 439 ιιιιιιιι
1004 384 1127 440 venerari
1145 383 1297 451 conliteris,
1321 399 1382 438 enm
1404 391 1493 438 tamen
1508 382 1648 450 formides,
1671 395 1703 443 ut

69 467 113 515 εει
123 456 249 514 eonliteri
260 456 327 510 duos
336 455 495 519 adorandos,
509 468 542 508 ve
561 454 641 509 etiam
655 454 726 508 inter
739 468 769 508 se
781 467 860 524 ceap
910 454 1014 519 dixisti,
1033 469 1066 509 ne
1085 454 1248 512 hominicola
1268 470 1328 511 csse
1349 455 1486 509 videaris?
1503 452 1556 510 Sed
1572 456 1655 511 lrabet
1668 456 1705 512 ad

69 527 220 599 pellendos.
240 545 249 579 ι
273 523 352 580 Τοιιι.
375 525 494 580 VConc.
513 524 566 579 eol.
579 524 623 578 st.
645 524 679 579 Et
699 524 726 578 in
749 537 860 593 respon-
911 525 962 580 hoc
978 523 1106 594 aliquam,
1125 533 1155 580 ut
1172 525 1228 596 ipse
1243 533 1328 596 putat,
1348 531 1455 580 acuenu
1478 525 1701 594 responsionem:

68 598 146 654 aione
167 599 201 651 ad
219 595 454 666 reprehensionem
470 593 636 649 Theodorou
660 594 748 659 docet,
771 609 804 649 ex
827 607 860 648 eo
910 592 977 649 Nam
992 603 1121 664 tanquam
1144 593 1303 663 conjunctus
1320 597 1469 650 assumenti
1489 595 1569 650 simul
1586 596 1703 665 appella-

68 669 142 739 quod
156 668 240 722 homo
252 673 406 735 assumptus
425 681 485 721 eum
501 664 589 720 Verbo
610 663 758 734 appelletur
777 663 858 746 licus,
910 673 954 720 tur
971 663 1064 720 Deus:
1087 668 1222 748 quomodo
1240 673 1395 735 assumptus
1419 673 1474 729 est,
1496 665 1633 791 eloquere,
1656 676 1704 722 aut

68 753 118 795 seu
141 735 324 808 nuncupative
348 743 451 790 tantum
475 734 536 788 talis
553 735 599 799 sit,
624 733 767 789 manileste
783 748 859 802 acqua
929 750 1026 789 uuuaru
1040 744 1201 805 conpunctus
1214 744 1256 791 est
1270 734 1449 793 nedolNam
1462 735 1533 807 siqui
1552 753 1595 792 eru
1609 752 1704 792 secun·

67 808 190 864 Verbum
202 807 313 878 proprie
323 806 374 863 sibi
384 821 438 861 non
450 805 552 859 uniisse
566 813 688 859 naturam
703 804 859 869 humanam,
910 751 973 859 Sum
995 820 1088 861 veram
1112 805 1258 870 unionem,
1282 804 1354 860 illam
1378 807 1524 862 secundum
1544 808 1704 878 hypostasin

66 888 96 935 ει
115 877 319 933 Ειιιιιιιιιιιειειιι
338 891 398 932 εεεε
415 890 513 946 pamm
528 874 664 929 homiuem
687 875 765 929 nobis
785 873 859 928 simi·
910 874 970 931 dieo
983 891 990 941 ;
1005 875 1098 931 desine
1116 875 1224 931 tandem
1237 876 1340 930 unitam
1354 875 1494 933 dividere:
1511 885 1539 932 et
1552 886 1710 960 opportune*

66 948 132 1005 lem.
157 946 337 1016 «Siquidem,
360 947 456 1015 inquit,
474 945 530 1014 ipse
547 944 709 1000 lleussimul
728 944 858 1010 ethome,
908 946 991 1000 etiam
1016 961 1032 1001 a
1058 945 1137 1001 nobis
1159 944 1265 1001 dicetur
1290 945 1337 1000 tibi
1360 946 1526 1002 individuum
1551 949 1701 1004 dividenti:

67 1028 95 1075 et
107 1018 240 1074 adoratur
254 1017 325 1073 siem
345 1032 416 1071 unus
435 1015 591 1071 adoratione
605 1030 668 1079 uua,
690 1022 717 1069 et
736 1029 789 1069 non
813 1027 860 1068 eo·
910 1013 987 1082 Quod
1003 1033 1064 1088 erpo
1083 1014 1155 1071 Deae
1172 1015 1326 1086 conjunxit,
1342 1018 1419 1071 homo
1432 1033 1463 1072 ιιε
1478 1017 1579 1072 diuidet
1591 1017 1707 1088 (North.

67 1088 211 1154 adoratur,
227 1096 255 1142 et
275 1087 356 1143 simul
370 1085 519 1157 appellatur
536 1085 628 1140 Deus:
649 1099 683 1140 ne
701 1083 860 1139 Errrnaauuel
909 1086 977 1156 xlx).
997 1085 1045 1140 Sin
1059 1086 1280 1155 assumptionem,
1296 1101 1342 1142 seu
1356 1086 1573 1156 conjunctionem
1587 1104 1649 1144 esse
1663 1088 1704 1143 di·

67 1159 199 1215 eredatur
218 1172 279 1214 esse
296 1158 377 1213 bomo
391 1155 558 1225 simpliciter,
576 1164 604 1210 et
625 1155 775 1210 commannis
790 1153 860 1209 sicut
908 1157 948 1210 eis
961 1165 1102 1211 externam
1126 1171 1158 1211 ae
1183 1155 1340 1221 relativam,
1363 1158 1498 1226 quomodo
1515 1172 1568 1212 non
1584 1159 1705 1214 advertis

66 1244 137 1292 taos,
162 1237 256 1300 etpcr
322 1232 389 1283 tiam
412 1226 508 1282 divinae
528 1225 788 1297 glorimpurticeps3
811 1223 858 1279 sed
909 1226 1027 1282 innubis
1046 1226 1128 1281 etiam
1146 1241 1207 1281 esse
1225 1226 1330 1292 lleum;
1349 1236 1376 1281 et
1395 1243 1443 1282 uos
1460 1229 1497 1282 illi
1515 1229 1640 1298 coujrmgi
1657 1245 1702 1283 re·

66 1298 250 1354 conliteamur
273 1244 349 1354 fflm
371 1298 460 1369 potius
483 1295 567 1349 ileum
594 1296 621 1350 in
645 1310 727 1350 carne
748 1302 860 1375 propter·
908 1295 1003 1362 latire,
1026 1304 1054 1352 et
1072 1296 1218 1366 participes
1231 1312 1281 1352 nos
1294 1297 1379 1352 laetos
1396 1312 1457 1353 esse
1471 1299 1568 1354 divinae
1582 1297 1641 1367 ejus
1656 1315 1703 1352 aar·

66 1384 127 1434 uos,
151 1369 180 1424 id
195 1378 246 1430 est,
266 1384 331 1424 rere
346 1367 483 1424 homiuem
500 1365 612 1433 laetum,
634 1381 688 1421 non
709 1372 859 1419 mutatione
908 1374 975 1421 turae
985 1367 1015 1420 ι.
1030 1406 1058 1420 ..
1079 1367 1115 1421 Ει
1133 1382 1213 1422 οιιοε
1230 1382 1338 1437 quoque
1350 1382 1383 1421 er
1398 1368 1532 1422 sententia
1542 1368 1622 1424 simul
1638 1384 1699 1423 eum

66 1447 175 1495 tratum
190 1439 345 1495 secundum
362 1436 549 1493 alterationem
567 1444 595 1491 et
614 1437 786 1498 versionem,
810 1434 858 1488 sed
908 1434 999 1492 illurn
1014 1446 1109 1491 natura
1161 1437 1230 1492 odii
1241 1437 1356 1500 erimus,
1378 1445 1459 1507 atque
1470 1437 1640 1503 vocabimur,
1654 1454 1702 1493 no·

65 1508 178 1571 unionis
191 1509 400 1582 dispensatione.
417 1527 427 1561 ι
451 1506 550 1561 lbidem
569 1506 620 1563 col.
638 1507 689 1561 lte
700 1513 727 1561 et
740 1503 785 1558 ιι.
807 1504 858 1559 lle·
907 1506 1003 1577 bisque
1014 1506 1136 1563 llcctetur
1145 1523 1226 1564 omne
1239 1523 1319 1578 gerru,
1333 1516 1386 1562 ete.
1398 1527 1407 1559 ι
1419 1507 1495 1562 Τυιιι.
1509 1508 1542 1563 lll
1560 1507 1641 1578 Oper.
1655 1508 1702 1562 iol.

64 1594 144 1634 mum
158 1579 221 1635 libr.
243 1595 264 1634 rr
277 1580 407 1635 adversus
423 1576 577 1633 Nestorium
591 1578 726 1632 dicentem
740 1593 747 1628 ε
775 1591 785 1625 r
799 1572 856 1630 Non
907 1575 1039 1633 hilerda.

64 1659 109 1706 εει
125 1664 178 1719 per
190 1665 220 1705 se
240 1649 321 1716 bears,
341 1649 412 1720 quod
426 1655 468 1702 est
485 1648 512 1702 iu
530 1655 608 1703 utero
629 1645 793 1711 formatum
807 1683 814 1698 .
827 1683 856 1699 ..
943 1647 1007 1702 lllll.
1025 1647 1093 1703 Cum
1106 1663 1171 1705 vero
1184 1648 1219 1705 ad
1228 1648 1439 1704 confirmandam
1451 1647 1612 1704 sententiam
1626 1664 1703 1706 suaru

64 1721 114 1775 aed
128 1720 194 1791 quia
206 1728 250 1775 εει
262 1721 289 1774 ιιι
308 1724 446 1788 assumpto
463 1717 543 1783 Deus,
567 1732 601 1773 ex
621 1724 786 1781 assumente,
809 1715 856 1784 qui
872 1733 895 1794 Β
910 1717 1086 1774 abuterentur·
1103 1719 1256 1775 Nestoriani
1277 1719 1395 1775 textibus
1410 1718 1574 1789 Scripturas,
1603 1720 1703 1790 quibus

63 1800 107 1846 est
121 1805 214 1847 assum
235 1798 286 1852 tus,
307 1798 435 1859 tauquam
456 1789 602 1844 assumenti
621 1787 795 1858 conjernctus,
818 1786 857 1840 si·
911 1788 1033 1844 homines
1050 1790 1184 1846 interdum
1201 1787 1238 1844 dii
1257 1798 1398 1856 vocantur,
1417 1798 1499 1859 prout
1512 1789 1619 1860 llepses
1637 1790 1704 1846 deus

64 1860 123 1916 mel
134 1875 204 1930 appe
224 1869 285 1914 ‘tur
297 1859 386 1915 Deus:
406 1879 415 1911 ι
437 1858 581 1928 respondet
593 1857 708 1929 Cyrillus
732 1864 858 1910 naturam
910 1856 1058 1914 Pharaonis
1070 1860 1220 1931 appellatus
1233 1870 1283 1925 cst,
1299 1859 1393 1915 eadem
1406 1860 1463 1915 lere
1477 1860 1582 1915 ratione
1595 1876 1705 1932 respon-

65 1930 213 1986 humanam
235 1931 328 2000 utique
349 1945 398 2001 per
416 1928 626 1997 assumptionem
645 1928 736 1984 Verbo
758 1925 857 1981 iactam
908 1927 955 1983 det
968 1928 1102 2001 cyrillus,
1127 1930 1221 2000 aitque
1240 1929 1302 1985 libr.
1327 1945 1347 1986 ιι
1372 1931 1503 1986 adversus
1527 1929 1702 1988 Nestorium:

64 2014 126 2057 ειιε
137 2001 287 2072 propriam,
303 2000 422 2070 illudque
440 2007 494 2053 tam
508 2014 605 2069 parum
618 2009 679 2068 post
695 1995 858 2052 incarnatio-
912 2017 921 2049 r
940 1998 1009 2066 Quid
1027 2001 1117 2056 diois?
1139 1999 1259 2066 Qualem*
1271 2015 1426 2056 sermonem
1440 2009 1550 2056 eructas
1569 2002 1603 2057 de
1621 2003 1704 2060 eorde

64 2085 127 2126 urm
150 2072 187 2127 ab
201 2087 233 2127 ea
251 2070 397 2140 separatim
418 2069 531 2141 eogitari
545 2082 634 2149 posse,
654 2081 735 2140 quam
749 2080 856 2148 pamm,
911 2076 968 2133 tao,
982 2084 1035 2124 non
1051 2071 1086 2125 ab
1102 2085 1151 2127 ore
1163 2070 1283 2135 Dourini,
1303 2080 1333 2125 ut
1346 2071 1477 2194 scriptum
1492 2071 1555 2127 est?
1569 2068 1655 2129 Nemo
1667 2073 1705 2128 di-

64 2141 243 2198 sihominem
258 2139 444 2211 appellareris,
463 2139 553 2194 anima
567 2154 627 2207 epus
649 2150 790 2206 aeorpore
803 2136 857 2191 dra-
910 2140 948 2194 cit
959 2140 1103 2195 anathema
1119 2140 1222 2205 lesum,
1237 2140 1289 2196 nisi
1304 2141 1331 2195 in
1346 2141 1399 2196 llee
1411 2141 1508 2197 zebub.
1534 2140 1569 2197 Ut
1581 2141 1706 2214 intelligi-

63 2210 156 2280 itmcta
171 2210 340 2267 considerari
353 2221 443 2280 queat,
466 2217 497 2263 ut
517 2209 595 2278 proin
608 2206 750 2271 cbristus,
775 2207 857 2261 etiam
911 2216 965 2275 tur,
986 2210 1060 2264 verbi
1073 2212 1170 2291 gratia,
1181 2219 1229 2265 aut
1242 2211 1342 2265 dieitur
1355 2226 1370 2264 a
1385 2211 1464 2266 nobis
1476 2210 1549 2267 Deus
1560 2211 1619 2282 ipse
1633 2212 1706 2339 biol-

101 2290 199 2337 ειειιιιε
208 2282 290 2336 homo
302 2289 352 2345 cst,
371 2280 442 2336 Deus
454 2294 536 2334 verus
549 2287 577 2334 et
594 2293 647 2333 non
660 2276 857 2347 nuncupativus
910 2294 975 2346 ses,
997 2279 1037 2334 sic
1051 2290 1133 2335 etiam
1146 2279 1292 2336 Christus?
1312 2280 1404 2345 ltine,
1422 2281 1465 2336 die
1484 2281 1550 2336 mihi
1563 2283 1598 2337 ad
1612 2283 1674 2338 simi
1687 2284 1705 2326 '-

108 2352 116 2406 i
130 2350 240 2408 debeat.
255 2350 321 2406 Dein
334 2351 381 2413 ait,
402 2364 523 2406 asserere
537 2348 674 2404 bominem
689 2354 857 2415 assumptum
910 2350 1030 2404 maliuem
1044 2349 1149 2406 israelis
1168 2361 1211 2406 est
1224 2352 1306 2407 etiam
1319 2350 1410 2407 lilius?
1429 2349 1451 2405 0
1466 2367 1598 2406 sunuuam
1612 2353 1708 2424 impie·

67 2422 159 2477 eadem
185 2436 247 2478 enm
274 2420 387 2492 reliquis
413 2420 568 2476 hominibus
595 2420 700 2474 ratione
728 2416 856 2486 appellari
910 2426 1009 2484 tartem,
1030 2422 1159 2486 everha,
1183 2436 1244 2491 qum
1266 2437 1317 2478 uec
1341 2421 1426 2491 ipsius
1448 2420 1596 2478 Salvatoris
1618 2427 1710 2481 nostrl

68 2490 159 2558 mum,
184 2491 255 2548 idem
269 2506 330 2546 esse
347 2507 380 2546 ae
396 2505 518 2546 asserere
536 2491 603 2546 duas
620 2490 648 2544 in
670 2488 778 2543 Christo
796 2501 857 2543 csse
927 2487 1022 2544 loriam
1037 2491 1189 2561 deprimere
1206 2493 1375 2546 veronlurl..
1391 2491 1458 2546 Nam
1479 2493 1577 2548 heatus
1598 2492 1705 2565 lloyses

68 2576 204 2630 personas,
224 2563 292 2617 duos
307 2562 395 2626 Deos,
421 2562 485 2632 quin
508 2569 536 2615 et
559 2560 647 2630 sequi,
671 2574 722 2614 uos
735 2556 856 2625 ejusdcm
909 2505 991 2615 Sento
1005 2568 1074 2626 erat,
1098 2576 1130 2615 ex
1145 2571 1243 2616 natura
1264 2560 1360 2617 similis
1374 2561 1465 2627 nohis,
1480 2561 1549 2617 nihil
1580 2571 1702 2620 rmterea.

70 2632 175 2688 moino
188 2646 251 2687 eum
265 2632 311 2686 illo
322 2632 431 2687 bomine
442 2631 579 2700 dignitatis
590 2645 660 2695 esse,
675 2643 755 2712 quom
767 2636 856 2682 tamen
909 2630 978 2697 Quia
990 2645 1056 2686 vcro
1069 2630 1178 2687 dicente
1194 2630 1251 2687 Neo
1265 2649 1271 2685 :
1291 2628 1367 2696 Veni,
1381 2633 1483 2686 mittem
1498 2641 1523 2687 te
1537 2578 1578 2687 adp
1585 2632 1705 2690 Plrerno-

72 2701 183 2758 Verbum
198 2703 278 2757 modo
317 2718 409 2757 torsus
431 2700 559 2756 inell'abili
577 2701 628 2757 sibi
644 2699 741 2755 univit.
767 2697 856 2754 Verba
909 2716 967 2755 aem
989 2717 1074 2771 repem
1095 2700 1215 2772 AEqqplt',
1238 2710 1263 2755 et
1281 2701 1376 2757 edaces
1396 2700 1466 2772 filios
1484 2700 1570 2757 lsrael
1587 2706 1619 2758 de
1633 2713 1705 2760 terra

72 2770 155 2843 epulti
170 2779 226 2827 tarn
237 2787 286 2842 pro
299 2773 369 2827 unda
380 2780 453 2839 sunt,
469 2780 499 2826 ut
510 2772 651 2826 materiam
663 2772 735 2826 hane
748 2783 857 2825 omnem
908 2770 1018 2841 AEpypli
1030 2769 1129 2843 (Erod.
1144 2771 1205 2843 vn).
1220 2770 1274 2827 Pro
1286 2771 1431 2827 recusandi
1443 2773 1592 2829 occasione
1603 2775 1705 2846 exiqui-

74 2842 223 2898 ethauaisse
244 2842 396 2898 rideantur.
424 2842 518 2910 «Quis
534 2843 606 2896 enim
629 2841 679 2913 (ita
698 2838 752 2910 ille)
779 2853 857 2908 pror·
908 2848 992 2914 tatem
1006 2841 1080 2896 vocis
1098 2841 1234 2908 obtrudit,
1253 2843 1484 2912 causatus,quod
1499 2843 1611 2899 minime
1632 2855 1707 2901 esset

76 2925 114 2968 ets
129 2914 183 2968 hoc
204 2912 295 2968 dicere
313 2921 356 2969 εει
377 2914 475 2968 aursus?
495 2911 550 2967 hut
570 2912 631 2982 quis
649 2909 783 2982 ignoravit
807 2923 857 2962 un·
907 2909 1037 2982 eloquens
1047 2912 1081 2966 ab
1091 2911 1151 2967 heri
1165 2919 1193 2968 ct
1205 2912 1304 2967 nudius
1320 2913 1428 2976 tertius,
1442 2912 1504 2969 ideo
1515 2912 1601 2969 Deum
1614 2914 1706 2970 dicen·

78 2996 155 3051 quau,
171 2983 246 3052 quod
266 2991 360 3038 natum
374 2992 459 3039 estex
478 2997 570 3047 came,
583 2995 694 3036 earnem
708 2979 788 3034 esse?
802 2977 856 3034 Sed
907 2990 962 3036 tem
974 2981 1096 3036 audivit:
1112 2980 1180 3035 Ecce
1191 2981 1288 3036 dedite
1303 2981 1386 3036 Deam
1398 2979 1557 3048 Pharaonis,
1577 2994 1601 3038 ει
1615 2983 1705 3039 Aaron

79 3060 153 3109 ιιιιιιι
172 3061 234 3109 erat
247 3054 356 3123 propria
369 3053 461 3120 Verbi,
480 3061 508 3107 et
527 3068 597 3107 unus
610 3066 671 3107 eum
694 3049 740 3105 illa
756 3049 857 3104 intelli·
870 3081 893 3145 c
908 3052 1064 3122 protectans
1079 3052 1129 3105 erit
1148 3051 1195 3105 tihi
1208 3052 1261 3106 inte
1295 3068 1335 3106 rea
1348 3050 1453 3124 (illm).
1466 3051 1575 3107 lulirma
1587 3069 1706 3124 namque

80 3121 146 3191 pur,
156 3131 189 3177 ut
201 3123 295 3195 procul
306 3123 398 3188 dnbio,
414 3123 639 3192 quemadmodum
654 3120 778 3191 superius
791 3119 857 3174 dini·
908 3129 952 3176 est
960 3121 1003 3176 lex
1014 3121 1050 3176 ad
1062 3121 1216 3192 quempiam
1231 3138 1246 3175 a
1280 3122 1360 3177 iaboli
1376 3122 1509 3178 servitute
1522 3122 1702 3179 liberandum.

80 3206 134 3257 ιιι,
156 3193 241 3249 etiarn
259 3193 376 3248 bominis
398 3194 486 3249 anima
504 3205 765 3261 cumsuoeorpore.
785 3190 857 3261 Ergo
908 3190 963 3247 Sed
983 3191 1011 3246 id
1035 3207 1142 3262 quoque
1169 3191 1318 3247 mediatore
1341 3191 1452 3247 Christo
1474 3192 1624 3262 perlectum
1651 3202 1705 3260 est,

80 3260 235 3334 tiqrispiam
256 3263 290 3318 de
309 3264 387 3318 nohis
399 3278 505 3334 quoqne
524 3263 615 3319 dicere
633 3262 698 3318 velit
720 3276 773 3316 non
795 3275 856 3316 esse
907 3259 1134 3333 quemadmodum
1153 3261 1259 3318 scilicet
1273 3277 1306 3317 co
1321 3270 1442 3332 tempore
1454 3261 1482 3317 in
1497 3262 1568 3334 AEgy
1588 3271 1625 3327 to,
1641 3279 1705 3320 curn

82 3331 200 3413 honinem
218 3334 307 3404 ipsum
326 3348 425 3403 eorpus
445 3349 494 3404 per
514 3347 564 3398 se,
581 3347 672 3388 norme
689 3329 857 3401 superfluens
907 3332 987 3389 beato
1000 3330 1085 3412 llloysi
1104 3331 1162 3403 ipse
1175 3332 1265 3389 Aaron
1280 3332 1378 3388 luisset
1392 3332 1552 3402 adjunctus,
1566 3279 1650 3388 farm
1663 3341 1706 3390 est

81 3416 101 3456 ιιι
113 3418 252 3469 sermone,
269 3411 297 3459 et
316 3420 404 3475 nugax
423 3405 520 3458 merito
534 3405 660 3459 dicetur?
680 3401 772 3471 Neque
784 3402 857 3456 cuim
907 3411 1066 3458 aservrtute
1081 3401 1221 3458 liberatus
1247 3401 1301 3459 Sed
1320 3403 1383 3473 quia
1402 3418 1532 3458 successu
1550 3412 1703 3474 temporum

108 3473 113 3485 '
178 3490 205 3529 ιιι
231 3483 378 3544 negaturus
396 3483 439 3530 est
459 3477 546 3542 ipsum
570 3490 619 3544 per
635 3489 665 3530 se
685 3487 784 3542 corpus
801 3487 856 3527 non
907 3471 1027 3528 suillium
1039 3481 1111 3538 erat,
1132 3481 1164 3528 ιιι
1174 3472 1299 3528 Christus
1313 3472 1396 3529 ctiam
1415 3474 1467 3529 sub
1483 3473 1541 3544 lege
1555 3473 1649 3541 lieret,
1664 3484 1706 3530 ut·

80 3486 289 3607 wulpem,
302 3544 348 3600 scd
363 3545 452 3614 potius
471 3545 587 3599 hominis
599 3559 699 3615 corpas
713 3541 775 3597 diei.
801 3540 856 3597 Sed
907 3550 969 3613 pete
988 3543 1074 3599 nostri
1090 3542 1199 3609 similis,
1221 3552 1249 3599 ει
1262 3545 1360 3610 homo,
1381 3543 1442 3599 ideo
1497 3553 1522 3600 st
1536 3544 1646 3615 lloysen
1665 3561 1706 3602 se

81 3623 248 3670 ιιιιοιειιιειι
266 3614 333 3669 duas
345 3615 372 3668 in
390 3623 481 3685 partes
498 3615 620 3670 dividens
632 3629 664 3668 ae
676 3614 788 3668 seorsim
805 3627 854 3682 po-
906 3613 1349 3684 cuudoloeoposituaestdaron.
1365 3613 1454 3684 Atque
1484 3630 1523 3669 aec
1537 3616 1703 3685 estquidam

80 3696 131 3741 lette
146 3685 266 3740 animam
282 3693 310 3740 ει
321 3700 430 3756 corpus,
454 3685 553 3740 dixerit
568 3699 686 3754 unquam
700 3698 799 3751 eorpus
810 3695 855 3737 eo·
907 3683 976 3738 ratio
995 3700 1022 3738 m
1041 3685 1127 3739 sterii.
1144 3683 1198 3739 Sed
1212 3693 1302 3740 tannen
1323 3684 1346 3740 ει
1363 3685 1425 3755 quis
1440 3685 1504 3740 vclit
1519 3685 1584 3740 illud
1597 3701 1705 3757 qunque

81 3752 198 3810 leucum
212 3755 304 3810 anima
314 3755 442 3826 appellari
454 3756 563 3811 nomine
577 3755 611 3808 ad
624 3769 707 3808 uuum
718 3752 856 3807 hominem
906 3753 1010 3819 dicere,
1023 3700 1134 3825 {lusson
1156 3753 1230 3808 illum
1243 3766 1370 3825 magnum
1385 3755 1474 3809 virum
1488 3755 1540 3810 hae
1553 3754 1602 3810 liei
1616 3757 1705 3826 appel·
1735 3825 1737 3829 7

80 3823 288 3894 fimihoeudum:
322 3838 409 3895 neque
436 3826 508 3881 enim
536 3834 616 3895 aptus
644 3823 698 3878 erit
722 3822 858 3894 ejusmodi
906 3821 1009 3879 latione
1022 3822 1108 3879 luisse
1121 3821 1293 3888 honoratum,
1315 3824 1393 3893 juxta
1409 3838 1555 3879 commune
1575 3824 1652 3890 illud,
1676 3835 1705 3882 et

80 3905 174 3962 uno,
196 3895 246 3951 sed
277 3895 368 3965 potius
399 3895 542 3965 imperitiae
572 3897 677 3965 plenus.
712 3890 766 3948 Sed
793 3906 862 3947 cum.
907 3893 1041 3965 engratia
1067 3900 1149 3963 atque
1165 3892 1364 3963 magnificentia
1380 3891 1430 3948 bet
1456 3894 1484 3949 in
1505 3909 1556 3949 nos
1574 3893 1702 3950 dictum:

79 3970 208 4036 utrunque
223 3966 373 4021 secuudum
387 3965 537 4021 naturalem
547 3966 674 4020 unionem
685 3962 857 4034 conjunxerit
906 3962 964 4034 Epo
976 3963 1042 4028 dini,
1058 3963 1104 4018 Dii
1122 3962 1183 4016 ertia
1197 3972 1221 4016 ει
1234 3960 1284 4032 filii
1299 3962 1404 4017 Encelai
1417 3978 1506 4017 omnen
1517 3980 1527 4027 ,·
1540 3979 1605 4018 num
1619 3965 1702 4020 ctiam

80 4032 108 4088 td
119 4036 196 4092 ιιιιιιιε
210 4035 329 4090 ιιοιιιιιιιε
351 4036 581 4102 εειιειιιιιιιοιιειιι,
600 4043 660 4090 tum
677 4033 785 4089 demum
805 4032 856 4087 ho·
907 4034 959 4089 hoc
971 4034 1051 4090 modo
1065 4032 1188 4089 Christus
1203 4041 1245 4088 est
1254 4032 1349 4088 Deus?
1364 4029 1425 4087 Jarn
1438 4047 1515 4097 vero,
1529 4035 1664 4104 quomodo
1674 4037 1702 4092 id

81 4103 196 4162 ulnam
269 4105 335 4172 abit,
359 4120 410 4161 nec
430 4106 565 4160 videbitur
584 4107 676 4175 inepte
688 4097 857 4172 absurdeque
907 4104 1011 4159 nonsit
1028 4103 1146 4167 insania,
1168 4111 1197 4159 et
1216 4103 1296 4158 inane
1317 4102 1406 4159 stultae
1424 4104 1525 4159 mentis
1546 4119 1705 4162 excremen-

80 4171 166 4229 heere.
285 4175 308 4230 ιι
320 4190 397 4248 erpo,
419 4176 441 4231 si
459 4175 569 4230 omniuo
583 4177 691 4246 sapiebs
704 4174 796 4238 homo,
812 4187 857 4228 εο-
907 4174 985 4229 ιιιιιιι
1007 4173 1053 4230 Ιιιε
1065 4173 1149 4245 985
1160 4173 1245 4236 eninr,
1259 4170 1350 4242 utjam
1365 4171 1433 4238 diri,
1453 4173 1526 4231 nuda
1543 4183 1570 4230 et
1585 4174 1703 4249 simplici

80 4238 254 4315 lanqueum,
266 4260 366 4316 corpus
401 4245 490 4301 uidem
503 4244 567 4300 illud
581 4261 616 4302 ex
628 4245 740 4300 muliere
755 4242 855 4308 dicere,
906 4251 949 4299 est
959 4243 1118 4300 honestatus
1129 4243 1320 4314 appellatione,
1336 4259 1399 4298 eum
1417 4244 1499 4300 honlo
1509 4259 1542 4300 ex
1556 4253 1652 4304 natura
1663 4261 1707 4303 es·

79 4319 102 4366 tt
114 4313 220 4385 insuper
232 4313 322 4379 lateri,
338 4262 403 4371 ruuS
417 4317 521 4372 unitate
535 4316 683 4372 seeundum
698 4311 856 4386 hypostasin
905 4322 949 4369 set
962 4328 969 4381 ;
985 4314 1034 4369 sed
1046 4314 1091 4369 hie
1103 4321 1146 4370 est
1157 4329 1223 4370 vere
1237 4312 1310 4370 Deus
1324 4312 1400 4376 (nam
1410 4314 1483 4370 [leus
1496 4323 1557 4372 erat
1570 4314 1707 4388 Verbum).

80 4396 132 4438 etur
149 4384 236 4442 Verbo
248 4386 422 4456 eonjunetum
444 4402 527 4441 uuum
543 4385 692 4451 Christum,
714 4381 855 4438 etlilium
907 4384 935 4438 in
948 4382 1067 4440 humana
1081 4383 1167 4438 lorma
1182 4384 1365 4455 praestantiam
1379 4400 1435 4440 suae
1443 4393 1558 4451 naturae,
1573 4401 1628 4456 qua
1637 4401 1707 4441 euu-

80 4458 104 4507 ει
116 4450 252 4511 boninum
266 4457 426 4520 absolvisse,
441 4456 565 4512 eumdem
582 4457 663 4512 simul
677 4464 705 4512 et
719 4454 814 4518 ileum,
829 4461 857 4509 et
869 4429 896 4488 υ
908 4455 961 4510 ειιε
972 4454 1090 4519 excellit,
1110 4453 1243 4525 integram
1258 4470 1390 4511 servans:
1410 4469 1499 4526 neque
1519 4456 1592 4512 euim
1605 4463 1704 4512 natura

80 4521 212 4581 ιιιιιιιειιι.
227 4523 305 4581 Nune
317 4541 381 4582 vero
393 4527 444 4581 hoe
465 4528 575 4590 omisso,
593 4541 721 4596 perversa
736 4524 858 4597 graditur
907 4524 999 4581 diviua
1013 4541 1047 4581 ex
1062 4540 1105 4590 eo,
1120 4526 1192 4595 qued
1205 4525 1346 4581 descendit
1360 4526 1394 4581 ad
1405 4527 1624 4582 communionem
1642 4541 1705 4581 ear-

82 4591 172 4657 viade
188 4604 264 4650 recta
276 4596 419 4661 decedens,
438 4612 469 4651 ae
489 4598 556 4652 duos
578 4596 739 4653 uobislleos
776 4595 856 4649 rmdi-
907 4595 1156 4667 nisetsauguinis,
1178 4595 1205 4650 in
1223 4593 1299 4667 pejus
1318 4610 1436 4666 uuquam
1456 4595 1710 4666 pervertipotestz.

84 4670 217 4730 ιιιιιιιιιιι
229 4666 376 4721 eemudurn
388 4674 511 4721 naturam
525 4682 557 4722 ae
569 4668 721 4732 veritatem,
739 4610 805 4719 ilYud
819 4666 858 4718 ni·
907 4665 999 4735 itaque
1022 4666 1104 4721 etiam
1124 4680 1186 4720 euru
1208 4666 1289 4720 homo
1308 4665 1443 4735 apparuit,
1462 4673 1492 4720 ut
1513 4663 1583 4720 licus
1608 4674 1701 4722 tamen

85 4732 214 4793 mex
235 4735 292 4791 Ileo
313 4736 393 4792 Patre
410 4737 548 4803 Neritum,
573 4738 655 4792 alium
674 4752 739 4792 vero
759 4743 859 4807 preter
906 4735 1077 4802 annoseitnr,
1093 4734 1206 4805 ejusque
1219 4736 1259 4791 rei
1269 4735 1412 4816 perspicua
1427 4742 1491 4788 sunt
1501 4745 1658 4805 argumenta
1671 4738 1701 4792 ln

84 4800 152 4872 hue,
171 4806 217 4877 qui
232 4806 337 4862 seilicet
348 4822 410 4862 cum
425 4822 458 4862 eo
471 4807 542 4863 lleus
554 4808 712 4878 appelletur.
734 4804 770 4861 Ut
784 4803 856 4860 enirn
906 4803 1058 4875 Evangeliis
1072 4805 1106 4861 de
1119 4820 1152 4861 eo
1162 4805 1272 4876 scripta.
1286 4803 1360 4858 llimt
1372 4803 1444 4859 enim
1459 4803 1683 4862 beatusloannea
1693 4824 1706 4860 :.

84 4885 151 4930 tenu
161 4879 246 4932 nostri
260 4880 368 4959 generis
386 4878 486 4934 dieitur
498 4893 558 4932 cum
572 4877 661 4947 seipso
675 4884 703 4931 ct
720 4876 778 4931 solo
793 4889 858 4930 con·
906 4872 1046 4929 Gemuere
1061 4884 1126 4930 esset
1139 4874 1310 4945 ierosolymis
1326 4875 1354 4929 in
1373 4874 1416 4929 die
1428 4873 1505 4944 fedo,
1520 4874 1595 4930 multi
1615 4877 1701 4931 credi-

83 4947 179 5012 mrl,
195 4947 274 5002 rerba
294 4948 390 5018 gratia.
415 4948 463 5002 sed
486 4964 547 5004 cum
569 4948 654 5002 altero
669 4954 855 5012 conversatur,
905 4944 1000 4999 derant
1022 4945 1049 4999 in
1062 4945 1166 5000 nomiae
1179 4943 1246 5014 ejas,
1274 4944 1388 5000 uidentes
1402 4945 1460 5013 ejas
1478 4946 1562 5015 ripun,
1600 4962 1642 5000 aee
1662 4947 1702 5016 le-

83 5014 140 5070 reti
151 5030 230 5087 qrrern
253 5031 269 5073 e
283 5019 399 5072 terrenis
420 5018 528 5089 regibus
547 5019 690 5089 quisquam
704 5015 813 5080 dixerit,
826 5028 857 5071 se
906 5013 988 5068 ciebat
1000 5028 1009 5066 .·
1021 5016 1075 5138 iKae
1085 5031 1145 5070 aere
1159 5013 1237 5069 lerna
1247 5014 1429 5070 non-credetur
1438 5015 1552 5085 seipsum
1563 4962 1626 5080 5175„
1637 5017 1701 5085 quie

81 5096 134 5140 tu
146 5087 234 5159 teipso
247 5102 370 5159 regnare,
383 5086 445 5157 jure
456 5089 492 5144 sit
509 5089 647 5153 ridendus,
660 5085 856 5157 elongabitur,
905 5084 961 5155 ipse
974 5084 1026 5139 scie
1044 5094 1070 5138 nt
1082 5085 1188 5151 omniu,
1212 5096 1236 5139 et
1249 5087 1311 5157 quio
1325 5102 1378 5140 ιιοιι
1391 5102 1456 5155 opas
1467 5084 1588 5151 hahebat,
1601 5095 1629 5139 ut
1641 5086 1701 5155 qaia

80 5151 134 5211 hu
154 5158 224 5226 quod
240 5157 275 5213 de
292 5172 346 5212 uuo
368 5159 478 5227 soloque
491 5159 599 5224 dicitur,
623 5158 663 5213 sic
681 5156 755 5227 ponit
776 5163 857 5225 atque
906 5155 1082 5210 testimoniam
1093 5154 1236 5225 perhiberet
1251 5155 1282 5209 de
1294 5154 1418 5220 hominu
1443 5155 1497 5236 ipre
1512 5155 1582 5208 eninr
1603 5155 1704 5209 sciehat.

78 5228 222 5292 mundat
235 5235 364 5298 tanquam
377 5230 412 5284 de
424 5228 527 5284 duobus
541 5245 548 5294 ;
563 5230 601 5283 ita
614 5227 797 5284 saultmnsane
810 5227 855 5291 sit,
905 5224 969 5297 qaid
980 5234 1046 5279 earet
1060 5225 1087 5279 in
1100 5224 1203 5279 nornine
1215 5225 1305 5296 (donn.
1322 5225 1363 5296 nl.
1379 5227 1458 5293 dtqm
1470 5224 1606 5293 inspicere
1619 5239 1700 5295 posse

77 5304 164 5363 utare
175 5298 228 5354 boc
240 5299 339 5369 ipsum,
363 5297 442 5353 simul
463 5298 600 5370 appellari,
623 5300 656 5355 de
677 5314 731 5353 uno
746 5297 857 5367 soloque
906 5294 1083 5351 oorhominis
1096 5301 1125 5349 et
1136 5294 1240 5350 occulta
1257 5296 1340 5354 scire.
1357 5310 1410 5349 non
1421 5293 1467 5348 ulli
1478 5294 1592 5359 bomini,
1604 5295 1651 5366 qui
1664 5294 1701 5350 sit

76 5364 123 5421 tte
221 5382 229 5423 ι
248 5369 303 5423 duo
317 5383 432 5437 namque
449 5376 662 5438 prorsus‘erunt,
684 5378 711 5424 et
725 5369 793 5423 alter
812 5383 856 5423 se·
906 5365 991 5420 nostri
1007 5365 1115 5430 similis,
1135 5365 1272 5428 marcuit,
1293 5379 1381 5434 neque
1398 5379 1462 5419 vero
1475 5363 1522 5417 ulli
1534 5362 1613 5420 alteri
1625 5380 1701 5422 crea·

76 5381 325 5494 flegmatum
339 5438 420 5503 Deus,
437 5440 505 5495 alter
519 5455 583 5494 vero
596 5439 690 5510 procul
701 5439 783 5494 dubio
793 5452 855 5493 cum
907 5442 984 5499 mrae,
1002 5435 1176 5498 sedillisoh,
1217 5433 1389 5489 uietiamdn
1408 5433 1703 5506 eredieitursingillm

76 5504 199 5564 idtoluur
214 5509 328 5572 babeat,
348 5518 379 5564 ut
400 5509 503 5565 scilieet
516 5526 578 5566 cum
596 5524 628 5565 eo
642 5518 754 5565 vocetur
774 5507 854 5573 lleas,
907 5505 954 5559 tim
973 5504 1055 5560 eorda
1075 5513 1167 5560 nostra
1180 5451 1266 5576 (flaui.
1282 5503 1378 5586 ειμι).
1392 5450 1452 5559 {loe
1470 5504 1494 5586 si
1513 5505 1549 5560 ita
1563 5513 1616 5571 cst,
1631 5518 1701 5576 quo·

10 5614 16 5627 ·
75 5575 329 5649 Ηῃεειιιιιιεεειιε
350 5587 378 5634 ει
398 5579 559 5650 acquisitum
583 5594 677 5636 reeens
694 5579 772 5635 nobis
786 5577 856 5634 bens
906 5589 970 5630 uam
984 5573 1062 5631 modo
1083 5575 1139 5630 sola
1159 5590 1192 5631 ac
1212 5575 1263 5631 sim
1283 5574 1329 5630 ltu
1352 5574 1531 5645 appell-atrone-
1549 5575 1701 5632 lrunoratus
1746 5632 1749 5639 ,

10 5684 18 5697 ·
74 5648 180 5707 nstitit.
193 5689 202 5705 .
215 5687 246 5704 ..
272 5648 330 5706 lloe
356 5649 380 5706 si
403 5649 441 5705 ita
464 5658 525 5716 est,
555 5649 690 5720 quomodo
713 5649 857 5706 adoramus
907 5654 948 5702 est
958 5645 1127 5709 Emmanuel,
1139 5653 1170 5700 ut
1178 5590 1291 5717 perimfe
1300 5643 1446 5717 acllopses
1456 5644 1604 5729 appelletur
1614 5645 1702 5711 lleus,

10 5750 20 5765 ·
73 5717 856 5793 striatametillilleeteturomueqenulQuomodcetiam
907 5724 934 5774 et
947 5731 1001 5774 non
1015 5714 1107 5789 potius
1116 5715 1145 5774 id
1160 5731 1222 5774 vero
1235 5715 1282 5785 sit,
1297 5716 1369 5788 quod
1381 5731 1443 5775 esse
1452 5717 1572 5775 ιιιιιιιιι
1588 5735 1601 5770 ι
1616 5712 1704 5772 lom.
