<?xml version="1.0" encoding="UTF-8"?>
<!DOCTYPE html PUBLIC "-//W3C//DTD XHTML 1.0 Transitional//EN"
    "http://www.w3.org/TR/xhtml1/DTD/xhtml1-transitional.dtd">
<html xmlns="http://www.w3.org/1999/xhtml" xml:lang="en" lang="en">
 <head>
  <title>
</title>
<meta http-equiv="Content-Type" content="text/html;charset=utf-8" />
  <meta name='ocr-system' content='tesseract 3.04.00' />
  <meta name='ocr-capabilities' content='ocr_page ocr_carea ocr_par ocr_line ocrx_word'/>
</head>
<body>
  <div class='ocr_page' id='page_1' title='image "./patrologiaecurs25goog_0313.png"; bbox 0 0 3780 6120; ppageno 0'>
   <div class='ocr_carea' id='block_1_1' title="bbox 122 259 1764 341">
    <p class='ocr_par' dir='ltr' id='par_1_1' title="bbox 122 259 1764 341">
     <span class='ocr_line' id='line_1_1' title="bbox 122 259 1764 341; baseline -0.015 0"><span class='ocrx_word' id='word_1_1' title='bbox 122 283 170 341; x_wconf 82' lang='lat' dir='ltr'><strong>stt</strong></span> <span class='ocrx_word' id='word_1_2' title='bbox 528 277 558 332; x_wconf 84' lang='lat' dir='ltr'><strong>ll.</strong></span> <span class='ocrx_word' id='word_1_3' title='bbox 579 275 610 332; x_wconf 84' lang='lat' dir='ltr'><strong>F.</strong></span> <span class='ocrx_word' id='word_1_4' title='bbox 630 273 744 332; x_wconf 77' lang='lat' dir='ltr'><strong>ttetnl</strong></span> <span class='ocrx_word' id='word_1_5' title='bbox 764 271 831 327; x_wconf 74' lang='lat' dir='ltr'><strong>set·</strong></span> <span class='ocrx_word' id='word_1_6' title='bbox 852 264 991 324; x_wconf 78' lang='lat' dir='ltr'><strong>stebtn&#39;t</strong></span> <span class='ocrx_word' id='word_1_7' title='bbox 1010 262 1153 321; x_wconf 75' lang='lat' dir='ltr'><strong>orenett</strong></span> <span class='ocrx_word' id='word_1_8' title='bbox 1172 259 1263 318; x_wconf 75' lang='lat' dir='ltr'>PARS</span> <span class='ocrx_word' id='word_1_9' title='bbox 1280 259 1326 318; x_wconf 80' lang='lat' dir='ltr'><strong>tv.</strong></span> <span class='ocrx_word' id='word_1_10' title='bbox 1649 319 1651 322; x_wconf 57' lang='grc'>,</span> <span class='ocrx_word' id='word_1_11' title='bbox 1709 259 1764 316; x_wconf 71' lang='grc' dir='ltr'><strong>ΜΞ</strong></span> 
     </span>
    </p>
   </div>
   <div class='ocr_carea' id='block_1_2' title="bbox 128 375 1768 2737">
    <p class='ocr_par' dir='ltr' id='par_1_2' title="bbox 128 375 1768 2737">
     <span class='ocr_line' id='line_1_2' title="bbox 265 375 1765 472; baseline -0.012 -19"><span class='ocrx_word' id='word_1_12' title='bbox 265 398 345 472; x_wconf 73' lang='lat'><strong>126</strong></span> <span class='ocrx_word' id='word_1_13' title='bbox 358 394 507 471; x_wconf 65' lang='lat' dir='ltr'><strong>Kyrolrtl„</strong></span> <span class='ocrx_word' id='word_1_14' title='bbox 518 393 605 458; x_wconf 80' lang='lat' dir='ltr'><strong>Xero;</strong></span> <span class='ocrx_word' id='word_1_15' title='bbox 618 393 684 463; x_wconf 74' lang='lat' dir='ltr'><strong>sorte</strong></span> <span class='ocrx_word' id='word_1_16' title='bbox 695 390 745 460; x_wconf 84' lang='lat' dir='ltr'><strong>leq.</strong></span> <span class='ocrx_word' id='word_1_17' title='bbox 757 386 825 452; x_wconf 61' lang='lat' dir='ltr'><strong>ile-o,</strong></span> <span class='ocrx_word' id='word_1_18' title='bbox 834 386 861 440; x_wconf 86' lang='lat' dir='ltr'><strong>id</strong></span> <span class='ocrx_word' id='word_1_19' title='bbox 872 394 908 440; x_wconf 81' lang='lat' dir='ltr'><strong>est</strong></span> <span class='ocrx_word' id='word_1_20' title='bbox 923 386 946 445; x_wconf 78' lang='grc' dir='ltr'><strong>Α</strong></span> <span class='ocrx_word' id='word_1_21' title='bbox 960 380 1090 451; x_wconf 87' lang='lat' dir='ltr'><strong>perculit;</strong></span> <span class='ocrx_word' id='word_1_22' title='bbox 1102 393 1187 450; x_wconf 89' lang='lat' dir='ltr'><strong>quare</strong></span> <span class='ocrx_word' id='word_1_23' title='bbox 1211 377 1376 449; x_wconf 87' lang='lat' dir='ltr'><strong>quotidianis</strong></span> <span class='ocrx_word' id='word_1_24' title='bbox 1388 375 1591 447; x_wconf 67' lang='lat' dir='ltr'>deceptionibus</span> <span class='ocrx_word' id='word_1_25' title='bbox 1604 377 1705 448; x_wconf 74' lang='lat' dir='ltr'><strong>inspius</strong></span> <span class='ocrx_word' id='word_1_26' title='bbox 1716 391 1765 435; x_wconf 73' lang='lat' dir='ltr'><strong>ce·</strong></span> 
     </span>
     <span class='ocr_line' id='line_1_3' title="bbox 366 464 1765 561; baseline -0.012 -17"><span class='ocrx_word' id='word_1_27' title='bbox 366 464 497 561; x_wconf 81' lang='lat' dir='ltr'><strong>[Christo]</strong></span> <span class='ocrx_word' id='word_1_28' title='bbox 508 483 645 556; x_wconf 83' lang='lat' dir='ltr'><strong>myrrlram</strong></span> <span class='ocrx_word' id='word_1_29' title='bbox 659 487 722 552; x_wconf 90' lang='lat' dir='ltr'><strong>post</strong></span> <span class='ocrx_word' id='word_1_30' title='bbox 736 479 879 535; x_wconf 89' lang='lat' dir='ltr'><strong>sabbatum</strong></span> <span class='ocrx_word' id='word_1_31' title='bbox 965 471 1111 526; x_wconf 87' lang='lat' dir='ltr'><strong>lumniator</strong></span> <span class='ocrx_word' id='word_1_32' title='bbox 1125 469 1297 538; x_wconf 77' lang='lat' dir='ltr'><strong>insequitur?</strong></span> <span class='ocrx_word' id='word_1_33' title='bbox 1311 468 1345 522; x_wconf 85' lang='lat' dir='ltr'><strong>Et</strong></span> <span class='ocrx_word' id='word_1_34' title='bbox 1360 467 1430 522; x_wconf 89' lang='lat' dir='ltr'><strong>sient</strong></span> <span class='ocrx_word' id='word_1_35' title='bbox 1453 466 1498 523; x_wconf 89' lang='lat' dir='ltr'><strong>ille</strong></span> <span class='ocrx_word' id='word_1_36' title='bbox 1518 465 1697 539; x_wconf 85' lang='lat' dir='ltr'><strong>fragilitatem</strong></span> <span class='ocrx_word' id='word_1_37' title='bbox 1712 485 1765 527; x_wconf 92' lang='lat' dir='ltr'><strong>no-</strong></span> 
     </span>
     <span class='ocr_line' id='line_1_4' title="bbox 229 559 1764 650; baseline -0.011 -15"><span class='ocrx_word' id='word_1_38' title='bbox 229 580 358 650; x_wconf 83' lang='lat' dir='ltr'><strong>Quaedam</strong></span> <span class='ocrx_word' id='word_1_39' title='bbox 375 578 510 634; x_wconf 75' lang='lat' dir='ltr'><strong>vehebant</strong></span> <span class='ocrx_word' id='word_1_40' title='bbox 521 587 663 644; x_wconf 85' lang='lat' dir='ltr'><strong>compares</strong></span> <span class='ocrx_word' id='word_1_41' title='bbox 675 570 744 643; x_wconf 66' lang='lat' dir='ltr'><strong>llil„</strong></span> <span class='ocrx_word' id='word_1_42' title='bbox 756 567 897 640; x_wconf 87' lang='lat' dir='ltr'><strong>eorpori]‚</strong></span> <span class='ocrx_word' id='word_1_43' title='bbox 966 573 1049 619; x_wconf 83' lang='lat' dir='ltr'><strong>strant</strong></span> <span class='ocrx_word' id='word_1_44' title='bbox 1062 580 1114 619; x_wconf 92' lang='lat' dir='ltr'><strong>non</strong></span> <span class='ocrx_word' id='word_1_45' title='bbox 1136 560 1237 617; x_wconf 78' lang='lat' dir='ltr'><strong>desinit</strong></span> <span class='ocrx_word' id='word_1_46' title='bbox 1258 562 1400 631; x_wconf 79' lang='lat' dir='ltr'><strong>impetere,</strong></span> <span class='ocrx_word' id='word_1_47' title='bbox 1415 560 1452 616; x_wconf 89' lang='lat' dir='ltr'><strong>ita</strong></span> <span class='ocrx_word' id='word_1_48' title='bbox 1474 559 1529 615; x_wconf 86' lang='lat' dir='ltr'><strong>tuis</strong></span> <span class='ocrx_word' id='word_1_49' title='bbox 1550 561 1637 630; x_wconf 89' lang='lat' dir='ltr'><strong>possit</strong></span> <span class='ocrx_word' id='word_1_50' title='bbox 1654 560 1764 618; x_wconf 81' lang='lat' dir='ltr'><strong>viribtm</strong></span> 
     </span>
     <span class='ocr_line' id='line_1_5' title="bbox 230 650 1762 742; baseline -0.013 -13"><span class='ocrx_word' id='word_1_51' title='bbox 230 673 304 742; x_wconf 82' lang='lat' dir='ltr'><strong>Qtras</strong></span> <span class='ocrx_word' id='word_1_52' title='bbox 320 671 453 726; x_wconf 81' lang='lat' dir='ltr'><strong>abocutus</strong></span> <span class='ocrx_word' id='word_1_53' title='bbox 466 665 600 738; x_wconf 87' lang='lat' dir='ltr'><strong>angelus:</strong></span> <span class='ocrx_word' id='word_1_54' title='bbox 811 695 819 711; x_wconf 87' lang='lat'>.</span> <span class='ocrx_word' id='word_1_55' title='bbox 965 654 1094 710; x_wconf 79' lang='lat' dir='ltr'><strong>connisus</strong></span> <span class='ocrx_word' id='word_1_56' title='bbox 1114 653 1269 709; x_wconf 89' lang='lat' dir='ltr'><strong>abscedere.</strong></span> <span class='ocrx_word' id='word_1_57' title='bbox 1288 650 1348 706; x_wconf 85' lang='lat' dir='ltr'><strong>Non</strong></span> <span class='ocrx_word' id='word_1_58' title='bbox 1361 653 1524 722; x_wconf 84' lang='lat' dir='ltr'><strong>permittas,</strong></span> <span class='ocrx_word' id='word_1_59' title='bbox 1541 653 1612 707; x_wconf 87' lang='lat' dir='ltr'><strong>bone</strong></span> <span class='ocrx_word' id='word_1_60' title='bbox 1637 652 1710 719; x_wconf 79' lang='lat' dir='ltr'><strong>lter,</strong></span> <span class='ocrx_word' id='word_1_61' title='bbox 1733 653 1762 709; x_wconf 88' lang='lat' dir='ltr'><strong>in</strong></span> 
     </span>
     <span class='ocr_line' id='line_1_6' title="bbox 233 742 1763 834; baseline -0.013 -12"><span class='ocrx_word' id='word_1_62' title='bbox 233 765 331 822; x_wconf 81' lang='lat' dir='ltr'><strong>Visum</strong></span> <span class='ocrx_word' id='word_1_63' title='bbox 344 762 497 834; x_wconf 90' lang='lat' dir='ltr'><strong>sepulerum</strong></span> <span class='ocrx_word' id='word_1_64' title='bbox 519 774 573 814; x_wconf 90' lang='lat' dir='ltr'><strong>non</strong></span> <span class='ocrx_word' id='word_1_65' title='bbox 589 756 654 826; x_wconf 88' lang='lat' dir='ltr'><strong>tegit</strong></span> <span class='ocrx_word' id='word_1_66' title='bbox 673 754 741 828; x_wconf 80' lang='lat' dir='ltr'><strong>[tff.‚</strong></span> <span class='ocrx_word' id='word_1_67' title='bbox 763 753 854 807; x_wconf 83' lang='lat' dir='ltr'><strong>rivom</strong></span> <span class='ocrx_word' id='word_1_68' title='bbox 873 765 916 806; x_wconf 74' lang='lat' dir='ltr'><strong>se·</strong></span> <span class='ocrx_word' id='word_1_69' title='bbox 966 746 1045 800; x_wconf 90' lang='lat' dir='ltr'><strong>nobis</strong></span> <span class='ocrx_word' id='word_1_70' title='bbox 1058 745 1237 800; x_wconf 85' lang='lat' dir='ltr'><strong>saevissimum</strong></span> <span class='ocrx_word' id='word_1_71' title='bbox 1258 742 1362 798; x_wconf 85' lang='lat' dir='ltr'><strong>bostem</strong></span> <span class='ocrx_word' id='word_1_72' title='bbox 1377 757 1425 798; x_wconf 87' lang='lat' dir='ltr'><strong>sna</strong></span> <span class='ocrx_word' id='word_1_73' title='bbox 1437 751 1498 798; x_wconf 90' lang='lat' dir='ltr'><strong>vota</strong></span> <span class='ocrx_word' id='word_1_74' title='bbox 1514 743 1662 814; x_wconf 89' lang='lat' dir='ltr'><strong>complere,</strong></span> <span class='ocrx_word' id='word_1_75' title='bbox 1674 743 1721 815; x_wconf 89' lang='lat' dir='ltr'><strong>qul</strong></span> <span class='ocrx_word' id='word_1_76' title='bbox 1734 754 1763 802; x_wconf 90' lang='lat' dir='ltr'><strong>te</strong></span> 
     </span>
     <span class='ocr_line' id='line_1_7' title="bbox 230 833 1764 921; baseline -0.008 -15"><span class='ocrx_word' id='word_1_77' title='bbox 230 887 233 893; x_wconf 87' lang='lat'><em>-</em></span> <span class='ocrx_word' id='word_1_78' title='bbox 617 847 724 921; x_wconf 87' lang='lat' dir='ltr'><strong>[pulcro</strong></span> <span class='ocrx_word' id='word_1_79' title='bbox 737 860 791 901; x_wconf 89' lang='lat' dir='ltr'><strong>nnn</strong></span> <span class='ocrx_word' id='word_1_80' title='bbox 802 843 880 917; x_wconf 89' lang='lat' dir='ltr'><strong>tegi].</strong></span> <span class='ocrx_word' id='word_1_81' title='bbox 965 837 1087 908; x_wconf 88' lang='lat' dir='ltr'><strong>graviter</strong></span> <span class='ocrx_word' id='word_1_82' title='bbox 1098 835 1175 904; x_wconf 85' lang='lat' dir='ltr'><strong>eligit</strong></span> <span class='ocrx_word' id='word_1_83' title='bbox 1187 833 1335 890; x_wconf 78' lang='lat' dir='ltr'><strong>offendere·</strong></span> <span class='ocrx_word' id='word_1_84' title='bbox 1352 833 1423 902; x_wconf 83' lang='lat' dir='ltr'><strong>Quid</strong></span> <span class='ocrx_word' id='word_1_85' title='bbox 1440 849 1491 891; x_wconf 91' lang='lat' dir='ltr'><strong>nos</strong></span> <span class='ocrx_word' id='word_1_86' title='bbox 1503 834 1575 889; x_wconf 89' lang='lat' dir='ltr'><strong>sicot</strong></span> <span class='ocrx_word' id='word_1_87' title='bbox 1587 834 1630 891; x_wconf 88' lang='lat' dir='ltr'><strong>leo</strong></span> <span class='ocrx_word' id='word_1_88' title='bbox 1648 836 1764 909; x_wconf 84' lang='lat' dir='ltr'><strong>rugiens</strong></span> 
     </span>
     <span class='ocr_line' id='line_1_8' title="bbox 267 922 1766 1005; baseline -0.014 0"><span class='ocrx_word' id='word_1_89' title='bbox 267 947 363 1005; x_wconf 73' lang='lat' dir='ltr'><strong>fratris</strong></span> <span class='ocrx_word' id='word_1_90' title='bbox 376 941 596 1002; x_wconf 85' lang='lat' dir='ltr'><strong>aenitedulelbus</strong></span> <span class='ocrx_word' id='word_1_91' title='bbox 965 924 1302 993; x_wconf 70' lang='lat' dir='ltr'><strong>eircnltfouiddevorare</strong></span> <span class='ocrx_word' id='word_1_92' title='bbox 1320 924 1480 981; x_wconf 78' lang='lat' dir='ltr'><strong>contendit?</strong></span> <span class='ocrx_word' id='word_1_93' title='bbox 1494 922 1586 980; x_wconf 87' lang='lat' dir='ltr'><strong>Semel</strong></span> <span class='ocrx_word' id='word_1_94' title='bbox 1605 924 1643 980; x_wconf 88' lang='lat' dir='ltr'><strong>illi</strong></span> <span class='ocrx_word' id='word_1_95' title='bbox 1666 925 1696 981; x_wconf 83' lang='lat' dir='ltr'><strong>ln</strong></span> <span class='ocrx_word' id='word_1_96' title='bbox 1716 926 1766 984; x_wconf 83' lang='lat' dir='ltr'><strong>ba·</strong></span> 
     </span>
     <span class='ocr_line' id='line_1_9' title="bbox 231 1013 1764 1096; baseline -0.014 -2"><span class='ocrx_word' id='word_1_97' title='bbox 231 1038 332 1096; x_wconf 83' lang='lat' dir='ltr'><strong>Omnes</strong></span> <span class='ocrx_word' id='word_1_98' title='bbox 346 1049 477 1092; x_wconf 86' lang='lat' dir='ltr'><strong>canamus</strong></span> <span class='ocrx_word' id='word_1_99' title='bbox 488 1030 626 1089; x_wconf 88' lang='lat' dir='ltr'><strong>subditum</strong></span> <span class='ocrx_word' id='word_1_100' title='bbox 966 1017 1095 1088; x_wconf 84' lang='lat' dir='ltr'><strong>ptismato</strong></span> <span class='ocrx_word' id='word_1_101' title='bbox 1109 1029 1189 1071; x_wconf 87' lang='lat' dir='ltr'><strong>sacro</strong></span> <span class='ocrx_word' id='word_1_102' title='bbox 1209 1014 1444 1079; x_wconf 78' lang='lat' dir='ltr'><strong>renuntiavimus3</strong></span> <span class='ocrx_word' id='word_1_103' title='bbox 1470 1013 1554 1069; x_wconf 88' lang='lat' dir='ltr'><strong>semel</strong></span> <span class='ocrx_word' id='word_1_104' title='bbox 1575 1014 1624 1070; x_wconf 89' lang='lat' dir='ltr'><strong>tibi</strong></span> <span class='ocrx_word' id='word_1_105' title='bbox 1645 1013 1764 1072; x_wconf 65' lang='lat' dir='ltr'><strong>mutuo</strong></span> 
     </span>
     <span class='ocr_line' id='line_1_10' title="bbox 232 1105 1762 1198; baseline -0.015 -12"><span class='ocrx_word' id='word_1_106' title='bbox 232 1129 333 1186; x_wconf 77' lang='lat' dir='ltr'><strong>Christi</strong></span> <span class='ocrx_word' id='word_1_107' title='bbox 347 1126 485 1198; x_wconf 87' lang='lat' dir='ltr'><strong>triumplao</strong></span> <span class='ocrx_word' id='word_1_108' title='bbox 497 1131 653 1186; x_wconf 87' lang='lat' dir='ltr'><strong>tartarum,</strong></span> <span class='ocrx_word' id='word_1_109' title='bbox 967 1108 1080 1164; x_wconf 87' lang='lat' dir='ltr'><strong>eredere</strong></span> <span class='ocrx_word' id='word_1_110' title='bbox 1096 1105 1212 1179; x_wconf 88' lang='lat' dir='ltr'><strong>professi</strong></span> <span class='ocrx_word' id='word_1_111' title='bbox 1226 1120 1330 1162; x_wconf 79' lang='lat' dir='ltr'><strong>sumus</strong></span> <span class='ocrx_word' id='word_1_112' title='bbox 1345 1105 1426 1161; x_wconf 87' lang='lat' dir='ltr'><strong>&#39;lales</strong></span> <span class='ocrx_word' id='word_1_113' title='bbox 1445 1121 1495 1162; x_wconf 90' lang='lat' dir='ltr'><strong>nos</strong></span> <span class='ocrx_word' id='word_1_114' title='bbox 1518 1120 1568 1178; x_wconf 90' lang='lat' dir='ltr'><strong>per</strong></span> <span class='ocrx_word' id='word_1_115' title='bbox 1581 1115 1656 1162; x_wconf 87' lang='lat' dir='ltr'><strong>tuam</strong></span> <span class='ocrx_word' id='word_1_116' title='bbox 1666 1105 1762 1164; x_wconf 82' lang='lat' dir='ltr'><strong>defea-</strong></span> 
     </span>
     <span class='ocr_line' id='line_1_11' title="bbox 232 1195 1761 1290; baseline -0.014 -17"><span class='ocrx_word' id='word_1_117' title='bbox 232 1218 285 1287; x_wconf 82' lang='lat' dir='ltr'><strong>Qui</strong></span> <span class='ocrx_word' id='word_1_118' title='bbox 300 1233 350 1273; x_wconf 91' lang='lat' dir='ltr'><strong>nos</strong></span> <span class='ocrx_word' id='word_1_119' title='bbox 359 1214 429 1290; x_wconf 69' lang='lat' dir='ltr'><strong>lat,</strong></span> <span class='ocrx_word' id='word_1_120' title='bbox 439 1215 487 1288; x_wconf 88' lang='lat' dir='ltr'><strong>qui</strong></span> <span class='ocrx_word' id='word_1_121' title='bbox 497 1212 557 1286; x_wconf 78' lang='lat' dir='ltr'><strong>vos]</strong></span> <span class='ocrx_word' id='word_1_122' title='bbox 569 1211 684 1268; x_wconf 80' lang='lat' dir='ltr'><strong>redemit</strong></span> <span class='ocrx_word' id='word_1_123' title='bbox 693 1209 827 1267; x_wconf 80' lang='lat' dir='ltr'><strong>venditos.</strong></span> <span class='ocrx_word' id='word_1_124' title='bbox 967 1200 1072 1256; x_wconf 81' lang='lat' dir='ltr'><strong>sionem</strong></span> <span class='ocrx_word' id='word_1_125' title='bbox 1090 1199 1208 1255; x_wconf 83' lang='lat' dir='ltr'><strong>concede</strong></span> <span class='ocrx_word' id='word_1_126' title='bbox 1219 1197 1334 1261; x_wconf 86' lang='lat' dir='ltr'><strong>serrari,</strong></span> <span class='ocrx_word' id='word_1_127' title='bbox 1349 1196 1444 1267; x_wconf 89' lang='lat' dir='ltr'><strong>quales</strong></span> <span class='ocrx_word' id='word_1_128' title='bbox 1458 1211 1508 1252; x_wconf 91' lang='lat' dir='ltr'><strong>nos</strong></span> <span class='ocrx_word' id='word_1_129' title='bbox 1520 1195 1582 1252; x_wconf 86' lang='lat' dir='ltr'><strong>fieri</strong></span> <span class='ocrx_word' id='word_1_130' title='bbox 1600 1212 1651 1267; x_wconf 91' lang='lat' dir='ltr'><strong>per</strong></span> <span class='ocrx_word' id='word_1_131' title='bbox 1661 1210 1761 1268; x_wconf 78' lang='lat' dir='ltr'><strong>aquam</strong></span> 
     </span>
     <span class='ocr_line' id='line_1_12' title="bbox 268 1291 1762 1366; baseline -0.013 -2"><span class='ocrx_word' id='word_1_132' title='bbox 268 1308 361 1365; x_wconf 82' lang='lat' dir='ltr'><strong>zelum</strong></span> <span class='ocrx_word' id='word_1_133' title='bbox 376 1305 503 1364; x_wconf 87' lang='lat' dir='ltr'><strong>draconis</strong></span> <span class='ocrx_word' id='word_1_134' title='bbox 514 1303 598 1361; x_wconf 84' lang='lat' dir='ltr'><strong>invidi</strong></span> <span class='ocrx_word' id='word_1_135' title='bbox 968 1294 1195 1366; x_wconf 70' lang='lat' dir='ltr'><strong>regenerationis,</strong></span> <span class='ocrx_word' id='word_1_136' title='bbox 1220 1292 1335 1350; x_wconf 80' lang='lat' dir='ltr'><strong>Creator</strong></span> <span class='ocrx_word' id='word_1_137' title='bbox 1358 1292 1508 1358; x_wconf 89' lang='lat' dir='ltr'><strong>altissime,</strong></span> <span class='ocrx_word' id='word_1_138' title='bbox 1530 1292 1696 1362; x_wconf 69' lang='lat' dir='ltr'><strong>praestitisti.</strong></span> <span class='ocrx_word' id='word_1_139' title='bbox 1710 1291 1762 1361; x_wconf 73' lang='lat' dir='ltr'><strong>Qui</strong></span> 
     </span>
     <span class='ocr_line' id='line_1_13' title="bbox 231 1372 1764 1470; baseline -0.01 -13"><span class='ocrx_word' id='word_1_140' title='bbox 231 1402 267 1457; x_wconf 86' lang='lat' dir='ltr'><strong>Et</strong></span> <span class='ocrx_word' id='word_1_141' title='bbox 277 1416 308 1455; x_wconf 90' lang='lat' dir='ltr'><strong>os</strong></span> <span class='ocrx_word' id='word_1_142' title='bbox 321 1399 408 1455; x_wconf 89' lang='lat' dir='ltr'><strong>leonis</strong></span> <span class='ocrx_word' id='word_1_143' title='bbox 419 1396 530 1470; x_wconf 87' lang='lat' dir='ltr'><strong>pessimi</strong></span> <span class='ocrx_word' id='word_1_144' title='bbox 968 1389 1008 1444; x_wconf 92' lang='lat' dir='ltr'><strong>tni</strong></span> <span class='ocrx_word' id='word_1_145' title='bbox 1036 1402 1097 1444; x_wconf 86' lang='lat' dir='ltr'><strong>esse</strong></span> <span class='ocrx_word' id='word_1_146' title='bbox 1121 1372 1272 1457; x_wconf 80' lang='lat' dir='ltr'><strong>cepimus,</strong></span> <span class='ocrx_word' id='word_1_147' title='bbox 1297 1386 1380 1441; x_wconf 91' lang='lat' dir='ltr'><strong>alium</strong></span> <span class='ocrx_word' id='word_1_148' title='bbox 1406 1384 1491 1440; x_wconf 82' lang='lat' dir='ltr'><strong>licum</strong></span> <span class='ocrx_word' id='word_1_149' title='bbox 1518 1385 1685 1441; x_wconf 85' lang='lat' dir='ltr'><strong>nesciamus.</strong></span> <span class='ocrx_word' id='word_1_150' title='bbox 1705 1384 1764 1442; x_wconf 82' lang='lat' dir='ltr'><strong>&#39;lara</strong></span> 
     </span>
     <span class='ocr_line' id='line_1_14' title="bbox 231 1477 1763 1554; baseline -0.01 -5"><span class='ocrx_word' id='word_1_151' title='bbox 231 1491 352 1549; x_wconf 83' lang='lat' dir='ltr'><strong>Calcavit</strong></span> <span class='ocrx_word' id='word_1_152' title='bbox 365 1491 462 1546; x_wconf 88' lang='lat' dir='ltr'><strong>unicus</strong></span> <span class='ocrx_word' id='word_1_153' title='bbox 475 1490 535 1554; x_wconf 83' lang='lat' dir='ltr'><strong>liei,</strong></span> <span class='ocrx_word' id='word_1_154' title='bbox 968 1482 1056 1552; x_wconf 89' lang='lat' dir='ltr'><strong>gratia</strong></span> <span class='ocrx_word' id='word_1_155' title='bbox 1069 1481 1200 1551; x_wconf 82' lang='lat' dir='ltr'><strong>redempti</strong></span> <span class='ocrx_word' id='word_1_156' title='bbox 1223 1492 1335 1542; x_wconf 89' lang='lat' dir='ltr'><strong>sumus,</strong></span> <span class='ocrx_word' id='word_1_157' title='bbox 1350 1485 1396 1532; x_wconf 89' lang='lat' dir='ltr'><strong>tua</strong></span> <span class='ocrx_word' id='word_1_158' title='bbox 1416 1477 1562 1544; x_wconf 89' lang='lat' dir='ltr'><strong>mandata,</strong></span> <span class='ocrx_word' id='word_1_159' title='bbox 1582 1487 1609 1533; x_wconf 90' lang='lat' dir='ltr'><strong>te</strong></span> <span class='ocrx_word' id='word_1_160' title='bbox 1624 1478 1763 1543; x_wconf 65' lang='lat' dir='ltr'><strong>manta,</strong></span> 
     </span>
     <span class='ocr_line' id='line_1_15' title="bbox 233 1567 1762 1655; baseline -0.012 -15"><span class='ocrx_word' id='word_1_161' title='bbox 233 1583 300 1640; x_wconf 85' lang='lat' dir='ltr'><strong>Sese</strong></span> <span class='ocrx_word' id='word_1_162' title='bbox 313 1584 360 1653; x_wconf 89' lang='lat' dir='ltr'><strong>qui</strong></span> <span class='ocrx_word' id='word_1_163' title='bbox 372 1582 441 1655; x_wconf 68' lang='lat' dir='ltr'><strong>itt,</strong></span> <span class='ocrx_word' id='word_1_164' title='bbox 455 1580 580 1654; x_wconf 88' lang='lat' dir='ltr'><strong>seseque]</strong></span> <span class='ocrx_word' id='word_1_165' title='bbox 592 1579 669 1636; x_wconf 85' lang='lat' dir='ltr'><strong>coelis</strong></span> <span class='ocrx_word' id='word_1_166' title='bbox 684 1578 809 1636; x_wconf 85' lang='lat' dir='ltr'><strong>reddidit.</strong></span> <span class='ocrx_word' id='word_1_167' title='bbox 970 1572 1112 1628; x_wconf 87' lang='lat' dir='ltr'><strong>faciamus.</strong></span> <span class='ocrx_word' id='word_1_168' title='bbox 1128 1568 1159 1626; x_wconf 88' lang='lat' dir='ltr'><strong>Si</strong></span> <span class='ocrx_word' id='word_1_169' title='bbox 1179 1585 1229 1625; x_wconf 91' lang='lat' dir='ltr'><strong>nos</strong></span> <span class='ocrx_word' id='word_1_170' title='bbox 1244 1567 1376 1638; x_wconf 84' lang='lat' dir='ltr'><strong>relinquis</strong></span> <span class='ocrx_word' id='word_1_171' title='bbox 1391 1608 1399 1634; x_wconf 91' lang='lat'>‚</span> <span class='ocrx_word' id='word_1_172' title='bbox 1426 1569 1621 1639; x_wconf 74' lang='lat' dir='ltr'><strong>tergiversator</strong></span> <span class='ocrx_word' id='word_1_173' title='bbox 1647 1568 1762 1626; x_wconf 74' lang='lat' dir='ltr'><strong>iamdit.</strong></span> 
     </span>
     <span class='ocr_line' id='line_1_16' title="bbox 265 1660 1763 1744; baseline -0.009 -14"><span class='ocrx_word' id='word_1_174' title='bbox 265 1675 357 1730; x_wconf 83' lang='lat' dir='ltr'><strong>Gloria</strong></span> <span class='ocrx_word' id='word_1_175' title='bbox 372 1673 446 1728; x_wconf 81' lang='lat' dir='ltr'><strong>Patri</strong></span> <span class='ocrx_word' id='word_1_176' title='bbox 460 1672 599 1744; x_wconf 89' lang='lat' dir='ltr'><strong>ingenito,</strong></span> <span class='ocrx_word' id='word_1_177' title='bbox 970 1664 1123 1721; x_wconf 87' lang='lat' dir='ltr'><strong>lndefessus</strong></span> <span class='ocrx_word' id='word_1_178' title='bbox 1134 1672 1216 1734; x_wconf 86' lang='lat' dir='ltr'><strong>atque</strong></span> <span class='ocrx_word' id='word_1_179' title='bbox 1230 1660 1373 1733; x_wconf 89' lang='lat' dir='ltr'><strong>impudens</strong></span> <span class='ocrx_word' id='word_1_180' title='bbox 1383 1674 1491 1731; x_wconf 88' lang='lat' dir='ltr'><strong>semper</strong></span> <span class='ocrx_word' id='word_1_181' title='bbox 1500 1661 1615 1727; x_wconf 87' lang='lat' dir='ltr'><strong>assistit,</strong></span> <span class='ocrx_word' id='word_1_182' title='bbox 1625 1660 1705 1717; x_wconf 83' lang='lat' dir='ltr'><strong>luera</strong></span> <span class='ocrx_word' id='word_1_183' title='bbox 1713 1676 1763 1718; x_wconf 88' lang='lat' dir='ltr'><strong>sna</strong></span> 
     </span>
     <span class='ocr_line' id='line_1_17' title="bbox 235 1751 1763 1839; baseline -0.009 -15"><span class='ocrx_word' id='word_1_184' title='bbox 235 1766 328 1824; x_wconf 80' lang='lat' dir='ltr'><strong>Gloria</strong></span> <span class='ocrx_word' id='word_1_185' title='bbox 339 1765 507 1839; x_wconf 87' lang='lat' dir='ltr'><strong>Unigenito,</strong></span> <span class='ocrx_word' id='word_1_186' title='bbox 934 1755 1129 1825; x_wconf 84' lang='lat' dir='ltr'><strong>Bcomputans</strong></span> <span class='ocrx_word' id='word_1_187' title='bbox 1144 1756 1277 1810; x_wconf 83' lang='lat' dir='ltr'><strong>humanas</strong></span> <span class='ocrx_word' id='word_1_188' title='bbox 1294 1753 1397 1808; x_wconf 86' lang='lat' dir='ltr'><strong>ruinas.</strong></span> <span class='ocrx_word' id='word_1_189' title='bbox 1413 1751 1553 1809; x_wconf 79' lang='lat' dir='ltr'><strong>blanditur</strong></span> <span class='ocrx_word' id='word_1_190' title='bbox 1571 1761 1602 1808; x_wconf 93' lang='lat' dir='ltr'><strong>ut</strong></span> <span class='ocrx_word' id='word_1_191' title='bbox 1625 1754 1763 1825; x_wconf 85' lang='lat' dir='ltr'><strong>decipiat,</strong></span> 
     </span>
     <span class='ocr_line' id='line_1_18' title="bbox 232 1844 1764 1926; baseline -0.007 -13"><span class='ocrx_word' id='word_1_192' title='bbox 232 1857 292 1914; x_wconf 80' lang='lat' dir='ltr'><strong>Una</strong></span> <span class='ocrx_word' id='word_1_193' title='bbox 309 1872 371 1912; x_wconf 88' lang='lat' dir='ltr'><strong>cum</strong></span> <span class='ocrx_word' id='word_1_194' title='bbox 383 1863 479 1912; x_wconf 91' lang='lat' dir='ltr'><strong>saneto</strong></span> <span class='ocrx_word' id='word_1_195' title='bbox 492 1854 597 1926; x_wconf 87' lang='lat' dir='ltr'><strong>Spiritu</strong></span> <span class='ocrx_word' id='word_1_196' title='bbox 972 1847 1084 1917; x_wconf 87' lang='lat' dir='ltr'><strong>instigat</strong></span> <span class='ocrx_word' id='word_1_197' title='bbox 1097 1855 1126 1901; x_wconf 91' lang='lat' dir='ltr'><strong>ut</strong></span> <span class='ocrx_word' id='word_1_198' title='bbox 1152 1846 1279 1917; x_wconf 87' lang='lat' dir='ltr'><strong>perimat.</strong></span> <span class='ocrx_word' id='word_1_199' title='bbox 1306 1844 1423 1901; x_wconf 83' lang='lat' dir='ltr'><strong>llaxirne</strong></span> <span class='ocrx_word' id='word_1_200' title='bbox 1442 1859 1492 1915; x_wconf 89' lang='lat' dir='ltr'><strong>per</strong></span> <span class='ocrx_word' id='word_1_201' title='bbox 1517 1860 1618 1916; x_wconf 88' lang='lat' dir='ltr'><strong>eorpus</strong></span> <span class='ocrx_word' id='word_1_202' title='bbox 1641 1853 1764 1903; x_wconf 78' lang='lat' dir='ltr'><strong>nostram</strong></span> 
     </span>
     <span class='ocr_line' id='line_1_19' title="bbox 232 1935 1765 2017; baseline -0.005 -16"><span class='ocrx_word' id='word_1_203' title='bbox 232 1946 262 2002; x_wconf 95' lang='lat' dir='ltr'><strong>ln</strong></span> <span class='ocrx_word' id='word_1_204' title='bbox 277 1946 441 2017; x_wconf 87' lang='lat' dir='ltr'><strong>sempiterna</strong></span> <span class='ocrx_word' id='word_1_205' title='bbox 452 1943 560 1999; x_wconf 75' lang='lat' dir='ltr'><strong>secuta.</strong></span> <span class='ocrx_word' id='word_1_206' title='bbox 970 1939 1077 1995; x_wconf 89' lang='lat' dir='ltr'><strong>animas</strong></span> <span class='ocrx_word' id='word_1_207' title='bbox 1098 1937 1208 2007; x_wconf 85' lang='lat' dir='ltr'><strong>decipit,</strong></span> <span class='ocrx_word' id='word_1_208' title='bbox 1221 1937 1297 1992; x_wconf 90' lang='lat' dir='ltr'><strong>etita</strong></span> <span class='ocrx_word' id='word_1_209' title='bbox 1311 1935 1401 1992; x_wconf 89' lang='lat' dir='ltr'><strong>labilis</strong></span> <span class='ocrx_word' id='word_1_210' title='bbox 1415 1951 1465 2008; x_wconf 88' lang='lat' dir='ltr'><strong>per</strong></span> <span class='ocrx_word' id='word_1_211' title='bbox 1489 1937 1623 1993; x_wconf 83' lang='lat' dir='ltr'><strong>desideria</strong></span> <span class='ocrx_word' id='word_1_212' title='bbox 1646 1936 1765 1994; x_wconf 79' lang='lat' dir='ltr'><strong>hnmana</strong></span> 
     </span>
     <span class='ocr_line' id='line_1_20' title="bbox 970 2027 1766 2101; baseline 0.003 -17"><span class='ocrx_word' id='word_1_213' title='bbox 970 2027 1147 2095; x_wconf 89' lang='lat' dir='ltr'><strong>diffunditur,</strong></span> <span class='ocrx_word' id='word_1_214' title='bbox 1165 2027 1281 2082; x_wconf 89' lang='lat' dir='ltr'><strong>utnulla</strong></span> <span class='ocrx_word' id='word_1_215' title='bbox 1296 2042 1364 2099; x_wconf 87' lang='lat' dir='ltr'><strong>pene</strong></span> <span class='ocrx_word' id='word_1_216' title='bbox 1382 2027 1572 2099; x_wconf 83' lang='lat' dir='ltr'><strong>pmridentia,</strong></span> <span class='ocrx_word' id='word_1_217' title='bbox 1593 2028 1671 2085; x_wconf 90' lang='lat' dir='ltr'><strong>nnllo</strong></span> <span class='ocrx_word' id='word_1_218' title='bbox 1690 2029 1766 2101; x_wconf 84' lang='lat' dir='ltr'><strong>prius</strong></span> 
     </span>
     <span class='ocr_line' id='line_1_21' title="bbox 970 2117 1766 2190; baseline 0.003 -16"><span class='ocrx_word' id='word_1_219' title='bbox 970 2119 1086 2174; x_wconf 89' lang='lat' dir='ltr'><strong>consilio</strong></span> <span class='ocrx_word' id='word_1_220' title='bbox 1108 2119 1250 2174; x_wconf 89' lang='lat' dir='ltr'><strong>sentiatur.</strong></span> <span class='ocrx_word' id='word_1_221' title='bbox 1267 2117 1388 2190; x_wconf 81' lang='lat' dir='ltr'><strong>Longum</strong></span> <span class='ocrx_word' id='word_1_222' title='bbox 1402 2127 1446 2173; x_wconf 89' lang='lat' dir='ltr'><strong>est</strong></span> <span class='ocrx_word' id='word_1_223' title='bbox 1457 2132 1508 2188; x_wconf 90' lang='lat' dir='ltr'><strong>per</strong></span> <span class='ocrx_word' id='word_1_224' title='bbox 1529 2117 1635 2190; x_wconf 83' lang='lat' dir='ltr'><strong>singula</strong></span> <span class='ocrx_word' id='word_1_225' title='bbox 1659 2119 1766 2176; x_wconf 63' lang='lat' dir='ltr'><strong>domo</strong></span> 
     </span>
     <span class='ocr_line' id='line_1_22' title="bbox 970 2206 1765 2278; baseline 0.003 -15"><span class='ocrx_word' id='word_1_226' title='bbox 970 2223 1043 2264; x_wconf 87' lang='lat' dir='ltr'><strong>rere.</strong></span> <span class='ocrx_word' id='word_1_227' title='bbox 1059 2207 1118 2262; x_wconf 83' lang='lat' dir='ltr'><strong>Tali</strong></span> <span class='ocrx_word' id='word_1_228' title='bbox 1133 2208 1195 2278; x_wconf 88' lang='lat' dir='ltr'><strong>quis</strong></span> <span class='ocrx_word' id='word_1_229' title='bbox 1206 2207 1294 2277; x_wconf 89' lang='lat' dir='ltr'><strong>possit</strong></span> <span class='ocrx_word' id='word_1_230' title='bbox 1306 2206 1448 2274; x_wconf 85' lang='lat' dir='ltr'><strong>obsistere,</strong></span> <span class='ocrx_word' id='word_1_231' title='bbox 1470 2207 1524 2262; x_wconf 86' lang='lat' dir='ltr'><strong>nisi</strong></span> <span class='ocrx_word' id='word_1_232' title='bbox 1537 2216 1575 2272; x_wconf 93' lang='lat' dir='ltr'><strong>tu,</strong></span> <span class='ocrx_word' id='word_1_233' title='bbox 1590 2207 1716 2275; x_wconf 64' lang='lat' dir='ltr'><strong>bomin,</strong></span> <span class='ocrx_word' id='word_1_234' title='bbox 1728 2207 1765 2265; x_wconf 90' lang='lat' dir='ltr'><strong>illi</strong></span> 
     </span>
     <span class='ocr_line' id='line_1_23' title="bbox 972 2295 1767 2371; baseline 0.003 -16"><span class='ocrx_word' id='word_1_235' title='bbox 972 2298 1128 2355; x_wconf 81' lang='lat' dir='ltr'><strong>decreveris</strong></span> <span class='ocrx_word' id='word_1_236' title='bbox 1144 2297 1277 2353; x_wconf 86' lang='lat' dir='ltr'><strong>obviare?</strong></span> <span class='ocrx_word' id='word_1_237' title='bbox 1293 2295 1362 2364; x_wconf 79' lang='lat' dir='ltr'><strong>Quid</strong></span> <span class='ocrx_word' id='word_1_238' title='bbox 1377 2296 1449 2355; x_wconf 89' lang='lat' dir='ltr'><strong>enlm</strong></span> <span class='ocrx_word' id='word_1_239' title='bbox 1470 2297 1505 2354; x_wconf 89' lang='lat' dir='ltr'><strong>de</strong></span> <span class='ocrx_word' id='word_1_240' title='bbox 1519 2298 1598 2354; x_wconf 88' lang='lat' dir='ltr'><strong>nobis</strong></span> <span class='ocrx_word' id='word_1_241' title='bbox 1618 2301 1707 2371; x_wconf 85' lang='lat' dir='ltr'><strong>possit</strong></span> <span class='ocrx_word' id='word_1_242' title='bbox 1726 2298 1767 2357; x_wconf 80' lang='lat' dir='ltr'><strong>fa-</strong></span> 
     </span>
     <span class='ocr_line' id='line_1_24' title="bbox 972 2387 1767 2460; baseline 0.001 -13"><span class='ocrx_word' id='word_1_243' title='bbox 972 2406 1045 2457; x_wconf 91' lang='lat' dir='ltr'><strong>cere,</strong></span> <span class='ocrx_word' id='word_1_244' title='bbox 1058 2391 1104 2460; x_wconf 91' lang='lat' dir='ltr'><strong>qui</strong></span> <span class='ocrx_word' id='word_1_245' title='bbox 1121 2398 1147 2445; x_wconf 92' lang='lat' dir='ltr'><strong>te</strong></span> <span class='ocrx_word' id='word_1_246' title='bbox 1160 2390 1187 2445; x_wconf 90' lang='lat' dir='ltr'><strong>in</strong></span> <span class='ocrx_word' id='word_1_247' title='bbox 1200 2395 1293 2445; x_wconf 86' lang='lat' dir='ltr'><strong>nostro</strong></span> <span class='ocrx_word' id='word_1_248' title='bbox 1303 2403 1418 2459; x_wconf 87' lang='lat' dir='ltr'><strong>corpore</strong></span> <span class='ocrx_word' id='word_1_249' title='bbox 1431 2403 1515 2445; x_wconf 84' lang='lat' dir='ltr'><strong>ausus</strong></span> <span class='ocrx_word' id='word_1_250' title='bbox 1527 2387 1579 2446; x_wconf 89' lang='lat' dir='ltr'><strong>fuit</strong></span> <span class='ocrx_word' id='word_1_251' title='bbox 1589 2403 1640 2460; x_wconf 87' lang='lat' dir='ltr'><strong>per</strong></span> <span class='ocrx_word' id='word_1_252' title='bbox 1651 2390 1767 2448; x_wconf 80' lang='lat' dir='ltr'><strong>subdola</strong></span> 
     </span>
     <span class='ocr_line' id='line_1_25' title="bbox 128 2478 1768 2629; baseline -0.01 -31"><span class='ocrx_word' id='word_1_253' title='bbox 128 2543 315 2598; x_wconf 86' lang='lat' dir='ltr'><strong>obscuremur.</strong></span> <span class='ocrx_word' id='word_1_254' title='bbox 332 2540 445 2594; x_wconf 67' lang='lat' dir='ltr'><strong>attrahe</strong></span> <span class='ocrx_word' id='word_1_255' title='bbox 456 2555 506 2595; x_wconf 91' lang='lat' dir='ltr'><strong>nos</strong></span> <span class='ocrx_word' id='word_1_256' title='bbox 519 2540 554 2596; x_wconf 89' lang='lat' dir='ltr'><strong>ad</strong></span> <span class='ocrx_word' id='word_1_257' title='bbox 569 2549 596 2595; x_wconf 87' lang='lat' dir='ltr'><strong>te</strong></span> <span class='ocrx_word' id='word_1_258' title='bbox 610 2539 709 2594; x_wconf 86' lang='lat' dir='ltr'><strong>virtute</strong></span> <span class='ocrx_word' id='word_1_259' title='bbox 719 2537 921 2609; x_wconf 76' lang='lat' dir='ltr'><strong>omnipotentie</strong></span> <span class='ocrx_word' id='word_1_260' title='bbox 971 2478 1768 2629; x_wconf 39' lang='lat' dir='ltr'><strong>madnga.mezaafffflnffizffiffl&#39;affimffmng</strong></span> 
     </span>
     <span class='ocr_line' id='line_1_26' title="bbox 129 2586 1767 2737; baseline -0.004 -47"><span class='ocrx_word' id='word_1_261' title='bbox 129 2645 192 2690; x_wconf 74' lang='lat' dir='ltr'><strong>tuae.</strong></span> <span class='ocrx_word' id='word_1_262' title='bbox 202 2635 241 2689; x_wconf 84' lang='lat' dir='ltr'><strong>Ne</strong></span> <span class='ocrx_word' id='word_1_263' title='bbox 251 2634 389 2703; x_wconf 89' lang='lat' dir='ltr'><strong>relinquas</strong></span> <span class='ocrx_word' id='word_1_264' title='bbox 402 2649 450 2686; x_wconf 90' lang='lat' dir='ltr'><strong>soa</strong></span> <span class='ocrx_word' id='word_1_265' title='bbox 460 2632 597 2689; x_wconf 89' lang='lat' dir='ltr'><strong>voluntate</strong></span> <span class='ocrx_word' id='word_1_266' title='bbox 607 2634 710 2703; x_wconf 84' lang='lat' dir='ltr'><strong>vagari,</strong></span> <span class='ocrx_word' id='word_1_267' title='bbox 721 2648 788 2703; x_wconf 91' lang='lat' dir='ltr'><strong>qnos</strong></span> <span class='ocrx_word' id='word_1_268' title='bbox 802 2633 921 2703; x_wconf 88' lang='lat' dir='ltr'><strong>pretioso</strong></span> <span class='ocrx_word' id='word_1_269' title='bbox 972 2589 1197 2724; x_wconf 49' lang='grc' dir='ltr'><strong>Ἠθκιίἰῗῆω</strong></span> <span class='ocrx_word' id='word_1_270' title='bbox 1214 2666 1249 2722; x_wconf 58' lang='lat' dir='ltr'><strong>ad</strong></span> <span class='ocrx_word' id='word_1_271' title='bbox 1268 2588 1432 2737; x_wconf 37' lang='lat' dir='ltr'><strong>gehennam·</strong></span> <span class='ocrx_word' id='word_1_272' title='bbox 1447 2665 1515 2721; x_wconf 64' lang='lat' dir='ltr'><strong>Cum</strong></span> <span class='ocrx_word' id='word_1_273' title='bbox 1529 2664 1575 2722; x_wconf 62' lang='lat' dir='ltr'><strong>mo</strong></span> <span class='ocrx_word' id='word_1_274' title='bbox 1587 2586 1690 2723; x_wconf 47' lang='grc' dir='ltr'><strong>ωζιξω</strong></span> <span class='ocrx_word' id='word_1_275' title='bbox 1712 2681 1767 2722; x_wconf 66' lang='lat' dir='ltr'><em>m</em></span> 
     </span>
    </p>
   </div>
   <div class='ocr_carea' id='block_1_3' title="bbox 128 2723 1769 2908">
    <p class='ocr_par' dir='ltr' id='par_1_3' title="bbox 128 2723 1769 2908">
     <span class='ocr_line' id='line_1_27' title="bbox 128 2723 1769 2831; baseline -0.005 -50"><span class='ocrx_word' id='word_1_276' title='bbox 128 2724 259 2795; x_wconf 82' lang='lat' dir='ltr'><strong>sangnine</strong></span> <span class='ocrx_word' id='word_1_277' title='bbox 274 2723 419 2778; x_wconf 89' lang='lat' dir='ltr'><strong>redemisti.</strong></span> <span class='ocrx_word' id='word_1_278' title='bbox 432 2723 579 2796; x_wconf 89' lang='lat' dir='ltr'><strong>lmaginem</strong></span> <span class='ocrx_word' id='word_1_279' title='bbox 593 2732 667 2778; x_wconf 91' lang='lat' dir='ltr'><strong>tuam</strong></span> <span class='ocrx_word' id='word_1_280' title='bbox 680 2723 706 2778; x_wconf 90' lang='lat' dir='ltr'><strong>in</strong></span> <span class='ocrx_word' id='word_1_281' title='bbox 718 2725 797 2780; x_wconf 91' lang='lat' dir='ltr'><strong>nobis</strong></span> <span class='ocrx_word' id='word_1_282' title='bbox 817 2739 871 2779; x_wconf 92' lang='lat' dir='ltr'><strong>non</strong></span> <span class='ocrx_word' id='word_1_283' title='bbox 884 2723 921 2779; x_wconf 88' lang='lat' dir='ltr'><strong>si·</strong></span> <span class='ocrx_word' id='word_1_284' title='bbox 973 2761 1132 2825; x_wconf 46' lang='lat' dir='ltr'>habeamus,</span> <span class='ocrx_word' id='word_1_285' title='bbox 1142 2767 1173 2815; x_wconf 65' lang='lat' dir='ltr'><em>m</em></span> <span class='ocrx_word' id='word_1_286' title='bbox 1182 2767 1284 2824; x_wconf 49' lang='lat' dir='ltr'>tecum,</span> <span class='ocrx_word' id='word_1_287' title='bbox 1296 2757 1422 2825; x_wconf 43' lang='lat' dir='ltr'><strong>Domine,</strong></span> <span class='ocrx_word' id='word_1_288' title='bbox 1435 2759 1535 2815; x_wconf 52' lang='lat' dir='ltr'>habere</span> <span class='ocrx_word' id='word_1_289' title='bbox 1547 2756 1769 2831; x_wconf 48' lang='lat' dir='ltr'><strong>mimum„-</strong></span> 
     </span>
     <span class='ocr_line' id='line_1_28' title="bbox 128 2814 1033 2908; baseline 0 -36"><span class='ocrx_word' id='word_1_290' title='bbox 128 2832 180 2872; x_wconf 88' lang='lat' dir='ltr'><strong>nas</strong></span> <span class='ocrx_word' id='word_1_291' title='bbox 190 2815 344 2881; x_wconf 86' lang='lat' dir='ltr'><strong>obscurari,</strong></span> <span class='ocrx_word' id='word_1_292' title='bbox 356 2831 416 2885; x_wconf 74' lang='lat' dir='ltr'><strong>quae</strong></span> <span class='ocrx_word' id='word_1_293' title='bbox 428 2814 451 2871; x_wconf 88' lang='lat' dir='ltr'><strong>si</strong></span> <span class='ocrx_word' id='word_1_294' title='bbox 466 2822 494 2870; x_wconf 93' lang='lat' dir='ltr'><strong>te</strong></span> <span class='ocrx_word' id='word_1_295' title='bbox 509 2823 656 2886; x_wconf 75' lang='lat' dir='ltr'><strong>prestante</strong></span> <span class='ocrx_word' id='word_1_296' title='bbox 676 2815 844 2881; x_wconf 75' lang='lat' dir='ltr'><strong>defendatur,</strong></span> <span class='ocrx_word' id='word_1_297' title='bbox 866 2832 921 2873; x_wconf 95' lang='lat' dir='ltr'><strong>non</strong></span> <span class='ocrx_word' id='word_1_298' title='bbox 974 2853 1033 2908; x_wconf 46' lang='lat' dir='ltr'>dica</span> 
     </span>
    </p>
   </div>
   <div class='ocr_carea' id='block_1_4' title="bbox 129 2905 921 3069">
    <p class='ocr_par' dir='ltr' id='par_1_4' title="bbox 129 2905 921 3069">
     <span class='ocr_line' id='line_1_29' title="bbox 129 2905 920 2978; baseline 0 -17"><span class='ocrx_word' id='word_1_299' title='bbox 129 2905 247 2970; x_wconf 90' lang='lat' dir='ltr'><strong>diabolo,</strong></span> <span class='ocrx_word' id='word_1_300' title='bbox 269 2920 322 2960; x_wconf 93' lang='lat' dir='ltr'><strong>non</strong></span> <span class='ocrx_word' id='word_1_301' title='bbox 343 2906 422 2960; x_wconf 89' lang='lat' dir='ltr'><strong>nobis</strong></span> <span class='ocrx_word' id='word_1_302' title='bbox 433 2905 515 2961; x_wconf 90' lang='lat' dir='ltr'><strong>liceat</strong></span> <span class='ocrx_word' id='word_1_303' title='bbox 529 2913 573 2961; x_wconf 85' lang='lat' dir='ltr'><strong>tua</strong></span> <span class='ocrx_word' id='word_1_304' title='bbox 585 2906 656 2962; x_wconf 93' lang='lat' dir='ltr'><strong>dona</strong></span> <span class='ocrx_word' id='word_1_305' title='bbox 669 2908 842 2973; x_wconf 87' lang='lat' dir='ltr'><strong>subvertere;</strong></span> <span class='ocrx_word' id='word_1_306' title='bbox 857 2907 920 2978; x_wconf 90' lang='lat' dir='ltr'><strong>quia</strong></span> 
     </span>
     <span class='ocr_line' id='line_1_30' title="bbox 129 2997 921 3069; baseline 0.004 -17"><span class='ocrx_word' id='word_1_307' title='bbox 129 3005 216 3054; x_wconf 88' lang='lat' dir='ltr'><strong>tntum</strong></span> <span class='ocrx_word' id='word_1_308' title='bbox 241 2997 356 3069; x_wconf 79' lang='lat' dir='ltr'><strong>fragile,</strong></span> <span class='ocrx_word' id='word_1_309' title='bbox 378 2998 574 3069; x_wconf 88' lang='lat' dir='ltr'><strong>quidquidtibi</strong></span> <span class='ocrx_word' id='word_1_310' title='bbox 597 2999 693 3054; x_wconf 89' lang='lat' dir='ltr'><strong>nititur</strong></span> <span class='ocrx_word' id='word_1_311' title='bbox 713 3000 833 3055; x_wconf 86' lang='lat' dir='ltr'><strong>obviare.</strong></span> <span class='ocrx_word' id='word_1_312' title='bbox 851 2998 921 3056; x_wconf 81' lang='lat' dir='ltr'><strong>Andl</strong></span> 
     </span>
    </p>
   </div>
   <div class='ocr_carea' id='block_1_5' title="bbox 470 2071 581 2113">
    <p class='ocr_par' dir='ltr' id='par_1_5' title="bbox 470 2071 581 2113">
     <span class='ocr_line' id='line_1_31' title="bbox 470 2071 581 2113; baseline -0.018 0"><span class='ocrx_word' id='word_1_313' title='bbox 470 2071 581 2113; x_wconf 68' lang='lat' dir='ltr'><strong>ostento.</strong></span> 
     </span>
    </p>
   </div>
   <div class='ocr_carea' id='block_1_6' title="bbox 127 2166 921 2521">
    <p class='ocr_par' dir='ltr' id='par_1_6' title="bbox 127 2166 921 2521">
     <span class='ocr_line' id='line_1_32' title="bbox 162 2166 920 2244; baseline -0.009 -15"><span class='ocrx_word' id='word_1_314' title='bbox 162 2172 275 2239; x_wconf 82' lang='lat' dir='ltr'><strong>Praesta,</strong></span> <span class='ocrx_word' id='word_1_315' title='bbox 288 2171 412 2235; x_wconf 82' lang='lat' dir='ltr'><strong>Domine,</strong></span> <span class='ocrx_word' id='word_1_316' title='bbox 427 2166 579 2244; x_wconf 87' lang='lat' dir='ltr'><strong>legentibus</strong></span> <span class='ocrx_word' id='word_1_317' title='bbox 598 2167 758 2241; x_wconf 86' lang='lat' dir='ltr'><strong>profectum,</strong></span> <span class='ocrx_word' id='word_1_318' title='bbox 774 2167 920 2240; x_wconf 76' lang='lat' dir='ltr'><strong>querenti·</strong></span> 
     </span>
     <span class='ocr_line' id='line_1_33' title="bbox 127 2258 917 2337; baseline -0.013 -16"><span class='ocrx_word' id='word_1_319' title='bbox 127 2265 179 2321; x_wconf 89' lang='lat' dir='ltr'><strong>bns</strong></span> <span class='ocrx_word' id='word_1_320' title='bbox 192 2265 277 2337; x_wconf 88' lang='lat' dir='ltr'><strong>legem</strong></span> <span class='ocrx_word' id='word_1_321' title='bbox 293 2273 376 2328; x_wconf 91' lang='lat' dir='ltr'><strong>tuam,</strong></span> <span class='ocrx_word' id='word_1_322' title='bbox 389 2269 563 2333; x_wconf 83' lang='lat' dir='ltr'><strong>peceatmum</strong></span> <span class='ocrx_word' id='word_1_323' title='bbox 575 2261 698 2317; x_wconf 89' lang='lat' dir='ltr'><strong>omnium</strong></span> <span class='ocrx_word' id='word_1_324' title='bbox 710 2258 897 2315; x_wconf 89' lang='lat' dir='ltr'><strong>remissionem</strong></span> <span class='ocrx_word' id='word_1_325' title='bbox 911 2274 917 2311; x_wconf 94' lang='lat'><strong>:</strong></span> 
     </span>
     <span class='ocr_line' id='line_1_34' title="bbox 127 2352 920 2428; baseline -0.009 -14"><span class='ocrx_word' id='word_1_326' title='bbox 127 2367 158 2414; x_wconf 90' lang='lat' dir='ltr'><strong>ut</strong></span> <span class='ocrx_word' id='word_1_327' title='bbox 171 2359 217 2428; x_wconf 89' lang='lat' dir='ltr'><strong>qui</strong></span> <span class='ocrx_word' id='word_1_328' title='bbox 230 2357 364 2414; x_wconf 90' lang='lat' dir='ltr'><strong>desiderio</strong></span> <span class='ocrx_word' id='word_1_329' title='bbox 375 2369 474 2428; x_wconf 91' lang='lat' dir='ltr'><strong>magno</strong></span> <span class='ocrx_word' id='word_1_330' title='bbox 484 2356 519 2411; x_wconf 88' lang='lat' dir='ltr'><strong>ad</strong></span> <span class='ocrx_word' id='word_1_331' title='bbox 533 2353 624 2410; x_wconf 89' lang='lat' dir='ltr'><strong>lumen</strong></span> <span class='ocrx_word' id='word_1_332' title='bbox 643 2352 846 2418; x_wconf 80' lang='lat' dir='ltr'><strong>scriotmmum</strong></span> <span class='ocrx_word' id='word_1_333' title='bbox 861 2362 920 2408; x_wconf 89' lang='lat' dir='ltr'><strong>tua·</strong></span> 
     </span>
     <span class='ocr_line' id='line_1_35' title="bbox 128 2447 921 2521; baseline -0.006 -15"><span class='ocrx_word' id='word_1_334' title='bbox 128 2467 190 2506; x_wconf 89' lang='lat' dir='ltr'><strong>rum</strong></span> <span class='ocrx_word' id='word_1_335' title='bbox 201 2449 344 2521; x_wconf 89' lang='lat' dir='ltr'><strong>pervenire</strong></span> <span class='ocrx_word' id='word_1_336' title='bbox 358 2448 492 2520; x_wconf 84' lang='lat' dir='ltr'><strong>cupinrus,</strong></span> <span class='ocrx_word' id='word_1_337' title='bbox 515 2447 596 2505; x_wconf 90' lang='lat' dir='ltr'><strong>nullis</strong></span> <span class='ocrx_word' id='word_1_338' title='bbox 608 2456 729 2519; x_wconf 80' lang='lat' dir='ltr'><strong>peccatis</strong></span> <span class='ocrx_word' id='word_1_339' title='bbox 740 2447 921 2518; x_wconf 84' lang='lat' dir='ltr'><strong>caligantibus</strong></span> 
     </span>
    </p>
   </div>
   <div class='ocr_carea' id='block_1_7' title="bbox 973 2849 1769 3014">
    <p class='ocr_par' dir='ltr' id='par_1_7' title="bbox 973 2849 1769 3014">
     <span class='ocr_line' id='line_1_36' title="bbox 1060 2849 1769 2920; baseline 0 -14"><span class='ocrx_word' id='word_1_340' title='bbox 1060 2851 1191 2906; x_wconf 75' lang='lat' dir='ltr'><strong>fabricam</strong></span> <span class='ocrx_word' id='word_1_341' title='bbox 1219 2855 1292 2905; x_wconf 90' lang='lat' dir='ltr'><strong>tuam</strong></span> <span class='ocrx_word' id='word_1_342' title='bbox 1308 2850 1344 2905; x_wconf 91' lang='lat' dir='ltr'><strong>ab</strong></span> <span class='ocrx_word' id='word_1_343' title='bbox 1362 2849 1409 2905; x_wconf 92' lang='lat' dir='ltr'><strong>illo</strong></span> <span class='ocrx_word' id='word_1_344' title='bbox 1426 2851 1472 2920; x_wconf 90' lang='lat' dir='ltr'><strong>qui</strong></span> <span class='ocrx_word' id='word_1_345' title='bbox 1486 2851 1612 2908; x_wconf 87' lang='lat' dir='ltr'><strong>destruit.</strong></span> <span class='ocrx_word' id='word_1_346' title='bbox 1629 2850 1769 2907; x_wconf 80' lang='lat' dir='ltr'><strong>Dominari</strong></span> 
     </span>
     <span class='ocr_line' id='line_1_37' title="bbox 973 2938 1768 3014; baseline -0.003 -16"><span class='ocrx_word' id='word_1_347' title='bbox 973 2942 1041 2999; x_wconf 88' lang='lat' dir='ltr'><strong>alios</strong></span> <span class='ocrx_word' id='word_1_348' title='bbox 1060 2941 1083 2997; x_wconf 90' lang='lat' dir='ltr'><strong>si</strong></span> <span class='ocrx_word' id='word_1_349' title='bbox 1105 2939 1209 2996; x_wconf 86' lang='lat' dir='ltr'><strong>faciunt</strong></span> <span class='ocrx_word' id='word_1_350' title='bbox 1220 2939 1280 3013; x_wconf 63' lang='grc' dir='ltr'><strong>μζ,</strong></span> <span class='ocrx_word' id='word_1_351' title='bbox 1293 2938 1485 3014; x_wconf 87' lang='lat' dir='ltr'><strong>sicfacit],qui</strong></span> <span class='ocrx_word' id='word_1_352' title='bbox 1499 2943 1599 3012; x_wconf 88' lang='lat' dir='ltr'><strong>seipse</strong></span> <span class='ocrx_word' id='word_1_353' title='bbox 1608 2942 1768 2998; x_wconf 80' lang='lat' dir='ltr'><strong>damnavit:</strong></span> 
     </span>
    </p>
   </div>
   <div class='ocr_carea' id='block_1_8' title="bbox 129 3031 1770 3181">
    <p class='ocr_par' dir='ltr' id='par_1_8' title="bbox 129 3031 1770 3181">
     <span class='ocr_line' id='line_1_38' title="bbox 221 3031 1770 3104; baseline -0.005 -7"><span class='ocrx_word' id='word_1_354' title='bbox 221 3090 226 3104; x_wconf 83' lang='lat'><strong><em>.</em></strong></span> <span class='ocrx_word' id='word_1_355' title='bbox 781 3092 787 3104; x_wconf 73' lang='grc'><em>,</em></span> <span class='ocrx_word' id='word_1_356' title='bbox 841 3093 847 3104; x_wconf 74' lang='grc'>,</span> <span class='ocrx_word' id='word_1_357' title='bbox 974 3031 1321 3104; x_wconf 86' lang='lat' dir='ltr'><strong>sedpotinsilleenmsuis</strong></span> <span class='ocrx_word' id='word_1_358' title='bbox 1338 3040 1454 3103; x_wconf 87' lang='lat' dir='ltr'><strong>pereat,</strong></span> <span class='ocrx_word' id='word_1_359' title='bbox 1475 3032 1521 3104; x_wconf 88' lang='lat' dir='ltr'><strong>qui</strong></span> <span class='ocrx_word' id='word_1_360' title='bbox 1535 3035 1651 3104; x_wconf 84' lang='lat' dir='ltr'><strong>perdere</strong></span> <span class='ocrx_word' id='word_1_361' title='bbox 1670 3041 1770 3090; x_wconf 85' lang='lat' dir='ltr'><strong>cuncta</strong></span> 
     </span>
     <span class='ocr_line' id='line_1_39' title="bbox 129 3088 1376 3181; baseline -0.001 -36"><span class='ocrx_word' id='word_1_362' title='bbox 129 3105 187 3154; x_wconf 88' lang='lat' dir='ltr'><strong>nos,</strong></span> <span class='ocrx_word' id='word_1_363' title='bbox 201 3106 244 3160; x_wconf 89' lang='lat' dir='ltr'><strong>pre</strong></span> <span class='ocrx_word' id='word_1_364' title='bbox 256 3088 326 3156; x_wconf 81' lang='lat' dir='ltr'><strong>liet,</strong></span> <span class='ocrx_word' id='word_1_365' title='bbox 338 3097 433 3146; x_wconf 88' lang='lat' dir='ltr'><strong>contra</strong></span> <span class='ocrx_word' id='word_1_366' title='bbox 448 3099 559 3161; x_wconf 89' lang='lat' dir='ltr'><strong>peecata</strong></span> <span class='ocrx_word' id='word_1_367' title='bbox 581 3098 673 3147; x_wconf 87' lang='lat' dir='ltr'><strong>nostra</strong></span> <span class='ocrx_word' id='word_1_368' title='bbox 686 3108 693 3157; x_wconf 76' lang='grc' dir='ltr'>ς</span> <span class='ocrx_word' id='word_1_369' title='bbox 707 3101 735 3147; x_wconf 92' lang='lat' dir='ltr'><strong>et</strong></span> <span class='ocrx_word' id='word_1_370' title='bbox 747 3107 822 3162; x_wconf 82' lang='lat' dir='ltr'><strong>prins</strong></span> <span class='ocrx_word' id='word_1_371' title='bbox 840 3092 884 3147; x_wconf 80' lang='lat' dir='ltr'><strong>illa</strong></span> <span class='ocrx_word' id='word_1_372' title='bbox 905 3103 958 3167; x_wconf 79' lang='lat' dir='ltr'><strong>ac</strong></span> <span class='ocrx_word' id='word_1_373' title='bbox 973 3123 1085 3181; x_wconf 51' lang='lat' dir='ltr'><strong>festina,</strong></span> <span class='ocrx_word' id='word_1_374' title='bbox 1086 3163 1141 3178; x_wconf 34' lang='grc'><strong>.....</strong></span> <span class='ocrx_word' id='word_1_375' title='bbox 1159 3123 1262 3180; x_wconf 58' lang='lat' dir='ltr'><strong>cmm</strong></span> <span class='ocrx_word' id='word_1_376' title='bbox 1273 3124 1376 3180; x_wconf 40' lang='lat' dir='ltr'><strong>dmm·</strong></span> 
     </span>
    </p>
   </div>
   <div class='ocr_carea' id='block_1_9' title="bbox 129 3180 1651 3362">
    <p class='ocr_par' dir='ltr' id='par_1_9' title="bbox 129 3180 1651 3362">
     <span class='ocr_line' id='line_1_40' title="bbox 129 3180 918 3253; baseline 0 -17"><span class='ocrx_word' id='word_1_377' title='bbox 129 3183 208 3237; x_wconf 85' lang='lat' dir='ltr'><strong>nobis</strong></span> <span class='ocrx_word' id='word_1_378' title='bbox 220 3195 345 3247; x_wconf 88' lang='lat' dir='ltr'><strong>remove,</strong></span> <span class='ocrx_word' id='word_1_379' title='bbox 356 3191 502 3252; x_wconf 89' lang='lat' dir='ltr'><strong>antequam</strong></span> <span class='ocrx_word' id='word_1_380' title='bbox 518 3197 566 3237; x_wconf 89' lang='lat' dir='ltr'><strong>nos</strong></span> <span class='ocrx_word' id='word_1_381' title='bbox 579 3196 628 3251; x_wconf 91' lang='lat' dir='ltr'><strong>per</strong></span> <span class='ocrx_word' id='word_1_382' title='bbox 642 3196 674 3237; x_wconf 85' lang='lat' dir='ltr'><strong>ea</strong></span> <span class='ocrx_word' id='word_1_383' title='bbox 689 3180 762 3250; x_wconf 87' lang='lat' dir='ltr'><strong>juste</strong></span> <span class='ocrx_word' id='word_1_384' title='bbox 782 3182 870 3253; x_wconf 90' lang='lat' dir='ltr'><strong>possis</strong></span> <span class='ocrx_word' id='word_1_385' title='bbox 891 3182 918 3236; x_wconf 92' lang='lat' dir='ltr'><strong>in</strong></span> 
     </span>
     <span class='ocr_line' id='line_1_41' title="bbox 130 3274 1651 3362; baseline -0.006 -32"><span class='ocrx_word' id='word_1_386' title='bbox 130 3284 175 3330; x_wconf 91' lang='lat' dir='ltr'><strong>tua</strong></span> <span class='ocrx_word' id='word_1_387' title='bbox 189 3276 389 3330; x_wconf 86' lang='lat' dir='ltr'><strong>examinatione</strong></span> <span class='ocrx_word' id='word_1_388' title='bbox 411 3277 549 3331; x_wconf 88' lang='lat' dir='ltr'><strong>damnare.</strong></span> <span class='ocrx_word' id='word_1_389' title='bbox 573 3275 643 3343; x_wconf 84' lang='lat' dir='ltr'><strong>Quid</strong></span> <span class='ocrx_word' id='word_1_390' title='bbox 657 3274 734 3330; x_wconf 90' lang='lat' dir='ltr'><strong>nobis</strong></span> <span class='ocrx_word' id='word_1_391' title='bbox 747 3283 839 3330; x_wconf 87' lang='lat' dir='ltr'><strong>nostra</strong></span> <span class='ocrx_word' id='word_1_392' title='bbox 855 3274 920 3330; x_wconf 88' lang='lat' dir='ltr'><strong>insi-</strong></span> <span class='ocrx_word' id='word_1_393' title='bbox 1089 3302 1219 3362; x_wconf 62' lang='lat' dir='ltr'><strong>mmm</strong></span> <span class='ocrx_word' id='word_1_394' title='bbox 1238 3302 1269 3357; x_wconf 41' lang='lat' dir='ltr'><strong>D·</strong></span> <span class='ocrx_word' id='word_1_395' title='bbox 1289 3302 1428 3359; x_wconf 55' lang='lat' dir='ltr'>ALCUINI</span> <span class='ocrx_word' id='word_1_396' title='bbox 1444 3302 1478 3358; x_wconf 62' lang='lat' dir='ltr'><strong>IN</strong></span> <span class='ocrx_word' id='word_1_397' title='bbox 1497 3302 1611 3360; x_wconf 65' lang='lat' dir='ltr'><strong>NOCTE</strong></span> <span class='ocrx_word' id='word_1_398' title='bbox 1626 3317 1651 3358; x_wconf 33' lang='lat'><strong>,⁹</strong></span> 
     </span>
    </p>
   </div>
   <div class='ocr_carea' id='block_1_10' title="bbox 56 3363 922 3435">
    <p class='ocr_par' dir='ltr' id='par_1_10' title="bbox 56 3363 922 3435">
     <span class='ocr_line' id='line_1_42' title="bbox 56 3363 922 3435; baseline 0.001 -18"><span class='ocrx_word' id='word_1_399' title='bbox 56 3389 61 3397; x_wconf 80' lang='grc'><em>·</em></span> <span class='ocrx_word' id='word_1_400' title='bbox 130 3365 222 3419; x_wconf 89' lang='lat' dir='ltr'><strong>diator</strong></span> <span class='ocrx_word' id='word_1_401' title='bbox 236 3365 380 3433; x_wconf 83' lang='lat' dir='ltr'><strong>iniqnitas?</strong></span> <span class='ocrx_word' id='word_1_402' title='bbox 392 3363 462 3431; x_wconf 82' lang='lat' dir='ltr'><strong>Quid</strong></span> <span class='ocrx_word' id='word_1_403' title='bbox 474 3372 567 3420; x_wconf 89' lang='lat' dir='ltr'><strong>contra</strong></span> <span class='ocrx_word' id='word_1_404' title='bbox 581 3379 631 3419; x_wconf 92' lang='lat' dir='ltr'><strong>nos</strong></span> <span class='ocrx_word' id='word_1_405' title='bbox 644 3363 741 3419; x_wconf 85' lang='lat' dir='ltr'><strong>delicta</strong></span> <span class='ocrx_word' id='word_1_406' title='bbox 752 3363 922 3435; x_wconf 84' lang='lat' dir='ltr'><strong>confligunt?</strong></span> 
     </span>
    </p>
   </div>
   <div class='ocr_carea' id='block_1_11' title="bbox 129 3452 1747 3800">
    <p class='ocr_par' dir='ltr' id='par_1_11' title="bbox 129 3452 1713 3615">
     <span class='ocr_line' id='line_1_43' title="bbox 129 3452 1713 3535; baseline -0.002 -26"><span class='ocrx_word' id='word_1_407' title='bbox 129 3453 289 3509; x_wconf 80' lang='lat' dir='ltr'><strong>Creatorem</strong></span> <span class='ocrx_word' id='word_1_408' title='bbox 303 3461 377 3507; x_wconf 90' lang='lat' dir='ltr'><strong>tnam</strong></span> <span class='ocrx_word' id='word_1_409' title='bbox 390 3461 513 3508; x_wconf 89' lang='lat' dir='ltr'><strong>evertere</strong></span> <span class='ocrx_word' id='word_1_410' title='bbox 528 3454 651 3523; x_wconf 86' lang='lat' dir='ltr'><strong>cupiunt,</strong></span> <span class='ocrx_word' id='word_1_411' title='bbox 661 3454 706 3524; x_wconf 91' lang='lat' dir='ltr'><strong>qni</strong></span> <span class='ocrx_word' id='word_1_412' title='bbox 716 3452 789 3508; x_wconf 88' lang='lat' dir='ltr'><strong>nulla</strong></span> <span class='ocrx_word' id='word_1_413' title='bbox 799 3455 922 3509; x_wconf 87' lang='lat' dir='ltr'><strong>substan·</strong></span> <span class='ocrx_word' id='word_1_414' title='bbox 975 3456 1027 3524; x_wconf 81' lang='lat' dir='ltr'><strong>Qui</strong></span> <span class='ocrx_word' id='word_1_415' title='bbox 1039 3455 1146 3528; x_wconf 88' lang='lat' dir='ltr'><strong>placido</strong></span> <span class='ocrx_word' id='word_1_416' title='bbox 1159 3454 1186 3509; x_wconf 90' lang='lat' dir='ltr'><strong>in</strong></span> <span class='ocrx_word' id='word_1_417' title='bbox 1198 3454 1280 3525; x_wconf 92' lang='lat' dir='ltr'><strong>puppi</strong></span> <span class='ocrx_word' id='word_1_418' title='bbox 1295 3452 1423 3535; x_wconf 78' lang='lat' dir='ltr'><strong>carpebat</strong></span> <span class='ocrx_word' id='word_1_419' title='bbox 1436 3461 1547 3525; x_wconf 87' lang='lat' dir='ltr'><strong>pectore</strong></span> <span class='ocrx_word' id='word_1_420' title='bbox 1566 3467 1690 3509; x_wconf 85' lang='lat' dir='ltr'><strong>somnum</strong></span> <span class='ocrx_word' id='word_1_421' title='bbox 1705 3493 1713 3517; x_wconf 92' lang='lat'><strong>,</strong></span> 
     </span>
     <span class='ocr_line' id='line_1_44' title="bbox 130 3542 1563 3615; baseline -0.001 -18"><span class='ocrx_word' id='word_1_422' title='bbox 130 3544 169 3598; x_wconf 87' lang='lat' dir='ltr'><strong>tia</strong></span> <span class='ocrx_word' id='word_1_423' title='bbox 184 3543 310 3599; x_wconf 88' lang='lat' dir='ltr'><strong>firmitate</strong></span> <span class='ocrx_word' id='word_1_424' title='bbox 326 3543 478 3598; x_wconf 87' lang='lat' dir='ltr'><strong>consistunt</strong></span> <span class='ocrx_word' id='word_1_425' title='bbox 482 3583 536 3598; x_wconf 89' lang='grc'><strong>.....</strong></span> <span class='ocrx_word' id='word_1_426' title='bbox 552 3543 686 3609; x_wconf 90' lang='lat' dir='ltr'><strong>diabolus,</strong></span> <span class='ocrx_word' id='word_1_427' title='bbox 697 3560 747 3600; x_wconf 90' lang='lat' dir='ltr'><strong>eur</strong></span> <span class='ocrx_word' id='word_1_428' title='bbox 757 3560 807 3600; x_wconf 91' lang='lat' dir='ltr'><strong>nos</strong></span> <span class='ocrx_word' id='word_1_429' title='bbox 819 3546 921 3601; x_wconf 85' lang='lat' dir='ltr'><strong>insatu-</strong></span> <span class='ocrx_word' id='word_1_430' title='bbox 1011 3547 1167 3615; x_wconf 81' lang='lat' dir='ltr'><strong>Exsurgens</strong></span> <span class='ocrx_word' id='word_1_431' title='bbox 1183 3543 1271 3598; x_wconf 88' lang='lat' dir='ltr'><strong>ventis</strong></span> <span class='ocrx_word' id='word_1_432' title='bbox 1286 3543 1400 3614; x_wconf 89' lang='lat' dir='ltr'><strong>imperat</strong></span> <span class='ocrx_word' id='word_1_433' title='bbox 1415 3552 1443 3599; x_wconf 92' lang='lat' dir='ltr'><strong>et</strong></span> <span class='ocrx_word' id='word_1_434' title='bbox 1458 3542 1563 3613; x_wconf 90' lang='lat' dir='ltr'><strong>pelago.</strong></span> 
     </span>
    </p>

    <p class='ocr_par' dir='ltr' id='par_1_12' title="bbox 132 3631 1747 3800">
     <span class='ocr_line' id='line_1_45' title="bbox 132 3631 1747 3708; baseline -0.001 -20"><span class='ocrx_word' id='word_1_435' title='bbox 132 3634 210 3688; x_wconf 77' lang='lat' dir='ltr'><strong>mlrlli</strong></span> <span class='ocrx_word' id='word_1_436' title='bbox 234 3633 325 3689; x_wconf 88' lang='lat' dir='ltr'><strong>dolore</strong></span> <span class='ocrx_word' id='word_1_437' title='bbox 346 3633 542 3705; x_wconf 80' lang='lat' dir='ltr'><strong>prosequitur?</strong></span> <span class='ocrx_word' id='word_1_438' title='bbox 572 3631 698 3704; x_wconf 84' lang='lat' dir='ltr'><strong>Numquid</strong></span> <span class='ocrx_word' id='word_1_439' title='bbox 720 3633 756 3689; x_wconf 92' lang='lat' dir='ltr'><strong>illi</strong></span> <span class='ocrx_word' id='word_1_440' title='bbox 780 3635 922 3691; x_wconf 89' lang='lat' dir='ltr'><strong>consilinm</strong></span> <span class='ocrx_word' id='word_1_441' title='bbox 976 3639 1058 3696; x_wconf 82' lang='lat' dir='ltr'><strong>Fessa</strong></span> <span class='ocrx_word' id='word_1_442' title='bbox 1075 3638 1168 3693; x_wconf 90' lang='lat' dir='ltr'><strong>labore</strong></span> <span class='ocrx_word' id='word_1_443' title='bbox 1183 3637 1259 3708; x_wconf 80' lang='lat' dir='ltr'><strong>gravi</strong></span> <span class='ocrx_word' id='word_1_444' title='bbox 1273 3636 1398 3707; x_wconf 86' lang='lat' dir='ltr'><strong>quamvis</strong></span> <span class='ocrx_word' id='word_1_445' title='bbox 1411 3635 1456 3690; x_wconf 89' lang='lat' dir='ltr'><strong>hie</strong></span> <span class='ocrx_word' id='word_1_446' title='bbox 1469 3635 1590 3690; x_wconf 89' lang='lat' dir='ltr'><strong>membra</strong></span> <span class='ocrx_word' id='word_1_447' title='bbox 1604 3633 1747 3703; x_wconf 86' lang='lat' dir='ltr'><strong>quiescant</strong></span> 
     </span>
     <span class='ocr_line' id='line_1_46' title="bbox 132 3724 1534 3800; baseline -0.003 -19"><span class='ocrx_word' id='word_1_448' title='bbox 132 3727 274 3793; x_wconf 87' lang='lat' dir='ltr'><strong>dedimus,</strong></span> <span class='ocrx_word' id='word_1_449' title='bbox 287 3737 316 3782; x_wconf 90' lang='lat' dir='ltr'><strong>ut</strong></span> <span class='ocrx_word' id='word_1_450' title='bbox 330 3728 377 3781; x_wconf 89' lang='lat' dir='ltr'><strong>tibi</strong></span> <span class='ocrx_word' id='word_1_451' title='bbox 400 3727 514 3783; x_wconf 85' lang='lat' dir='ltr'><strong>Donrino</strong></span> <span class='ocrx_word' id='word_1_452' title='bbox 538 3728 670 3800; x_wconf 89' lang='lat' dir='ltr'><strong>superbus</strong></span> <span class='ocrx_word' id='word_1_453' title='bbox 683 3729 832 3797; x_wconf 84' lang='lat' dir='ltr'><strong>existeret,</strong></span> <span class='ocrx_word' id='word_1_454' title='bbox 844 3740 871 3784; x_wconf 91' lang='lat' dir='ltr'><strong>et</strong></span> <span class='ocrx_word' id='word_1_455' title='bbox 890 3732 924 3788; x_wconf 92' lang='lat' dir='ltr'><strong>de</strong></span> <span class='ocrx_word' id='word_1_456' title='bbox 1011 3730 1052 3784; x_wconf 78' lang='lat' dir='ltr'><strong>ild</strong></span> <span class='ocrx_word' id='word_1_457' title='bbox 1063 3744 1092 3784; x_wconf 90' lang='lat' dir='ltr'><strong>se</strong></span> <span class='ocrx_word' id='word_1_458' title='bbox 1102 3726 1235 3783; x_wconf 84' lang='lat' dir='ltr'><strong>correedat</strong></span> <span class='ocrx_word' id='word_1_459' title='bbox 1245 3741 1293 3781; x_wconf 90' lang='lat' dir='ltr'><strong>eor</strong></span> <span class='ocrx_word' id='word_1_460' title='bbox 1306 3724 1419 3796; x_wconf 85' lang='lat' dir='ltr'><strong>vigilare</strong></span> <span class='ocrx_word' id='word_1_461' title='bbox 1432 3739 1534 3780; x_wconf 87' lang='lat' dir='ltr'><strong>meum.</strong></span> 
     </span>
    </p>
   </div>
   <div class='ocr_carea' id='block_1_12' title="bbox 93 3807 1671 3895">
    <p class='ocr_par' dir='ltr' id='par_1_13' title="bbox 93 3807 1671 3895">
     <span class='ocr_line' id='line_1_47' title="bbox 93 3807 1671 3895; baseline 0 -24"><span class='ocrx_word' id='word_1_462' title='bbox 93 3807 97 3816; x_wconf 59' lang='lat'><strong>⁴</strong></span> <span class='ocrx_word' id='word_1_463' title='bbox 134 3818 298 3873; x_wconf 82' lang='lat' dir='ltr'><strong>beatitudine</strong></span> <span class='ocrx_word' id='word_1_464' title='bbox 311 3819 409 3874; x_wconf 89' lang='lat' dir='ltr'><strong>collata</strong></span> <span class='ocrx_word' id='word_1_465' title='bbox 424 3819 553 3884; x_wconf 87' lang='lat' dir='ltr'><strong>caderet,</strong></span> <span class='ocrx_word' id='word_1_466' title='bbox 575 3835 636 3874; x_wconf 90' lang='lat' dir='ltr'><strong>eum</strong></span> <span class='ocrx_word' id='word_1_467' title='bbox 657 3826 739 3875; x_wconf 82' lang='lat' dir='ltr'><strong>tantae</strong></span> <span class='ocrx_word' id='word_1_468' title='bbox 759 3837 808 3892; x_wconf 89' lang='lat' dir='ltr'><strong>per</strong></span> <span class='ocrx_word' id='word_1_469' title='bbox 827 3823 925 3877; x_wconf 79' lang='lat' dir='ltr'><strong>terir-</strong></span> <span class='ocrx_word' id='word_1_470' title='bbox 977 3819 1229 3895; x_wconf 77' lang='lat' dir='ltr'><strong>Agrreliei,mundi</strong></span> <span class='ocrx_word' id='word_1_471' title='bbox 1248 3817 1426 3888; x_wconf 88' lang='lat' dir='ltr'><strong>quierimina</strong></span> <span class='ocrx_word' id='word_1_472' title='bbox 1444 3825 1539 3872; x_wconf 88' lang='lat' dir='ltr'><strong>cuncta</strong></span> <span class='ocrx_word' id='word_1_473' title='bbox 1562 3816 1671 3882; x_wconf 88' lang='lat' dir='ltr'><strong>tulisti,</strong></span> 
     </span>
    </p>
   </div>
   <div class='ocr_carea' id='block_1_13' title="bbox 134 3908 1625 3982">
    <p class='ocr_par' dir='ltr' id='par_1_14' title="bbox 134 3908 1625 3982">
     <span class='ocr_line' id='line_1_48' title="bbox 134 3908 1625 3982; baseline -0.002 -17"><span class='ocrx_word' id='word_1_474' title='bbox 134 3911 200 3965; x_wconf 88' lang='lat' dir='ltr'><strong>tutis</strong></span> <span class='ocrx_word' id='word_1_475' title='bbox 210 3911 323 3982; x_wconf 84' lang='lat' dir='ltr'><strong>insignia</strong></span> <span class='ocrx_word' id='word_1_476' title='bbox 336 3910 513 3980; x_wconf 79' lang='lat' dir='ltr'><strong>possideret?</strong></span> <span class='ocrx_word' id='word_1_477' title='bbox 524 3908 645 3965; x_wconf 84' lang='lat' dir='ltr'><strong>Sufficiat</strong></span> <span class='ocrx_word' id='word_1_478' title='bbox 655 3912 726 3982; x_wconf 91' lang='lat' dir='ltr'><strong>quod</strong></span> <span class='ocrx_word' id='word_1_479' title='bbox 737 3926 787 3967; x_wconf 86' lang='lat' dir='ltr'><strong>nos</strong></span> <span class='ocrx_word' id='word_1_480' title='bbox 800 3911 828 3967; x_wconf 90' lang='lat' dir='ltr'><strong>in</strong></span> <span class='ocrx_word' id='word_1_481' title='bbox 838 3911 923 3967; x_wconf 81' lang='lat' dir='ltr'><strong>Adam</strong></span> <span class='ocrx_word' id='word_1_482' title='bbox 1011 3912 1147 3969; x_wconf 85' lang='lat' dir='ltr'><strong>Conserva</strong></span> <span class='ocrx_word' id='word_1_483' title='bbox 1164 3910 1284 3980; x_wconf 88' lang='lat' dir='ltr'><strong>requiem</strong></span> <span class='ocrx_word' id='word_1_484' title='bbox 1299 3908 1373 3963; x_wconf 90' lang='lat' dir='ltr'><strong>mitis</strong></span> <span class='ocrx_word' id='word_1_485' title='bbox 1386 3909 1420 3963; x_wconf 89' lang='lat' dir='ltr'><strong>ab</strong></span> <span class='ocrx_word' id='word_1_486' title='bbox 1433 3909 1511 3964; x_wconf 88' lang='lat' dir='ltr'><strong>hoste</strong></span> <span class='ocrx_word' id='word_1_487' title='bbox 1526 3922 1625 3963; x_wconf 75' lang='lat' dir='ltr'><strong>menan.</strong></span> 
     </span>
    </p>
   </div>
   <div class='ocr_carea' id='block_1_14' title="bbox 132 4042 1772 4255">
    <p class='ocr_par' dir='ltr' id='par_1_15' title="bbox 132 4042 1772 4255">
     <span class='ocr_line' id='line_1_49' title="bbox 170 4042 1772 4114; baseline -0.001 -17"><span class='ocrx_word' id='word_1_488' title='bbox 170 4053 181 4080; x_wconf 90' lang='lat'><strong>·</strong></span> <span class='ocrx_word' id='word_1_489' title='bbox 197 4043 253 4099; x_wconf 88' lang='lat' dir='ltr'><strong>lloc</strong></span> <span class='ocrx_word' id='word_1_490' title='bbox 266 4058 375 4099; x_wconf 88' lang='lat' dir='ltr'><strong>carmen</strong></span> <span class='ocrx_word' id='word_1_491' title='bbox 388 4051 478 4098; x_wconf 83' lang='lat' dir='ltr'><strong>exstat</strong></span> <span class='ocrx_word' id='word_1_492' title='bbox 489 4044 540 4099; x_wconf 88' lang='lat' dir='ltr'><strong>snb</strong></span> <span class='ocrx_word' id='word_1_493' title='bbox 550 4043 771 4099; x_wconf 80' lang='lat' dir='ltr'><strong>nominenteuint</strong></span> <span class='ocrx_word' id='word_1_494' title='bbox 783 4044 810 4099; x_wconf 92' lang='lat' dir='ltr'><strong>in</strong></span> <span class='ocrx_word' id='word_1_495' title='bbox 822 4043 925 4102; x_wconf 87' lang='lat' dir='ltr'><strong>Libello</strong></span> <span class='ocrx_word' id='word_1_496' title='bbox 977 4047 1027 4102; x_wconf 89' lang='lat' dir='ltr'><strong>rali</strong></span> <span class='ocrx_word' id='word_1_497' title='bbox 1042 4045 1207 4101; x_wconf 85' lang='lat' dir='ltr'><strong>bibliotheca</strong></span> <span class='ocrx_word' id='word_1_498' title='bbox 1217 4042 1371 4099; x_wconf 75' lang='lat' dir='ltr'><strong>bonusest</strong></span> <span class='ocrx_word' id='word_1_499' title='bbox 1385 4053 1503 4104; x_wconf 84' lang='lat' dir='ltr'><strong>serrato,</strong></span> <span class='ocrx_word' id='word_1_500' title='bbox 1517 4058 1597 4113; x_wconf 88' lang='lat' dir='ltr'><strong>quern</strong></span> <span class='ocrx_word' id='word_1_501' title='bbox 1611 4042 1684 4114; x_wconf 79' lang='lat' dir='ltr'><strong>typis</strong></span> <span class='ocrx_word' id='word_1_502' title='bbox 1694 4054 1772 4095; x_wconf 89' lang='lat' dir='ltr'><strong>man·</strong></span> 
     </span>
     <span class='ocr_line' id='line_1_50' title="bbox 132 4109 1772 4184; baseline -0.001 -17"><span class='ocrx_word' id='word_1_503' title='bbox 132 4114 316 4184; x_wconf 86' lang='lat' dir='ltr'><strong>precationum</strong></span> <span class='ocrx_word' id='word_1_504' title='bbox 334 4113 424 4170; x_wconf 86' lang='lat' dir='ltr'><strong>Caroli</strong></span> <span class='ocrx_word' id='word_1_505' title='bbox 446 4113 542 4180; x_wconf 83' lang='lat' dir='ltr'><strong>Calvi,</strong></span> <span class='ocrx_word' id='word_1_506' title='bbox 564 4130 599 4168; x_wconf 80' lang='lat' dir='ltr'><strong>ex</strong></span> <span class='ocrx_word' id='word_1_507' title='bbox 612 4116 704 4171; x_wconf 87' lang='lat' dir='ltr'><strong>codice</strong></span> <span class='ocrx_word' id='word_1_508' title='bbox 722 4116 813 4170; x_wconf 88' lang='lat' dir='ltr'><strong>aureis</strong></span> <span class='ocrx_word' id='word_1_509' title='bbox 829 4115 926 4171; x_wconf 88' lang='lat' dir='ltr'><strong>litteris</strong></span> <span class='ocrx_word' id='word_1_510' title='bbox 978 4115 1094 4173; x_wconf 83' lang='lat' dir='ltr'><strong>davitF.</strong></span> <span class='ocrx_word' id='word_1_511' title='bbox 1112 4114 1265 4171; x_wconf 83' lang='lat' dir='ltr'><strong>Felicianus</strong></span> <span class='ocrx_word' id='word_1_512' title='bbox 1280 4112 1424 4184; x_wconf 90' lang='lat' dir='ltr'><strong>episcopus</strong></span> <span class='ocrx_word' id='word_1_513' title='bbox 1442 4113 1598 4170; x_wconf 89' lang='lat' dir='ltr'><strong>Scaldensis</strong></span> <span class='ocrx_word' id='word_1_514' title='bbox 1612 4109 1772 4184; x_wconf 84' lang='lat' dir='ltr'><strong>lngolstadii</strong></span> 
     </span>
     <span class='ocr_line' id='line_1_51' title="bbox 133 4185 1242 4255; baseline 0 -17"><span class='ocrx_word' id='word_1_515' title='bbox 133 4185 235 4253; x_wconf 89' lang='lat' dir='ltr'><strong>scripto</strong></span> <span class='ocrx_word' id='word_1_516' title='bbox 251 4192 279 4239; x_wconf 90' lang='lat' dir='ltr'><strong>et</strong></span> <span class='ocrx_word' id='word_1_517' title='bbox 295 4185 415 4254; x_wconf 84' lang='lat' dir='ltr'><strong>pretiose</strong></span> <span class='ocrx_word' id='word_1_518' title='bbox 430 4186 566 4255; x_wconf 88' lang='lat' dir='ltr'><strong>quondam</strong></span> <span class='ocrx_word' id='word_1_519' title='bbox 577 4192 674 4240; x_wconf 90' lang='lat' dir='ltr'><strong>ornato</strong></span> <span class='ocrx_word' id='word_1_520' title='bbox 686 4194 767 4255; x_wconf 88' lang='lat' dir='ltr'><strong>atque</strong></span> <span class='ocrx_word' id='word_1_521' title='bbox 781 4185 807 4240; x_wconf 90' lang='lat' dir='ltr'><strong>in</strong></span> <span class='ocrx_word' id='word_1_522' title='bbox 820 4185 927 4243; x_wconf 88' lang='lat' dir='ltr'><strong>Electo-</strong></span> <span class='ocrx_word' id='word_1_523' title='bbox 976 4202 1050 4241; x_wconf 82' lang='lat' dir='ltr'><strong>antro</strong></span> <span class='ocrx_word' id='word_1_524' title='bbox 1067 4185 1149 4244; x_wconf 77' lang='lat'><strong>1583.</strong></span> <span class='ocrx_word' id='word_1_525' title='bbox 1162 4185 1242 4240; x_wconf 74' lang='lat' dir='ltr'><strong>iri-8⁰.</strong></span> 
     </span>
    </p>
   </div>
   <div class='ocr_carea' id='block_1_15' title="bbox 488 4503 1417 4640">
    <p class='ocr_par' dir='ltr' id='par_1_16' title="bbox 488 4503 1417 4640">
     <span class='ocr_line' id='line_1_52' title="bbox 488 4503 1417 4640; baseline 0.017 -35"><span class='ocrx_word' id='word_1_526' title='bbox 488 4505 1010 4624; x_wconf 85' lang='lat' dir='ltr'><strong>rarOPUSCULUM</strong></span> <span class='ocrx_word' id='word_1_527' title='bbox 1052 4503 1417 4640; x_wconf 80' lang='lat' dir='ltr'><strong>QUARTUM.</strong></span> 
     </span>
    </p>
   </div>
   <div class='ocr_carea' id='block_1_16' title="bbox 414 4736 1490 4988">
    <p class='ocr_par' dir='ltr' id='par_1_17' title="bbox 414 4736 1490 4988">
     <span class='ocr_line' id='line_1_53' title="bbox 414 4736 1490 4826; baseline 0.005 -5"><span class='ocrx_word' id='word_1_528' title='bbox 414 4737 655 4824; x_wconf 79' lang='lat' dir='ltr'><strong>ALCUllil</strong></span> <span class='ocrx_word' id='word_1_529' title='bbox 689 4738 769 4822; x_wconf 83' lang='lat' dir='ltr'><strong>DE</strong></span> <span class='ocrx_word' id='word_1_530' title='bbox 810 4736 1082 4822; x_wconf 84' lang='lat' dir='ltr'><strong>BAPTISMI</strong></span> <span class='ocrx_word' id='word_1_531' title='bbox 1115 4736 1490 4826; x_wconf 85' lang='lat' dir='ltr'><strong>CAEREMONIIS</strong></span> 
     </span>
     <span class='ocr_line' id='line_1_54' title="bbox 552 4920 1358 4988; baseline -0.004 -1"><span class='ocrx_word' id='word_1_532' title='bbox 552 4925 607 4987; x_wconf 81' lang='lat' dir='ltr'><strong>an</strong></span> <span class='ocrx_word' id='word_1_533' title='bbox 629 4924 813 4988; x_wconf 80' lang='lat' dir='ltr'><strong>obernum</strong></span> <span class='ocrx_word' id='word_1_534' title='bbox 840 4922 1131 4985; x_wconf 82' lang='lat' dir='ltr'><strong>rasssvrsmnr</strong></span> <span class='ocrx_word' id='word_1_535' title='bbox 1152 4920 1358 4984; x_wconf 77' lang='lat' dir='ltr'><strong>sererent.</strong></span> 
     </span>
    </p>
   </div>
   <div class='ocr_carea' id='block_1_17' title="bbox 817 5049 1083 5066">
    <p class='ocr_par' dir='ltr' id='par_1_18' title="bbox 817 5049 1083 5066">
     <span class='ocr_line' id='line_1_55' title="bbox 817 5049 1083 5066; baseline 0 -4"><span class='ocrx_word' id='word_1_536' title='bbox 817 5049 1083 5066; x_wconf 41' lang='grc' dir='ltr'><strong>*ἡ</strong></span> 
     </span>
    </p>
   </div>
   <div class='ocr_carea' id='block_1_18' title="bbox 136 5129 1778 5485">
    <p class='ocr_par' dir='ltr' id='par_1_19' title="bbox 136 5129 1778 5395">
     <span class='ocr_line' id='line_1_56' title="bbox 171 5129 1778 5214; baseline 0.001 -15"><span class='ocrx_word' id='word_1_537' title='bbox 171 5145 283 5199; x_wconf 76' lang='lat' dir='ltr'><strong>Albinus</strong></span> <span class='ocrx_word' id='word_1_538' title='bbox 306 5137 435 5210; x_wconf 84' lang='lat' dir='ltr'><strong>magister</strong></span> <span class='ocrx_word' id='word_1_539' title='bbox 463 5134 518 5191; x_wconf 82' lang='lat' dir='ltr'><strong>flio</strong></span> <span class='ocrx_word' id='word_1_540' title='bbox 541 5132 702 5190; x_wconf 85' lang='lat' dir='ltr'><strong>charissimo</strong></span> <span class='ocrx_word' id='word_1_541' title='bbox 724 5130 832 5188; x_wconf 87' lang='lat' dir='ltr'><strong>Oduino</strong></span> <span class='ocrx_word' id='word_1_542' title='bbox 857 5129 922 5203; x_wconf 81' lang='lat' dir='ltr'><strong>[lfa.</strong></span> <span class='ocrx_word' id='word_1_543' title='bbox 939 5132 1003 5192; x_wconf 82' lang='lat' dir='ltr'><strong>Dte</strong></span> <span class='ocrx_word' id='word_1_544' title='bbox 1020 5131 1164 5208; x_wconf 78' lang='lat' dir='ltr'><strong>diligenter</strong></span> <span class='ocrx_word' id='word_1_545' title='bbox 1175 5148 1225 5204; x_wconf 92' lang='lat' dir='ltr'><strong>per</strong></span> <span class='ocrx_word' id='word_1_546' title='bbox 1239 5134 1340 5189; x_wconf 90' lang='lat' dir='ltr'><strong>donum</strong></span> <span class='ocrx_word' id='word_1_547' title='bbox 1359 5133 1407 5190; x_wconf 85' lang='lat' dir='ltr'><strong>liei</strong></span> <span class='ocrx_word' id='word_1_548' title='bbox 1423 5135 1531 5193; x_wconf 89' lang='lat' dir='ltr'><strong>erudire</strong></span> <span class='ocrx_word' id='word_1_549' title='bbox 1544 5138 1661 5214; x_wconf 81' lang='lat' dir='ltr'><strong>curari),</strong></span> <span class='ocrx_word' id='word_1_550' title='bbox 1674 5143 1710 5199; x_wconf 82' lang='lat' dir='ltr'><strong>ad</strong></span> <span class='ocrx_word' id='word_1_551' title='bbox 1726 5156 1778 5200; x_wconf 87' lang='lat' dir='ltr'><strong>co·</strong></span> 
     </span>
     <span class='ocr_line' id='line_1_57' title="bbox 138 5219 1773 5299; baseline 0.005 -18"><span class='ocrx_word' id='word_1_552' title='bbox 138 5226 270 5299; x_wconf 62' lang='lat' dir='ltr'><strong>fitmtdl„</strong></span> <span class='ocrx_word' id='word_1_553' title='bbox 285 5228 426 5294; x_wconf 86' lang='lat' dir='ltr'><strong>Oduniuo;</strong></span> <span class='ocrx_word' id='word_1_554' title='bbox 453 5223 505 5281; x_wconf 73' lang='lat' dir='ltr'><strong>tte.</strong></span> <span class='ocrx_word' id='word_1_555' title='bbox 521 5223 586 5295; x_wconf 76' lang='lat' dir='ltr'><strong>fleg.</strong></span> <span class='ocrx_word' id='word_1_556' title='bbox 603 5219 711 5282; x_wconf 82' lang='lat' dir='ltr'><strong>Puris..</strong></span> <span class='ocrx_word' id='word_1_557' title='bbox 725 5219 843 5294; x_wconf 81' lang='lat' dir='ltr'><strong>nanim]</strong></span> <span class='ocrx_word' id='word_1_558' title='bbox 857 5235 931 5291; x_wconf 89' lang='lat' dir='ltr'><strong>pres·</strong></span> <span class='ocrx_word' id='word_1_559' title='bbox 980 5224 1163 5294; x_wconf 88' lang='lat' dir='ltr'><strong>gnoscendum</strong></span> <span class='ocrx_word' id='word_1_560' title='bbox 1175 5224 1364 5281; x_wconf 87' lang='lat' dir='ltr'><strong>rationabilem</strong></span> <span class='ocrx_word' id='word_1_561' title='bbox 1375 5227 1445 5282; x_wconf 84' lang='lat' dir='ltr'><strong>sacri</strong></span> <span class='ocrx_word' id='word_1_562' title='bbox 1453 5226 1625 5298; x_wconf 87' lang='lat' dir='ltr'><strong>baptismatis</strong></span> <span class='ocrx_word' id='word_1_563' title='bbox 1635 5232 1773 5299; x_wconf 88' lang='lat' dir='ltr'><strong>ordinem,</strong></span> 
     </span>
     <span class='ocr_line' id='line_1_58' title="bbox 136 5314 1773 5395; baseline 0.002 -17"><span class='ocrx_word' id='word_1_564' title='bbox 136 5321 232 5395; x_wconf 76' lang='lat' dir='ltr'><strong>byteru</strong></span> <span class='ocrx_word' id='word_1_565' title='bbox 246 5322 370 5378; x_wconf 89' lang='lat' dir='ltr'><strong>salutem.</strong></span> <span class='ocrx_word' id='word_1_566' title='bbox 979 5314 1013 5369; x_wconf 90' lang='lat' dir='ltr'><strong>de</strong></span> <span class='ocrx_word' id='word_1_567' title='bbox 1026 5315 1185 5372; x_wconf 90' lang='lat' dir='ltr'><strong>ministeriis</strong></span> <span class='ocrx_word' id='word_1_568' title='bbox 1202 5315 1266 5388; x_wconf 70' lang='lat' dir='ltr'><strong>[lta.</strong></span> <span class='ocrx_word' id='word_1_569' title='bbox 1282 5316 1415 5384; x_wconf 66' lang='lat' dir='ltr'><strong>Ellendt,</strong></span> <span class='ocrx_word' id='word_1_570' title='bbox 1429 5321 1578 5395; x_wconf 80' lang='lat' dir='ltr'><strong>mysteriis]</strong></span> <span class='ocrx_word' id='word_1_571' title='bbox 1593 5325 1679 5380; x_wconf 85' lang='lat' dir='ltr'><strong>totius</strong></span> <span class='ocrx_word' id='word_1_572' title='bbox 1692 5322 1773 5380; x_wconf 86' lang='lat' dir='ltr'><strong>officii</strong></span> 
     </span>
    </p>

    <p class='ocr_par' dir='ltr' id='par_1_20' title="bbox 172 5405 1775 5485">
     <span class='ocr_line' id='line_1_59' title="bbox 172 5405 1775 5485; baseline 0.006 -21"><span class='ocrx_word' id='word_1_573' title='bbox 172 5413 240 5482; x_wconf 82' lang='lat' dir='ltr'><strong>Quia</strong></span> <span class='ocrx_word' id='word_1_574' title='bbox 259 5413 351 5469; x_wconf 87' lang='lat' dir='ltr'><strong>divina</strong></span> <span class='ocrx_word' id='word_1_575' title='bbox 372 5411 491 5468; x_wconf 89' lang='lat' dir='ltr'><strong>donante</strong></span> <span class='ocrx_word' id='word_1_576' title='bbox 505 5407 591 5480; x_wconf 86' lang='lat' dir='ltr'><strong>gratia</strong></span> <span class='ocrx_word' id='word_1_577' title='bbox 613 5408 647 5462; x_wconf 92' lang='lat' dir='ltr'><strong>ad</strong></span> <span class='ocrx_word' id='word_1_578' title='bbox 668 5405 694 5463; x_wconf 87' lang='lat' dir='ltr'><strong>id</strong></span> <span class='ocrx_word' id='word_1_579' title='bbox 712 5405 817 5463; x_wconf 90' lang='lat' dir='ltr'><strong>diutino</strong></span> <span class='ocrx_word' id='word_1_580' title='bbox 830 5412 857 5460; x_wconf 88' lang='lat' dir='ltr'><strong>te</strong></span> <span class='ocrx_word' id='word_1_581' title='bbox 870 5419 932 5476; x_wconf 87' lang='lat' dir='ltr'><strong>per·</strong></span> <span class='ocrx_word' id='word_1_582' title='bbox 980 5405 1028 5462; x_wconf 92' lang='lat' dir='ltr'><strong>tibi</strong></span> <span class='ocrx_word' id='word_1_583' title='bbox 1042 5405 1161 5462; x_wconf 89' lang='lat' dir='ltr'><strong>breviter</strong></span> <span class='ocrx_word' id='word_1_584' title='bbox 1180 5407 1300 5464; x_wconf 85' lang='lat' dir='ltr'><strong>scribere</strong></span> <span class='ocrx_word' id='word_1_585' title='bbox 1320 5409 1402 5476; x_wconf 87' lang='lat' dir='ltr'><strong>volui,</strong></span> <span class='ocrx_word' id='word_1_586' title='bbox 1416 5420 1446 5467; x_wconf 93' lang='lat' dir='ltr'><strong>ut</strong></span> <span class='ocrx_word' id='word_1_587' title='bbox 1457 5426 1607 5481; x_wconf 83' lang='lat' dir='ltr'><strong>cognoscas</strong></span> <span class='ocrx_word' id='word_1_588' title='bbox 1625 5430 1708 5485; x_wconf 81' lang='lat' dir='ltr'><strong>quam</strong></span> <span class='ocrx_word' id='word_1_589' title='bbox 1724 5430 1775 5472; x_wconf 90' lang='lat' dir='ltr'><strong>ne·</strong></span> 
     </span>
    </p>
   </div>
   <div class='ocr_carea' id='block_1_19' title="bbox 84 5481 1774 5570">
    <p class='ocr_par' dir='ltr' id='par_1_21' title="bbox 84 5481 1774 5570">
     <span class='ocr_line' id='line_1_60' title="bbox 84 5481 1774 5570; baseline 0.001 -10"><span class='ocrx_word' id='word_1_590' title='bbox 84 5481 89 5489; x_wconf 50' lang='grc'><strong>’</strong></span> <span class='ocrx_word' id='word_1_591' title='bbox 109 5504 112 5510; x_wconf 82' lang='grc'><em>“</em></span> <span class='ocrx_word' id='word_1_592' title='bbox 137 5504 202 5560; x_wconf 82' lang='lat' dir='ltr'><strong>duri</strong></span> <span class='ocrx_word' id='word_1_593' title='bbox 215 5503 319 5568; x_wconf 90' lang='lat' dir='ltr'><strong>labore,</strong></span> <span class='ocrx_word' id='word_1_594' title='bbox 330 5508 361 5557; x_wconf 92' lang='lat' dir='ltr'><strong>nt</strong></span> <span class='ocrx_word' id='word_1_595' title='bbox 370 5498 530 5558; x_wconf 85' lang='lat' dir='ltr'><strong>sacerdotali</strong></span> <span class='ocrx_word' id='word_1_596' title='bbox 544 5501 647 5555; x_wconf 85' lang='lat' dir='ltr'><strong>bonore</strong></span> <span class='ocrx_word' id='word_1_597' title='bbox 659 5496 724 5570; x_wconf 77' lang='lat' dir='ltr'><strong>[lfa.</strong></span> <span class='ocrx_word' id='word_1_598' title='bbox 740 5493 866 5561; x_wconf 69' lang='lat' dir='ltr'><strong>simiel,</strong></span> <span class='ocrx_word' id='word_1_599' title='bbox 882 5509 927 5550; x_wconf 91' lang='lat' dir='ltr'><strong>sa·</strong></span> <span class='ocrx_word' id='word_1_600' title='bbox 978 5495 1128 5551; x_wconf 86' lang='lat' dir='ltr'><strong>cessarium</strong></span> <span class='ocrx_word' id='word_1_601' title='bbox 1140 5495 1177 5551; x_wconf 89' lang='lat' dir='ltr'><strong>sit</strong></span> <span class='ocrx_word' id='word_1_602' title='bbox 1190 5496 1257 5553; x_wconf 86' lang='lat' dir='ltr'><strong>nibil</strong></span> <span class='ocrx_word' id='word_1_603' title='bbox 1268 5500 1474 5568; x_wconf 78' lang='lat' dir='ltr'><strong>pretennittere</strong></span> <span class='ocrx_word' id='word_1_604' title='bbox 1485 5501 1558 5570; x_wconf 89' lang='lat' dir='ltr'><strong>qnod</strong></span> <span class='ocrx_word' id='word_1_605' title='bbox 1572 5517 1587 5558; x_wconf 88' lang='lat' dir='ltr'><strong>a</strong></span> <span class='ocrx_word' id='word_1_606' title='bbox 1604 5504 1709 5561; x_wconf 80' lang='lat' dir='ltr'><strong>muetts</strong></span> <span class='ocrx_word' id='word_1_607' title='bbox 1721 5502 1774 5560; x_wconf 76' lang='lat' dir='ltr'><strong>Pe·</strong></span> 
     </span>
    </p>
   </div>
   <div class='ocr_carea' id='block_1_20' title="bbox 137 5580 1774 5756">
    <p class='ocr_par' dir='ltr' id='par_1_22' title="bbox 137 5580 1774 5756">
     <span class='ocr_line' id='line_1_61' title="bbox 137 5580 1774 5666; baseline -0.006 -19"><span class='ocrx_word' id='word_1_608' title='bbox 137 5594 282 5651; x_wconf 84' lang='lat' dir='ltr'><strong>oenlotalis</strong></span> <span class='ocrx_word' id='word_1_609' title='bbox 292 5592 416 5666; x_wconf 88' lang='lat' dir='ltr'><strong>honoris]</strong></span> <span class='ocrx_word' id='word_1_610' title='bbox 426 5593 523 5665; x_wconf 89' lang='lat' dir='ltr'><strong>dignus</strong></span> <span class='ocrx_word' id='word_1_611' title='bbox 534 5591 660 5646; x_wconf 87' lang='lat' dir='ltr'><strong>habearis</strong></span> <span class='ocrx_word' id='word_1_612' title='bbox 671 5588 716 5661; x_wconf 83' lang='lat' dir='ltr'><strong>(Et</strong></span> <span class='ocrx_word' id='word_1_613' title='bbox 729 5585 856 5661; x_wconf 86' lang='lat' dir='ltr'><strong>[utinam]</strong></span> <span class='ocrx_word' id='word_1_614' title='bbox 870 5595 925 5642; x_wconf 88' lang='lat' dir='ltr'><strong>tarn</strong></span> <span class='ocrx_word' id='word_1_615' title='bbox 979 5587 1065 5642; x_wconf 89' lang='lat' dir='ltr'><strong>tribus</strong></span> <span class='ocrx_word' id='word_1_616' title='bbox 1077 5597 1213 5658; x_wconf 90' lang='lat' dir='ltr'><strong>sumptum</strong></span> <span class='ocrx_word' id='word_1_617' title='bbox 1227 5580 1270 5645; x_wconf 77' lang='lat' dir='ltr'><strong>e&#39;st</strong></span> <span class='ocrx_word' id='word_1_618' title='bbox 1284 5588 1374 5662; x_wconf 71' lang='lat' dir='ltr'><strong>[tte.</strong></span> <span class='ocrx_word' id='word_1_619' title='bbox 1394 5600 1542 5663; x_wconf 82' lang='lat' dir='ltr'><strong>statutum3</strong></span> <span class='ocrx_word' id='word_1_620' title='bbox 1566 5595 1617 5654; x_wconf 77' lang='lat' dir='ltr'><strong>at..</strong></span> <span class='ocrx_word' id='word_1_621' title='bbox 1636 5597 1774 5654; x_wconf 64' lang='lat' dir='ltr'><strong>consum.</strong></span> 
     </span>
     <span class='ocr_line' id='line_1_62' title="bbox 137 5676 1310 5756; baseline -0.005 -14"><span class='ocrx_word' id='word_1_622' title='bbox 137 5683 276 5756; x_wconf 86' lang='lat' dir='ltr'><strong>eleganter</strong></span> <span class='ocrx_word' id='word_1_623' title='bbox 286 5682 350 5739; x_wconf 92' lang='lat' dir='ltr'><strong>illud</strong></span> <span class='ocrx_word' id='word_1_624' title='bbox 361 5683 388 5737; x_wconf 94' lang='lat' dir='ltr'><strong>in</strong></span> <span class='ocrx_word' id='word_1_625' title='bbox 401 5683 480 5740; x_wconf 90' lang='lat' dir='ltr'><strong>domo</strong></span> <span class='ocrx_word' id='word_1_626' title='bbox 490 5680 538 5736; x_wconf 87' lang='lat' dir='ltr'><strong>liei</strong></span> <span class='ocrx_word' id='word_1_627' title='bbox 551 5682 688 5736; x_wconf 87' lang='lat' dir='ltr'><strong>ministres</strong></span> <span class='ocrx_word' id='word_1_628' title='bbox 700 5677 828 5744; x_wconf 87' lang='lat' dir='ltr'><strong>olilcinm,</strong></span> <span class='ocrx_word' id='word_1_629' title='bbox 843 5691 924 5748; x_wconf 87' lang='lat' dir='ltr'><strong>quam</strong></span> <span class='ocrx_word' id='word_1_630' title='bbox 978 5686 1035 5731; x_wconf 89' lang='lat' dir='ltr'><strong>tnm</strong></span> <span class='ocrx_word' id='word_1_631' title='bbox 1050 5676 1103 5751; x_wconf 74' lang='lat' dir='ltr'><strong>est]</strong></span> <span class='ocrx_word' id='word_1_632' title='bbox 1116 5678 1143 5734; x_wconf 94' lang='lat' dir='ltr'><strong>in</strong></span> <span class='ocrx_word' id='word_1_633' title='bbox 1157 5677 1204 5735; x_wconf 92' lang='lat' dir='ltr'><strong>illo</strong></span> <span class='ocrx_word' id='word_1_634' title='bbox 1213 5678 1310 5756; x_wconf 74' lang='lat' dir='ltr'><strong>officio.</strong></span> 
     </span>
    </p>
   </div>
   <div class='ocr_carea' id='block_1_21' title="bbox 0 0 1914 6116">
    <p class='ocr_par' dir='ltr' id='par_1_23' title="bbox 0 0 1914 6116">
     <span class='ocr_line' id='line_1_63' title="bbox 0 0 1914 6116; baseline 0 0"><span class='ocrx_word' id='word_1_635' title='bbox 0 0 1914 6116; x_wconf 95' lang='lat' dir='ltr'><strong> </strong></span> 
     </span>
    </p>
   </div>
  </div>
 </body>
</html>
