3780 6120
134 318 204 378 ΝΜ
246 274 251 286 Ι
713 318 788 377 OPP.
810 315 924 374 bbbtn.
945 342 978 352 —-
994 311 1161 370 tlostsott.
1687 309 1758 369 1⁰⁰2

130 434 208 490 feriis
222 448 282 503 quae
302 434 440 505 supersint
451 437 610 507 septimanae
628 435 707 501 illius,
730 436 799 490 lunae
814 448 921 504 quoque
935 439 963 498 Α,
1006 430 1079 496 llaec,
1092 430 1191 485 dilecte
1203 441 1305 491 comes,
1316 425 1426 496 proprio
1442 427 1600 495 argumenta
1612 417 1705 477 labere

130 529 239 578 autem
257 525 406 578 crescentis
428 525 539 595 siugulis
561 540 665 595 appone
684 524 789 589 diebus,
812 531 842 577 et
855 530 920 578 tune
1007 522 1141 592 Descripsi
1156 521 1270 583 tibimet,
1282 530 1309 572 tu
1321 519 1364 572 dic
1376 532 1429 586 otro
1443 531 1554 571 munere
1568 530 1673 571 meeum

131 613 213 669 simol
226 613 315 670 locum
328 612 397 668 lune
409 623 436 668 et
445 622 552 669 aetatem
564 616 692 669 citissime
705 615 835 670 invenies.
1006 613 1134 669 Gertares
1147 613 1234 671 bodie,
1250 612 1284 665 ulo
1299 610 1360 663 talia
1373 609 1435 663 dum
1448 609 1495 663 tibi
1509 607 1605 664 fessus.

405 886 725 1042 ‚sanus
766 884 1086 998 nuncet
1122 880 1447 994 Aturus

914 1094 982 1152 SEU

597 1169 617 1178 ’Ὗ
712 1276 1170 1441 tuentur

632 1551 823 1631 ctuosi
853 1550 1006 1615 tanoni
1036 1547 1265 1611 lindisTttt

242 1719 476 1878 tlltdlt
514 1713 667 1868 titt
707 1711 954 1868 tollit.
985 1766 1072 1804 ··
1108 1703 1406 1868 tldldllt
1447 1704 1644 1858 bitti.

829 1918 1042 1946 *ὐ-

611 2003 693 2078 im
728 1994 976 2099 nonrnuu
1005 2014 1260 2096 nuntium.

844 2164 1045 2181 m

162 2238 264 2294 Praeter
287 2252 368 2307 opera
395 2253 454 2308 qrtae
475 2237 557 2317 certis
580 2239 746 2308 argumentis
768 2237 846 2291 beato
869 2237 915 2290 tt·
932 2238 997 2300 lib.
1017 2238 1166 2295 Cbi'ldetius
1180 2241 1208 2294 S.
1227 2240 1251 2293 l.
1274 2242 1307 2296 Et
1326 2251 1399 2296 cente
1418 2253 1480 2298 suut
1500 2247 1618 2301 nonnulli
1637 2252 1758 2305 ectcbrcs
1825 2234 1830 2244 ’

126 2310 224 2372 cuiun,
248 2315 375 2378 tanqttant
399 2309 506 2379 genuini
531 2323 589 2376 ejus
609 2315 720 2377 partus,
747 2316 913 2370 asseruntur,
967 2309 1123 2379 scriptores,
1139 2311 1183 2378 qui
1198 2311 1284 2366 codici
1300 2320 1353 2364 mm
1371 2322 1476 2368 vetusto
1490 2313 1570 2369 sulem
1589 2317 1661 2372 haud
1675 2321 1756 2374 dein·-

128 2383 267 2447 ltucusqne
290 2395 304 2432 a
329 2380 406 2433 nobis
427 2378 556 2441 exhibita,
578 2376 629 2432 alia
649 2376 778 2432 nonntdla
800 2377 916 2431 circum·
967 2381 1080 2450 gaudam
1101 2390 1228 2435 censeant
1245 2393 1268 2434 ι.
1292 2382 1481 2438 Verumtamen
1502 2383 1620 2441 editores
1639 2388 1757 2458 Opeuun

126 2451 252 2505 feruntur
262 2451 362 2519 partim
379 2448 435 2517 jam
449 2449 589 2517 impressa,
604 2450 702 2517 partim
714 2448 742 2500 iu
754 2447 832 2501 codd.
848 2461 914 2501 iuss.
967 2450 1053 2503 sarreti
1066 2449 1162 2506 Leonis
1175 2450 1185 2503 l
1199 2464 1232 2518 pa
1252 2466 1274 2506 ae
1287 2459 1352 2505 tout.
1370 2451 1391 2516 Ι,
1409 2469 1436 2521 p.
1449 2453 1512 2519 285,
1524 2469 1634 2511 monent
1644 2459 1758 2514 dicundo

127 2522 275 2578 etiamnum
296 2527 438 2583 contenta,
456 2534 516 2589 quae
537 2518 645 2587 quidcnt
666 2518 789 2573 cumdem
808 2517 916 2571 beatum
967 2520 1019 2574 hoe
1035 2520 1192 2589 opusculum
1212 2466 1359 2588 atfjudicari
1375 2537 1427 2575 non
1443 2538 1521 2592 posse
1538 2543 1544 2578 :
1561 2534 1617 2580 tum
1633 2531 1704 2597 quod
1723 2531 1758 2583 ab

127 2591 216 2646 sirum
228 2598 367 2645 auctorem
381 2589 479 2644 babere
497 2603 549 2642 non
565 2588 701 2643 immerito
717 2587 856 2652 videntur,
874 2603 917 2641 ra·
967 2587 1025 2658 ejus
1044 2591 1113 2662 stylo
1131 2589 1325 2645 alienissimum
1340 2599 1396 2656 cst;
1419 2603 1474 2647 tunt
1490 2595 1561 2664 qnod
1581 2598 1758 2667 rebaptizatio

126 2660 217 2715 tiorres
232 2666 321 2714 tamen
335 2661 433 2731 quibus
452 2659 490 2713 illi
506 2659 599 2712 eadetn
615 2657 742 2713 uindicari
765 2656 851 2712 solent
870 2664 917 2711 aut
966 2661 1001 2714 ab
1023 2659 1132 2716 Arianis
1157 2669 1284 2743 usurpata
1308 2660 1414 2716 llleuini
1438 2665 1510 2719 aetati
1537 2680 1590 2719 non
1614 2672 1757 2735 convenit;

124 2740 250 2803 possunt,
271 2746 323 2784 non
339 2731 404 2785 adeo
424 2731 572 2800 perspicuas
585 2737 657 2792 sunt,
678 2736 708 2782 nt
727 2743 779 2782 non
798 2727 916 2796 aliquem
968 2729 1038 2784 sicut
1057 2747 1106 2786 nec
1121 2739 1246 2785 convetut
1266 2732 1453 2800 interpretatio
1470 2743 1549 2790 vetus
1569 2738 1759 2793 nonnullorum

127 2803 163 2859 de
177 2816 240 2857 vero
261 2809 371 2855 aeemre
385 2797 524 2853 dubitandi
545 2799 632 2854 locutu
648 2799 801 2867 relinquant
814 2796 917 2852 criticis
967 2798 1087 2855 locorum
1109 2817 1193 2857 sacrae
1213 2801 1369 2871 Scriptura,
1390 2805 1609 2872 quarumdem
1629 2809 1759 2877 opusculo

124 2871 317 2928 unctioribus.
338 2871 370 2924 Et
385 2878 458 2925 certe
475 2868 542 2924 nibil
557 2869 660 2924 facilins
673 2877 714 2923 est
730 2883 811 2992 iguem
829 2867 858 2921 in
873 2863 918 2934 ju·
967 2868 1119 2926 adhibetur.
1136 2872 1246 2926 Accedit
1258 2881 1286 2926 et
1301 2873 1354 2928 alia
1370 2875 1449 2940 ratio,
1464 2890 1525 2946 qum
1537 2891 1586 2931 nos
1605 2892 1674 2945 poue
1689 2880 1761 2949 cogit

127 2942 200 2998 dicio
221 2943 253 2996 de
276 2949 384 2995 auctore
405 2939 466 2994 iibri
491 2938 629 3007 cujusdam
653 2953 733 2994 reeon
754 2939 798 2992 itae
818 2935 917 3003 tentio,
968 2953 1002 2993 ne
1016 2940 1041 2993 in
1055 2940 1174 2996 favorem
1190 2941 1295 2995 dicuini
1311 2943 1395 2997 nostri
1411 2946 1574 2999 sententiam
1587 2945 1716 3012 feramus,
1734 2958 1762 3002 et

125 3012 252 3084 genuinis
273 3011 393 3080 parentis
415 3012 456 3064 sui
480 3009 680 3064 characteribus
704 3008 834 3074 destituti,
860 3009 916 3064 fnlll
968 3008 1099 3065 miramur
1109 3027 1168 3065 eam
1184 3013 1319 3066 neminem
1331 3013 1498 3068 eruditorum
1512 3014 1652 3098 bucusque
1666 3019 1761 3072 obser-

124 3091 175 3137 ²iii
192 3082 341 3136 allucinari·
361 3081 429 3135 Silili
443 3093 470 3134 et
484 3080 534 3134 iilia
550 3094 609 3149 ‘tite
622 3081 655 3133 ad
672 3079 815 3135 dictinum
853 3077 917 3132 etil-
968 3095 1055 3138 tasse.
1069 3081 1153 3136 Totus
1164 3082 1290 3136 nimirum
1303 3090 1393 3138 textus
1405 3083 1483 3151 liuius
1497 3082 1628 3140 Breviarri
1643 3088 1762 3144 insertus

124 3169 194 3208 iterii
214 3153 258 3208 diii
280 3152 382 3208 cmliii
404 3150 489 3214 silete,
513 3152 625 3221 posthac
642 3160 731 3205 tamen
751 3149 817 3218 depr
852 3163 917 3204 erasa
968 3163 1010 3210 est
1030 3150 1149 3221 epistole
1167 3151 1254 3206 saneti
1274 3152 1410 3207 benedicti
1424 3154 1530 3210 abbatis
1546 3156 1709 3211 boianensis
1726 3159 1760 3212 nd

123 3232 206 3287 sttnt,
226 3231 318 3291 partus
336 3222 395 3278 illos
408 3222 520 3275 aliorum
536 3233 595 3274 esse
612 3219 779 3286 vetntcuino
794 3220 920 3289 supposi·
968 3222 1148 3282 Guarnarium
1163 3221 1257 3285 fllium,
1272 3221 1315 3275 cui
1331 3224 1382 3278 boc
1395 3225 1553 3293 opusculum
1568 3225 1650 3280 mittit
1663 3229 1713 3281 sub
1728 3228 1760 3282 ti·

127 3306 181 3348 tos.
194 3293 362 3362 Qtrapropter
376 3308 436 3345 eum
450 3307 488 3345 rot
497 3291 569 3344 itatis
585 3290 690 3344 intersit
703 3298 732 3345 nt
747 3291 861 3360 genuina
874 3304 918 3344 ce·
968 3293 1044 3348 tudo:
1060 3290 1144 3345 Nubis
1156 3290 1222 3363 [Seu
1236 3288 1391 3365 Nuleculrr]
1404 3294 1610 3348 testimoniorum
1624 3296 1705 3366 370
1716 3313 1762 3351 ca.

124 3364 243 3417 lebrrum
271 3362 432 3432 scripulum
454 3375 535 3431 opera
558 3376 573 3414 a
599 3360 686 3415 dubiis
710 3375 741 3415 ac
772 3360 918 3429 suppostis
968 3363 1071 3418 tltoficrr
1085 3361 1147 3430 fidei
1162 3362 1193 3414 de
1212 3360 1399 3417 iucarnatione
1413 3363 1518 3417 flumini
1535 3374 1559 3417 ct
1575 3376 1706 3419 artnctoet
1721 3369 1762 3419 iu·

126 3441 318 3495 accersiantur,
348 3432 467 3502 religioni
494 3432 572 3485 rrobis
598 3431 724 3485 dontinus
745 3444 777 3485 ea
803 3431 917 3485 invisent
967 3434 1076 3488 titulun
1096 3430 1238 3495 idulium
1258 3432 1334 3487 etde
1353 3434 1490 3488 iteratione
1509 3433 1672 3503 baptismatis
1693 3437 1764 3490 deru-

127 3504 292 3560 eonfnndere
306 3518 337 3556 ne
350 3503 534 3556 eonnnisecre.
549 3501 577 3555 ln
590 3502 639 3556 liae
653 3502 734 3571 igitur
746 3509 823 3569 parte
836 3500 918 3554 dubia
967 3504 1058 3558 wudu.
1085 3500 1161 3567 Quod
1186 3501 1379 3557 celeberrimus
1399 3502 1524 3558 Baliizius
1549 3519 1582 3557 05
1607 3506 1667 3559 cod,
1692 3506 1762 3562 4310

128 3575 200 3630 beati
219 3573 323 3627 dicuini
338 3572 465 3640 opuscula
484 3571 623 3634 ‹labimus;
640 3572 667 3625 in
683 3581 836 3640 sequentem
854 3586 916 3624 tero
968 3574 1138 3628 bibliotheca
1150 3571 1311 3627 Colbertine
1330 3573 1414 3627 edidit
1431 3573 1502 3627 libro
1521 3591 1536 3627 t·
1556 3573 1677 3638 blisccll.,
1698 3592 1760 3647 pag.

127 3643 266 3713 supposita
286 3643 473 3702 amandemus,
495 3639 589 3696 ordine
612 3641 785 3694 iratertnrum
806 3641 915 3703 colent,
969 3644 994 3706 l,
1011 3652 1063 3697 etc.
1080 3641 1127 3698 Vel
1144 3658 1208 3711 ergo
1227 3643 1276 3695 boc
1290 3641 1455 3697 breuiarium
1470 3644 1504 3697 ad
1522 3645 1631 3698 peanum
1650 3645 1765 3700 nemag.

125 3729 184 3785 ii¹i⁰
197 3714 223 3767 iii
239 3714 361 3784 genuinis
377 3713 416 3765 iiii
433 3711 540 3775 luimus,
557 3719 672 3763 servilii)-
968 3723 1041 3768 ctum
1059 3713 1155 3767 Anian.
1174 3713 1306 3781 pertinet,
1325 3714 1367 3766 cui
1387 3724 1476 3766 tamen
1496 3729 1572 3783 mque
1592 3716 1699 3769 obstant
1721 3730 1763 3769 ra·

164 3785 236 3839 littei
255 3785 335 3837 dubia
356 3784 437 3855 igliur
458 3795 629 3836 recensemus
647 3780 744 3848 [lilino.
763 3778 917 3832 Cufassio-
970 3785 1056 3837 tiones
1080 3782 1203 3850 superins
1226 3797 1258 3834 ct
1280 3783 1467 3836 obseruatione
1486 3783 1621 3837 editorum
1645 3784 1761 3855 Operum

127 3870 191 3910 nem
204 3854 264 3907 fidoi
279 3870 293 3906 a
307 3855 363 3907 uiro
376 3853 550 3908 celeberrimo
562 3851 592 3903 b.
606 3850 685 3903 Petro
699 3849 794 3902 l'rmc.
810 3849 917 3903 Cluilio·
970 3853 1055 3908 sancti
1075 3851 1173 3906 Leonis
1190 3849 1292 3911 utinam
1314 3851 1354 3904 rel
1372 3861 1446 3905 uerte
1464 3852 1578 3905 alcuino
1602 3852 1682 3906 tritius
1708 3869 1761 3906 110„

127 3926 168 3979 tio
183 3922 211 3978 S.
231 3922 254 3976 J.
275 3925 325 3978 sub
342 3923 448 3977 nomine
467 3921 572 3975 Aletrini
587 3936 619 3974 ex
635 3926 741 3972 uetusto
756 3920 805 3971 col
817 3934 847 3970 ce
866 3935 916 3972 ms.
969 3930 1072 3991 potest,
1085 3935 1200 3990 quiocum
1220 3919 1262 3972 ille
1278 3917 1403 3973 familiari
1419 3920 1536 3974 artricitia
1552 3935 1616 3975 usus
1631 3929 1686 3986 ost,
1702 3926 1764 3976 cni-

127 3995 229 4050 editam
239 4010 244 4057 ;
256 3995 296 4047 cni
312 3994 499 4062 prmuitttmus
510 3990 597 4060 uragui
609 3990 693 4043 nostri
705 3987 764 4041 llab
777 3988 850 4042 llouii
865 3989 919 4041 dis·
969 4005 1023 4062 que
1036 3999 1172 4045 auctorem
1188 3990 1312 4058 ignorare
1330 4006 1383 4042 nou
1398 3991 1546 4058 potuisset,
1564 3992 1611 4045 sed
1630 4008 1691 4046 cnm
1723 4009 1763 4046 to·

127 4065 303 4136 quisitiouem
322 4063 505 4133 pereruulittun
520 4063 553 4116 de
569 4060 639 4115 illius
656 4060 815 4128 antiquitate
828 4069 855 4111 et
870 4074 918 4112 au·
970 4076 1036 4117 nore
1050 4061 1225 4115 nominasset.
1239 4057 1320 4114 Nobis
1336 4059 1442 4114 uidetur
1455 4061 1622 4116 Breviorium
1636 4062 1701 4117 illud
1715 4079 1763 4117 seu

129 4145 215 4198 rtoro,
250 4137 349 4188 namin
364 4132 512 4201 subjunctis
524 4132 595 4186 nautis
608 4129 777 4184 defendimus
791 4130 919 4182 aduersus
971 4130 1130 4186 nubeculam
1149 4129 1364 4184 testimoniorum
1381 4131 1535 4186 vetustioris
1550 4130 1688 4198 cujusdam
1704 4149 1764 4187 esse

130 4152 434 4260 crisesfetissintnsll.
455 4202 547 4256 Jttettbi
568 4199 703 4271 Batsnagii.
721 4197 844 4252 Secundo
861 4199 920 4252 loco
970 4201 1089 4255 auctoris
1113 4217 1128 4254 a
1158 4198 1236 4253 beato
1261 4198 1405 4254 benedicto
1433 4201 1466 4255 ad
1496 4199 1656 4270 discipulum
1685 4218 1762 4256 sittim

129 4290 303 4331 recensemus
324 4273 530 4343 disputationem
552 4284 697 4339 puerorum
721 4283 782 4322 estin
806 4269 921 4322 interro·
970 4271 1151 4326 Guaruarium
1163 4270 1289 4333 missum,
1308 4279 1338 4323 ut
1353 4270 1427 4325 illum
1446 4273 1620 4340 praemuniret
1635 4274 1765 4327 adsersus

129 4346 284 4416 gatiouibus
301 4354 329 4398 et
348 4343 564 4413 responsionibus
582 4342 653 4394 circa
672 4339 762 4393 uarias
778 4339 920 4403 mat.eri..s;
970 4356 1077 4397 errores
1092 4349 1156 4395 tunc
1170 4340 1197 4393 in
1212 4339 1339 4410 Hispania
1354 4350 1463 4396 exortos
1478 4350 1525 4395 aut
1539 4341 1691 4411 gliscentes.

129 4415 215 4469 veluti
232 4415 264 4469 de
278 4430 359 4484 opere
377 4430 423 4469 sex
443 4413 563 4476 dierum,
583 4411 616 4464 de
633 4410 680 4464 bei
699 4409 721 4462 N
733 4409 871 4467 turnultus:
889 4411 922 4464 de
1008 4411 1120 4467 licinum
1132 4411 1215 4465 etiam
1226 4411 1260 4466 ab
1273 4412 1324 4467 boe
1337 4411 1395 4468 loco
1408 4413 1583 4466 amandemus
1599 4412 1716 4467 libellum
1731 4414 1764 4467 ilo

130 4485 312 4540 senaetatibus
326 4485 427 4548 mundi,
439 4492 503 4548 ete,
515 4480 676 4550 desumptam
688 4495 721 4534 en
734 4478 923 4548 antiquissimo
971 4479 1097 4536 Partibus
1112 4480 1257 4544 orationis,
1278 4497 1357 4563 quiem
1379 4483 1429 4536 sub
1449 4481 1556 4535 nomine
1575 4481 1660 4536 dlbini
1684 4484 1766 4536 itatiu-

128 4555 225 4611 oodiee
239 4571 287 4608 ms.
304 4554 475 4609 illustrlssiuti
490 4551 599 4620 capituli
614 4550 777 4604 cathedralis
791 4548 924 4606 Sulisbur·
972 4567 1033 4607 mus
1054 4566 1087 4606 cx
1107 4552 1167 4605 cod.
1193 4565 1245 4604 ms.
1269 4551 1334 4606 brot.
1358 4551 1494 4605 Vaticanus
1518 4551 1601 4614 llam
1626 4567 1707 4620 quiem
1731 4553 1766 4606 ad

130 4625 233 4696 gensis.
256 4624 305 4679 libi
327 4627 354 4679 in
379 4624 477 4678 blouito
498 4623 597 4692 praevio
621 4621 739 4675 rationes
761 4620 923 4690 proferimus
972 4623 1101 4691 opuscula
1121 4621 1200 4675 dubia
1218 4621 1324 4675 dicuini
1342 4621 1485 4690 aliquando
1503 4620 1606 4675 referre
1620 4623 1765 4676 voluimus.

132 4696 268 4752 uurideut
287 4697 443 4764 uptrsculnur
462 4695 496 4747 ad
515 4691 657 4746 dicuintun
675 4701 735 4759 pert
747 4705 810 4744 nere
826 4691 921 4759 possit.
973 4692 1098 4748 Codicem
1109 4692 1180 4746 euim
1193 4689 1333 4758 praefatum
1348 4689 1443 4744 falsum
1457 4692 1575 4745 auctoris
1588 4706 1685 4746 nomen
1699 4706 1768 4760 pur·

130 4763 226 4823 'lertio
249 4780 420 4819 recensemus
444 4761 642 4832 Propositiones
665 4761 700 4815 od
724 4761 859 4814 acuendos
880 4760 924 4828 ju·
974 4762 1045 4817 ferre
1064 4777 1113 4816 nos
1127 4760 1217 4813 docuit
1232 4774 1310 4824 rara,
1326 4774 1386 4881 pute
1399 4776 1484 4830 nuper
1497 4759 1531 4815 ad
1549 4776 1645 4815 nimius
1660 4768 1768 4815 nostras

132 4848 227 4897 renes,
250 4834 283 4889 ad
307 4836 386 4889 fldem
410 4835 469 4888 cod.
495 4848 544 4887 ins.
569 4830 744 4886 illustrissimi
768 4830 925 4884 monasterii
975 4832 1063 4886 delata
1080 4838 1139 4892 est,
1159 4830 1278 4883 Putscbii
1295 4829 1333 4883 Co
1344 4829 1423 4884 lectio
1462 4831 1682 4886 rantmatieotum
1698 4831 1768 4883 nttti·

133 4905 337 4960 Eirtsiedlensis.
353 4906 454 4971 Qtrarto
472 4896 579 4957 ‹lurrrun't
596 4902 718 4954 addimus
732 4913 826 4953 sersus
841 4916 923 4968 qttos·
941 4915 1102 4998 D(pirorum,
1117 4899 1182 4954 edit.
1197 4898 1324 4953 llnnoriae
1336 4898 1416 4963 1605,
1431 4848 1476 4954 ulti
1495 4901 1563 4955 idem
1579 4902 1708 4971 seriptum
1720 4915 1768 4955 ex·

133 4977 196 5031 darn
211 4989 257 5030 seu
271 4977 392 5029 earmina
407 4990 441 5028 eu
454 4972 535 5026 variis
546 4970 709 5026 editionibus
723 4977 752 5023 et
764 4970 925 5037 quibusdam
959 4979 1030 5032 ¹stat
1047 4986 1107 5040 pag.
1124 4969 1202 5031 lass,
1223 4971 1272 5024 sub
1287 4970 1397 5024 nomine
1414 4970 1501 5042 Sergii
1519 4970 1727 5026 commentantis
1739 4971 1767 5025 iu

133 5046 338 5116 manuscriptis.
977 5043 1121 5097 editionem
1134 5040 1277 5094 secundant
1292 5039 1398 5094 ὓοιιιιιί.
1743 5103 1746 5109 ¹

169 5115 372 5184 Exspectabam
393 5111 516 5167 fortassis
532 5110 583 5164 uiri
603 5108 716 5171 eruditi,
738 5108 760 5162 si
784 5123 837 5161 non
856 5108 928 5189 inter
1012 5111 1104 5164 Primo
1118 5125 1183 5178 ergo
1202 5109 1261 5163 loco
1274 5109 1369 5164 damus
1387 5110 1500 5165 solidam
1515 5118 1542 5165 et
1561 5109 1694 5164 eruditam
1709 5105 1770 5164 Dis-

134 5187 269 5267 genuina,
297 5187 368 5240 iuter
391 5184 470 5239 dubia
493 5182 588 5234 saltem
614 5179 734 5235 exbiberi
758 5178 927 5232 Breuianum
978 5182 1150 5252 qttisitionem
1163 5179 1393 5248 linbillonii‚qttm
1403 5189 1492 5235 exstat
1508 5181 1579 5236 inter
1593 5188 1685 5234 vetera
1698 5178 1770 5247 ejus·

134 5256 201 5312 tllud
217 5255 277 5310 lidei
293 5255 422 5310 adversus
437 5254 563 5310 Arianos.
579 5252 651 5319 quod
666 5250 752 5319 primo
767 5249 867 5317 absque
880 5262 928 5301 no·
978 5256 1042 5306 dem
1062 5251 1188 5304 dttnlecta
1208 5250 1273 5303 edit.
1297 5250 1376 5314 tiss,
1396 5265 1457 5321 pag.
1476 5251 1538 5306 l90.
1561 5252 1618 5305 Duo
1636 5265 1702 5305 uero
1724 5249 1770 5304 bie

134 5325 210 5381 tuine
224 5326 342 5381 auctoris
356 5324 453 5395 publici
466 5323 536 5389 juris
551 5319 613 5375 fecit
624 5319 741 5375 lacobus
756 5316 927 5381 sirmondus,
979 5323 1033 5392 egit
1045 5322 1087 5374 sir
1100 5319 1281 5375 doctissimus.
1295 5319 1386 5374 Primo
1397 5321 1564 5375 demonstrat
1575 5320 1634 5374 cod.
1651 5335 1701 5374 ms.
1716 5332 1769 5388 quo

133 5398 164 5450 et
185 5405 273 5449 exstat
286 5393 363 5449 Tont.
385 5393 396 5449 l
415 5392 496 5463 Oper.
515 5408 585 5453 tun,
607 5406 666 5460 pag.
689 5386 750 5451 224,
773 5388 845 5458 quod
864 5401 929 5441 sero
980 5390 1120 5447 Confessio
1142 5389 1186 5442 illa
1209 5389 1270 5444 fidei
1292 5391 1342 5444 sub
1366 5392 1473 5443 nontine
1494 5390 1583 5444 Albini
1604 5389 1769 5450 continetur,

134 5466 251 5536 postlrae
271 5466 321 5520 sub
342 5467 449 5519 inuninc
472 5461 576 5516 Aleuini
598 5460 701 5515 diaconi
725 5461 752 5512 in
769 5457 930 5526 perantiquo
983 5461 1049 5516 adeo
1062 5461 1119 5515 anti
1139 5475 1201 5513 uum
1216 5474 1286 5522 esse,
1301 5468 1331 5512 ut
1344 5473 1428 5512 terum
1443 5458 1531 5514 Caroli
1546 5459 1632 5530 lingui
1647 5459 1771 5528 proxime

137 5536 232 5590 codiee
257 5536 401 5591 carthusi-n
432 5534 574 5587 Portarum
602 5529 779 5598 deprehendit
806 5528 931 5583 laudatus
983 5532 1105 5602 attingat.
1120 5475 1251 5585 t&conlido
1269 5529 1386 5584 ostendit
1411 5529 1485 5583 illam
1504 5529 1707 5586 confessionem
1736 5527 1770 5582 ad

176 5662 190 5691 ⁸
209 5650 275 5705 l'ide
289 5650 358 5703 llist.
376 5649 415 5702 lit.
427 5647 531 5708 Gallim,
547 5655 611 5700 tout.
627 5642 671 5704 lV,
686 5658 712 5711 p.
727 5639 788 5696 596.

302 5740 439 5799 Parnon.
462 5734 512 5795 (ll.
1083 5811 1084 5814 Ἴ
1151 5810 1159 5814 .
1452 5728 1492 5788 3⁴2
