3780 6120
126 264 192 324 titi

620 248 791 307 berhtolt
812 247 855 301 ll'.
875 268 912 311 a,
928 240 1083 303 Etiodtb'tt
1102 238 1248 295 ttddlbt.
1286 295 1292 306 ,

1681 233 1751 290 lll8

124 392 189 432 nuni
208 377 268 431 799.
292 374 421 443 Quartum
443 371 511 426 addo
533 369 676 423 illlniinum
692 362 909 418 llersfeldeiisein
926 367 948 422 Α
997 357 1023 411 o.
1038 358 1115 411 Anno
1129 354 1181 408 ida
1194 354 1326 436 Eghertus
1346 352 1425 406 morti
1442 353 1583 421 proximus
1599 351 1753 407 liboracen·

124 448 286 501 titoiiachnin
309 444 407 500 serenio
418 460 457 505 xi,
474 456 554 510 quem
571 435 780 504 liliristopliorns
804 430 912 512 Broiue-

125 531 173 572 rus
186 515 325 570 confundit
338 531 398 569 euin
411 513 508 566 illbiiio
520 526 567 564 seu
577 507 692 562 dleniiio
706 512 810 568 nostro,
825 510 854 554 ut
868 516 910 553 in-

124 586 211 642 ferius
226 585 356 649 dicemus,
372 598 446 638 num.
460 580 503 634 77.
854 641 858 651 Ι
892 639 898 651 .

160 656 187 709 ἢ.
205 654 317 709 alcuino
331 655 436 707 varium
451 665 549 704 iionicn
564 645 624 701 fuit.
639 646 671 699 Et
711 642 799 697 uidem
818 656 913 710 pruni-

124 733 178 787 tns,
193 733 223 779 ut
236 733 311 793 puto,
324 724 412 779 dictus
430 729 472 775 est
492 718 605 779 dicuin,
628 661 807 792 appe‘flation'e
825 709 912 789 Sar07

119 795 185 850 nica
200 812 206 847 :
221 795 282 848 dein
304 791 435 848 vocabulo
451 789 565 844 molliori
579 794 607 840 et
623 785 720 840 Latino
733 781 853 843 Albinus,
869 796 912 859 cui

126 864 246 919 additum
271 877 424 933 praenomen
438 856 571 912 Flaccus:
586 856 625 910 sie
635 855 707 934 enim
721 867 773 905 non
785 866 850 931 raro
858 865 914 919 epi·

126 934 205 990 'stolis
223 934 278 987 suis
293 931 416 987 inscribit
438 944 536 983 nomeu
559 941 637 982 sunm
658 923 769 976 lluccus
792 918 912 981 Attinas,

126 1004 227 1075 passim
249 1002 386 1064 dicuiiius,
400 1000 426 1054 iii
441 996 642 1080 epigrammatis
656 992 759 1047 illenia.
781 990 913 1071 Quocirca

128 1074 198 1130 seire
209 1087 297 1142 operae
311 1072 426 1142 pretinm
437 1079 479 1123 est
491 1069 528 1133 id,
541 1066 612 1138 qnod
626 1064 692 1119 scite
706 1063 859 1141 observarit
872 1055 915 1111 ia-

128 1143 210 1199 cobus
223 1142 383 1197 Sirmondus
397 1142 426 1196 in
438 1139 510 1193 notis
523 1139 556 1192 ad
566 1135 748 1206 Apollinarem
761 1130 912 1191 Sidonium,

129 1213 198 1284 apud
207 1212 330 1267 homines
338 1211 432 1266 mediae
438 1208 524 1263 aetatis
535 1220 634 1261 morem
645 1202 805 1264 obtinuisse,
813 1206 843 1252 ut
854 1214 914 1252 cnin

126 1282 220 1338 multis
232 1280 292 1336 'fere
314 1281 468 1337 nominihus
483 1277 627 1332 nobiliores
648 1272 843 1353 illustrioresiie
857 1278 916 1321 nte·

128 1362 237 1417 rentur,
252 1352 390 1421 proprium
409 1359 499 1404 tamen
512 1349 609 1418 cuique
621 1359 719 1398 nomen
734 1341 826 1404 fuisse,
844 1338 915 1410 quod

148 1432 294 1477 ostrearum
308 1437 414 1490 semper
425 1418 589 1474 collocarent
600 1434 606 1470 :
619 1430 670 1484 qua
685 1414 712 1467 in
727 1428 755 1466 re
766 1419 915 1490 arctorum

128 1438 312 1548 Romanorum
331 1507 380 1546 usu
400 1498 427 1544 et
445 1487 638 1544 consuetudine
655 1482 763 1538 deflexit
781 1490 916 1560 posterior

129 1572 205 1618 retas.
228 1561 356 1616 llnmaiiis
370 1561 441 1615 enim
461 1566 550 1613 stante
576 1554 712 1624 rcpuhlica
735 1549 915 1631 propriumud

129 1648 228 1688 nomen
243 1631 293 1685 fnit
305 1631 375 1701 qnod
390 1631 517 1700 primuni,
532 1628 557 1681 id
574 1636 615 1680 est
626 1638 790 1695 praenomen.
803 1622 916 1676 alcinno

128 1703 242 1774 proinde
254 1717 350 1756 nomen
364 1697 626 1769 propriumdlliinns,
636 1691 914 1754 eninmunel'tiiccus;
931 1716 952 1775 B

129 1788 181 1827 nec
196 1773 324 1827 dicendus
344 1771 452 1824 Albinus
466 1767 487 1819 F
489 1767 587 1829 locrus,
604 1773 631 1818 nt
644 1764 766 1835 plerique
782 1762 913 1823 scribunt,

130 1842 177 1898 sed
200 1841 314 1894 Flaccus
335 1840 464 1893 Albinus:
477 1853 556 1906 quem
572 1836 693 1890 ordinem
716 1833 775 1902 ipse
787 1831 916 1887 alcuinus

130 1921 220 1966 serrat
234 1912 260 1964 in
273 1910 408 1964 nonnullis
419 1909 539 1979 epistulis
556 1906 621 1961 suis.
635 1906 706 1960 ldeiu
718 1901 916 1958 obseruandum

131 1983 159 2036 in
174 1980 318 2035 Paschasio
331 1981 474 2043 liudberto,
487 1978 600 2033 Serrato
611 1976 694 2045 ann,
708 1982 736 2028 et
749 1973 809 2027 aliis
822 1971 917 2026 mediae

130 2052 218 2107 aetatis
231 2051 393 2105 hominihus.
405 2050 546 2103 falluntur
556 2047 640 2109 enini,
653 2047 709 2099 sire
721 2043 767 2112 qui
781 2042 917 2098 liudberto

132 2122 269 2193 proprium
284 2135 380 2174 noinen
397 2120 517 2172 tribuunt
540 2117 703 2177 Paschasio,
719 2120 776 2168 sire
794 2113 840 2183 qui
862 2112 917 2166 Lu·

131 2208 195 2263 puni
210 2192 352 2245 Servatum
368 2191 462 2244 ordine
475 2189 582 2242 inverso
594 2185 738 2255 appellant.

165 2263 193 2316 3.
214 2260 242 2314 hi
266 2260 404 2329 provincia
431 2257 594 2313 Eboraeensi
618 2265 694 2309 ortus
722 2261 763 2308 est
790 2251 919 2307 Alcuinus

136 2332 243 2385 ‹iiobili
264 2331 351 2399 gentis
371 2330 518 2399 auglorum
532 2326 691 2397 prosapia»
716 2334 745 2379 ut
759 2323 826 2378 Vitae
850 2321 918 2375 scii-

133 2410 195 2472 ptor
217 2401 345 2469 loquitur.
370 2400 494 2453 Parentis
518 2398 659 2465 utriusque
681 2395 790 2449 nomina
816 2393 918 2462 ignota.

133 2471 256 2540 llinplam
280 2470 406 2537 lupatria
430 2468 614 2523 haereditatem
638 2465 764 2519 babuisse
787 2463 874 2517 fertur
894 2463 920 2515 in

135 2542 204 2596 fita·
217 2557 290 2594 nnni.
305 2540 348 2592 ta.
366 2539 487 2593 Fratrem
500 2537 594 2592 hahuit
606 2535 730 2605 Aquilam
743 2533 921 2588 Jnrarcnsem

962 429 1001 483 sis
1023 427 1143 483 ecelesiae
1163 424 1354 480 bibliothecam
1377 422 1428 490 ipsi
1456 423 1664 486 commendarit,
1692 441 1701 474 r
1726 436 1754 478 ut

963 504 1091 567 praeesset
1115 495 1250 550 thesauris
1274 492 1424 561 sapientiae,
1443 512 1452 543 i
1470 494 1509 548 uti
1533 494 1629 563 legitur
1647 493 1674 547 in
1687 510 1757 564 prm·

963 567 1045 623 citata
1060 566 1172 636 epistola
1187 564 1221 618 ad
1232 562 1408 618 Eanbaldum.
1423 560 1547 618 AElberto
1556 563 1694 633 pontifice,
1709 565 1757 633 qni

964 637 1079 706 Egberto
1094 634 1236 698 suecessit,
1254 632 1382 686 alcuinus
1398 633 1498 687 scholae
1512 634 1674 688 Eboracensi
1689 651 1758 704 pre·

964 707 1051 762 lectus
1064 714 1116 770 est,
1138 705 1183 759 ubi
1197 702 1359 773 Liidgeruin,
1382 703 1564 772 Fridugisiim,
1587 704 1757 758 Eanlialduni

961 776 1107 843 iuniorem,
1133 775 1252 842 aliosque
1276 772 1407 842 plurimos
1429 774 1574 843 discipulos
1597 774 1700 839 hahuit,
1728 783 1758 828 ut

965 846 1077 901 inferius
1093 846 1190 900 dicam.
1212 843 1281 911 Quin
1295 843 1375 897 etiani
1396 858 1492 898 nouam
1510 845 1568 915 ejus
1583 845 1704 900 ecclesie
1718 843 1757 899 fa·

965 917 1066 971 bricam
1091 917 1125 970 ab
1142 914 1265 969 AElberto
1287 914 1414 982 episcopo
1439 923 1591 985 susceptam
1615 915 1672 984 ipse
1693 930 1756 970 cum

965 986 1103 1040 lianhaldo
1126 985 1232 1040 seniore
1255 985 1400 1053 promovit,
1429 992 1497 1039 teste
1522 1000 1656 1054 anonymo
1678 997 1756 1055 pocta

961 1056 1018 1126 jani
1032 1057 1125 1120 citato,
1141 1053 1218 1123 cnjus
1237 1056 1264 1109 lii
1279 1069 1393 1109 uersus:

1041 1167 1093 1216 lloc
1103 1168 1150 1216 duo
1161 1167 1270 1228 discipuli
1284 1165 1410 1227 ieiunium,
1423 1166 1525 1216 ductore
1535 1167 1648 1226 iubente,

1044 1228 1241 1285 ilidillcaiveruiit,
1252 1227 1390 1276 Eanbaldns
1403 1238 1425 1275 et
1439 1228 1563 1286 itteu'inns,
1576 1231 1648 1276 atubu

1043 1291 1179 1342 Concordes
1187 1293 1256 1352 operi
1267 1291 1354 1339 dei-oia
1367 1296 1451 1337 mente
1463 1291 1602 1340 studentes.

966 1371 1041 1426 Tunc
1053 1372 1133 1425 etiani
1156 1369 1264 1441 praefuit
1287 1370 1360 1425 cellae
1374 1370 1517 1425 maritimae
1534 1371 1567 1425 ad
1580 1371 1678 1426 Oceani
1692 1389 1758 1442 pro·

966 1442 1098 1496 inoiitoria
1114 1442 1172 1495 sitae
1190 1441 1260 1510 apnd
1273 1440 1481 1505 Northnmbins,
1506 1441 1539 1495 de
1561 1458 1614 1511 qua
1641 1445 1757 1497 mentiu-

966 1528 1028 1567 nem
1055 1512 1118 1565 lacit
1138 1513 1164 1565 iii
1209 1511 1300 1582 rologo
1322 1511 1354 1564 ad
1375 1511 1463 1564 Vitam
1482 1513 1569 1567 sancti
1590 1511 1757 1568 Willibrordi

966 1592 993 1638 et
1004 1583 1033 1705 ¹iri
1051 1582 1170 1636 carmine
1185 1528 1217 1637 de
1237 1594 1330 1636 sanctu
1345 1580 1467 1654 ll'ilgiso,
1482 1581 1508 1636 iii
1525 1584 1611 1650 prima
1624 1593 1700 1652 parte
1710 1599 1759 1640 sce·

968 1668 1075 1708 caini.

1276 1743 1389 1799 CAPUT
1409 1743 1451 1798 lll.

1145 1858 1249 1913 illcuini
1261 1860 1432 1914 monachatus
1445 1861 1579 1930 prodatur.

1002 1975 1028 2027 t.
1051 1971 1204 2042 Antequam
1219 1970 1362 2026 alcuinum
1383 1987 1416 2026 ex
1434 1970 1574 2026 Britannia
1598 1972 1624 2027 in
1646 1972 1761 2031 Galliam

967 2044 1140 2100 accedentem
1154 2057 1360 2111 prosequamur,
1380 2042 1595 2111 investigandum
1619 2052 1664 2098 est
1683 2047 1762 2117 cnjus

967 2112 1143 2184 professionis
1159 2111 1242 2166 licerit
1261 2112 1304 2165 vir
1329 2114 1400 2180 pius,
1416 2113 1581 2175 monasticae,
1602 2128 1635 2167 an
1651 2117 1760 2172 canoni·

968 2184 1045 2239 calis.
1072 2183 1161 2251 lpsum
1188 2180 1296 2249 quidem
1321 2181 1462 2235 monacbis
1489 2183 1588 2236 nostris
1617 2195 1762 2241 accensent

970 2254 1145 2315 tritbemius,
1157 2250 1257 2304 Paulus
1267 2250 1396 2320 bangius,
1411 2250 1534 2306 Wioniiis
1547 2252 1646 2323 aliique
1659 2265 1762 2310 nostro

970 2338 1047 2378 rum:
1065 2323 1111 2375 sed
1133 2321 1275 2373 uidendum
1298 2336 1379 2390 porro
1391 2329 1434 2375 est
1450 2337 1485 2375 aii
1497 2330 1618 2377 ueterum
1643 2325 1764 2379 testimo-

970 2394 1023 2449 niis
1036 2391 1149 2447 stabiliri
1172 2391 1257 2460 possit
1269 2406 1362 2444 eornm
1378 2392 1520 2455 sententia,
1536 2393 1578 2447 cui
1598 2396 1765 2451 recentiores

970 2461 1090 2519 nonnulli
1108 2463 1296 2516 adversantur.
1311 2460 1458 2531 Utriusque
1491 2463 1558 2517 artis
1578 2463 1763 2531 fundamenta,

972 2549 1024 2589 non
1043 2547 1102 2601 quar
1121 2533 1252 2586 hactenns
1270 2531 1374 2600 prolata
1394 2533 1449 2587 sint
1469 2479 1542 2605 giam
1563 2533 1590 2589 id
1613 2539 1765 2606 argumenti

135 2626 182 2667 seii
206 2610 440 2680 saltzburgensem
458 2609 626 2678 episcopani,
649 2615 677 2657 iit
690 2612 796 2659 constat
815 2619 848 2658 eii
865 2603 922 2672 epi-
972 2604 1091 2658 nonduin
1103 2612 1228 2657 accurate
1240 2611 1383 2656 tractatum
1396 2604 1510 2671 inueni),
1520 2603 1566 2659 sed
1578 2620 1637 2675 quae
1650 2608 1765 2675 proferri

136 2681 204 2737 stola
219 2681 252 2733 do
268 2679 349 2748 (nnnc
366 2676 600 2748 toneliensem
614 2691 737 2745 germano
752 2672 922 2744 nieodquilie
972 2673 1087 2745 possint,
1104 2674 1175 2728 bona
1197 2672 1248 2727 lide
1266 2673 1293 2726 in
1309 2673 1425 2728 inedium
1438 2672 1581 2730 adducam.

135 2752 246 2804 antistiti
258 2750 385 2817 inscripta
398 2749 447 2802 :ad
459 2762 537 2817 qiicm
552 2748 615 2800 itein
628 2753 734 2798 exstant
743 2745 802 2798 alisi
811 2745 869 2798 dnae
878 2741 923 2796 ΑΙ·
1008 2745 1034 2799 8.
1047 2743 1112 2810 Quae
1126 2743 1303 2797 monasticam
1315 2742 1421 2798 Alcnini
1431 2743 1625 2814 professionem
1640 2758 1767 2805 astruunt

136 2814 923 2889 ciiiiiinpisintnlsseitot(nuneatarotharqidsdemuni
974 2830 1005 2868 ar
1024 2824 1133 2867 inuenta
1157 2812 1288 2881 ejusmodi
1314 2820 1385 2875 sunt,
1410 2823 1441 2869 ut
1466 2830 1572 2872 omnem
1599 2819 1766 2890 objectorum

136 2892 172 2945 sit
186 2890 280 2960 Aquila
296 2890 356 2951 iste,
378 2890 448 2958 equod
466 2902 563 2941 nuuieii
587 2886 613 2939 in
635 2884 765 2954 catalogis
786 2882 925 2953 arctitept·
974 2831 1169 2939 duirhationein
1185 2883 1278 2938 tollere
1291 2885 1443 2938 rideantur.

136 2976 279 3030 scoporuin
297 2958 543 3029 Saltzt,=ui·gensium
567 2956 637 3010 haud
658 2955 765 3024 legitur,
785 2965 924 3017 ostensum
1009 2954 1235 3009 dilaceramur
1253 2969 1272 3008 i.
1288 2953 1429 3008 alcuinum
1445 2955 1471 3009 in
1491 2956 1669 3016 Eboracensis
1682 2960 1769 3017 eccle·

136 3040 178 3084 est
192 3045 271 3100 supra
286 3031 319 3084 ad
336 3044 434 3082 annuni
450 3028 512 3091 809,
526 3026 570 3079 ubi
584 3026 616 3078 de
636 3025 722 3080 saneti
739 3024 855 3079 hinandi
871 3023 925 3078 ele·
977 3025 1024 3081 siae
1042 3024 1152 3093 majoris
1166 3024 1268 3078 familia
1283 3025 1425 3078 educatum
1439 3023 1522 3081 luisse
1535 3044 1568 3083 eii
1584 3030 1769 3102 superioribus

136 3102 243 3155 vatione
256 3109 346 3154 aetum
359 3107 415 3159 est,
431 3112 527 3167 nempe
548 3095 672 3164 Aquilam
694 3109 754 3149 esse
775 3096 920 3154 ilrnouem,
937 3064 963 3128 c
977 3103 1084 3152 constat
1097 3113 1104 3147 t
1119 3096 1204 3163 ipsum
1221 3109 1285 3149 roro
1296 3094 1384 3148 eidem
1398 3094 1519 3151 ecclesie
1533 3098 1729 3154 incardinatum
1741 3109 1770 3156 et

138 3186 190 3225 nun
212 3185 275 3225 iero
297 3168 437 3233 loannem,
460 3177 656 3236 contraquam
679 3164 844 3220 existimauit
858 3162 924 3219 Bro
977 3166 1119 3221 astrictum
1131 3165 1298 3220 fuissenemo
1307 3179 1359 3218 non
1367 3165 1506 3233 concedet,
1514 3168 1560 3238 qni
1568 3170 1695 3241 epistolas
1703 3171 1771 3226 Eho-

137 3256 238 3296 werns-
450 3305 563 3363 CAPUT
581 3305 602 3361 ss
977 3236 1133 3291 raeensibus
1150 3235 1279 3290 fratribus
1294 3235 1328 3289 ab
1338 3248 1370 3289 eo
1385 3236 1500 3304 scriptas
1510 3237 1663 3361 perlegerit.
1679 3240 1771 3296 Primo

978 3307 1172 3362 consideranda
1184 3305 1505 3375 estiiiscrlptioepistolae
1532 3309 1686 3393 liliiuncd).
1703 3310 1772 3365 Sim·

175 3381 305 3435 Educutr'o
317 3380 342 3434 iii
357 3379 514 3435 ntonusteiio
528 3377 697 3442 Eliorucensi,
710 3386 889 3447 praeceptores,
978 3377 1100 3431 ctissime
1113 3377 1320 3447 congregationis
1332 3385 1356 3429 et
1370 3375 1530 3432 dulcissime
1540 3379 1686 3434 dilectionis
1700 3380 1772 3434 Elio-

427 3447 437 3468 ⁶
479 3447 578 3502 schola.
978 3447 1093 3500 recensis
1111 3447 1225 3500 ecclesie
1244 3446 1380 3516 scutulas,
1396 3445 1513 3516 ejusdem
1526 3449 1577 3519 pie
1592 3451 1684 3505 enutris
1721 3452 1772 3506 lius

175 3524 201 3576 l.
220 3520 333 3574 Eboraci
354 3520 564 3575 cdiieatusesta
580 3533 663 3587 puero
681 3516 812 3571 Aleninus
826 3516 853 3570 in
871 3531 929 3571 nio-
979 3516 1106 3570 dicuinus
1131 3516 1271 3581 diaconus,
1292 3524 1345 3571 etc.
1370 3517 1436 3574 Erat
1456 3532 1522 3589 ergo
1543 3519 1627 3590 ipsius
1652 3451 1774 3576 eecstsiae

141 3591 259 3644 iiasteiio
269 3590 406 3658 primariae
419 3589 538 3643 basilicae
554 3587 690 3655 adjuncto,
706 3587 797 3656 quodi
819 3602 848 3641 se
859 3584 929 3641 fate·
979 3587 1061 3656 filius,
1079 3602 1132 3641 noir
1150 3596 1252 3642 tantum
1268 3587 1353 3661 gratia
1368 3588 1547 3653 altercationis
1561 3600 1607 3644 ant
1628 3591 1774 3659 subjectio-

141 3671 185 3713 tur
210 3660 235 3711 in
256 3659 368 3727 epistola
390 3659 425 3712 ad
442 3659 538 3727 [ratres
555 3655 728 3710 Eborecensi's
748 3603 864 3710 ardue
887 3657 930 3711 liis
980 3658 1023 3711 nis
1041 3657 1106 3728 (quo
1121 3657 1229 3711 nomine
1244 3658 1363 3722 einusris
1385 3658 1534 3713 ilitecescos
1547 3658 1694 3715 Christiani
1715 3677 1774 3716 om·

141 3729 249 3783 terliis:
267 3748 275 3777 i
295 3730 347 3782 fos
358 3726 467 3797 fragiles
489 3724 607 3780 infantiae
622 3740 688 3779 mere
709 3740 793 3779 annos
807 3734 930 3778 materno
981 3741 1040 3788 nes,
1051 3727 1146 3779 matris
1159 3726 1287 3780 Ecclesia
1302 3727 1349 3779 filii
1370 3726 1422 3779 dici
1437 3729 1571 3800 possunt),
1591 3730 1638 3784 sed
1652 3732 1775 3800 adoptio-

141 3799 245 3853 foiistis
257 3798 365 3862 atl'ectu,
384 3809 410 3851 et
424 3796 552 3851 lascivum
567 3794 689 3862 pucritiae
703 3795 859 3863 teiiipiispia
871 3808 931 3846 sus·
982 3795 1023 3848 nis
1037 3809 1129 3857 eausa,
1140 3809 1221 3863 quain
1234 3794 1261 3847 in
1276 3808 1307 3847 ca
1322 3794 1421 3848 familia
1436 3810 1483 3849 seii
1497 3799 1704 3869 congregatione
1717 3814 1774 3855 mo-

143 3869 261 3926 tinuistis
274 3867 418 3939 patientia,
442 3875 469 3921 ct
485 3874 603 3934 pateruae
616 3865 800 3934 castigationis
813 3863 930 3932 discipli·
982 3870 1083 3917 ruerat.
1098 3862 1143 3917 Sie
1164 3863 1235 3917 enim
1255 3862 1282 3916 in
1297 3872 1424 3918 contextu
1444 3866 1630 3933 epistolarem
1644 3869 1773 3925 declarat.

142 3941 185 3994 nis
196 3941 228 3993 ad
243 3939 390 4010 perfectam
405 3937 455 3991 uiri
469 3935 615 3991 edocuistis
624 3943 779 4000 aetatem,et
792 3949 930 3988 sacrarum
985 3951 994 3984 i
1021 3931 1183 3987 Sanctorum
1207 3932 1319 3986 Patrum
1345 3947 1489 4002 sequamur
1510 3937 1634 4008 vestigia,
1655 3941 1701 4009 qui
1726 3955 1776 3998 nos

142 4011 291 4066 eruditione
305 4007 505 4078 disciplinarum
518 4005 677 4060 roborastis.
697 4025 706 4056 i
981 4010 1132 4073 genuerunt
1147 4003 1173 4056 in
1188 4001 1306 4066 Christo,
1323 4011 1350 4058 et
1363 4004 1400 4071 ittr
1413 4004 1463 4062 boc
1476 4008 1688 4063 sacratissimum
1704 4012 1776 4066 ovile

178 4079 204 4133 5.
224 4079 407 4149 Praeeptores
432 4077 535 4140 habuit,
560 4091 612 4130 non
633 4076 743 4137 bedam,
770 4073 814 4142 qui
841 4072 930 4128 forsan
982 4081 1225 4143 congregaverunt,
1248 4082 1276 4126 et
1313 4082 1408 4127 aterno
1430 4077 1538 4147 pietatis
1565 4078 1633 4133 lacte
1657 4080 1777 4135 enutrie·

144 4158 205 4204 autu
219 4165 248 4204 se
263 4159 355 4203 natum
377 4157 499 4202 mortuus
513 4154 581 4209 erat,
600 4146 646 4199 sed
665 4146 810 4214 liglzcrtum
823 4153 850 4198 et
870 4143 929 4196 [ΕΙ-
984 4153 1056 4198 rnnt.
1073 4163 1082 4194 i
1099 4153 1126 4197 et
1140 4143 1209 4197 infra
1230 4161 1236 4196 :
1261 4088 1447 4204 ilpraternam
1468 4156 1495 4201 et
1516 4149 1654 4219 pacificam
1670 4166 1778 4222 semper

143 4221 260 4280 bertum,
276 4219 388 4273 alterum
405 4226 466 4287 pust
479 4217 593 4270 alterurn
616 4215 757 4285 episcopus
779 4215 933 4270 Eboracen-
984 4215 1132 4269 habeamus
1144 4214 1312 4278 charitatem,
1335 4223 1364 4270 ut
1386 4229 1450 4271 oves
1464 4217 1565 4274 Christi
1579 4219 1697 4288 ejusdem
1716 4227 1777 4279 ritae

143 4305 197 4344 ses.
215 4289 302 4343 Testis
321 4289 353 4343 de
369 4298 484 4356 iitiuqne
498 4286 565 4341 litae
583 4287 709 4356 scriptur.
725 4287 759 4340 Et
772 4286 881 4355 quidem
899 4285 934 4339 de
983 4283 1091 4355 pascuis
1110 4284 1261 4353 epulantes,
1284 4287 1365 4340 unius
1387 4288 1465 4342 orilis
1485 4304 1563 4345 muro
1579 4301 1729 4358 manentes,
1750 4293 1777 4349 iit

144 4360 261 4429 Egbeito
284 4374 327 4413 res
350 4365 423 4426 patet
436 4373 469 4411 er
482 4356 593 4426 epistola
612 4357 645 4409 ad
664 4356 841 4420 Eanbaldinn,
857 4354 934 4424 eujus
985 4371 1038 4410 una
1049 4353 1180 4409 orationis
1193 4356 1273 4410 domo
1284 4355 1330 4410 bet
1345 4356 1423 4412 nohis
1433 4359 1644 4416 misericordiam
1656 4361 1704 4417 bei
1716 4378 1779 4417 con·

144 4430 265 4511 epistolae
290 4428 469 4498 fragmentum
491 4427 574 4482 refert
600 4425 751 4482 Willelinus
773 4425 934 4481 blaliiieshu-
948 4424 973 4484 l)
986 4432 1122 4479 iocantes.
1140 4443 1150 4475 i
1168 4425 1203 4479 Et
1219 4426 1246 4479 in
1260 4425 1334 4479 bne:
1354 4445 1363 4476 i
1378 4427 1434 4509 Ego
1446 4429 1558 4485 deiiotus
1573 4441 1671 4488 vestrae
1687 4441 1778 4503 pater·

144 4500 242 4555 ricusis
253 4499 400 4554 monachus
411 4498 437 4551 in
447 4496 493 4551 lib.
509 4497 562 4552 ide
573 4497 662 4553 Gestis
671 4511 763 4567 regum
773 4496 933 4566 llnglomm,
985 4495 1078 4550 nitatis
1091 4495 1161 4551 filius
1171 4512 1307 4567 nunquam
1327 4497 1472 4555 obliviscor
1486 4501 1579 4555 uestri.
1600 4521 1610 4555 i
1630 4502 1670 4556 Ex
1681 4503 1779 4571 quibus

144 4586 204 4639 cap.
217 4569 243 4632 a,
264 4579 291 4625 et
304 4586 337 4624 ex
352 4567 503 4640 fragmento
525 4567 637 4623 alterius
657 4568 690 4623 ad
713 4566 839 4622 Caroluni
859 4585 865 4620 :
888 4566 933 4621 nbi
985 4565 1153 4637 intelligitur,
1169 4581 1230 4621 eum
1245 4567 1364 4635 ejusdem
1387 4569 1474 4634 ovilis,
1500 4570 1596 4626 doinus
1616 4589 1648 4628 ac
1669 4571 1779 4628 familiae

145 4640 274 4695 Aleiiinus
296 4640 448 4712 Eghertum'
459 4646 538 4693 vocat
554 4639 707 4707 magistrum
721 4654 808 4691 suum.
832 4637 935 4692 Prioris

145 4710 324 4781 fragiiientnni
351 4710 421 4764 istud
446 4715 505 4763 est:
523 4727 532 4759 i
548 4708 658 4763 Lauset
682 4707 765 4778 gloria
795 4707 860 4772 lieo,
888 4708 938 4777 qui

146 4781 203 4836 dies
221 4796 295 4835 meus
311 4781 336 4834 in
357 4780 534 4861 prosperitate
556 4780 627 4832 hona
651 4777 831 4837 conservavit,
856 4786 884 4830 nt
907 4778 934 4832 in

146 4852 309 4905 exalaitione
326 4849 374 4906 filii
393 4850 445 4904 niel
462 4849 615 4904 charissimi
631 4848 788 4918 gauderem,
802 4849 847 4918 qui
861 4847 935 4902 laho-

147 4929 219 4976 rarct
235 4921 292 4975 rice
317 4935 375 4973 mea
397 4920 423 4974 iii
448 4919 562 4974 ecclesia
577 4917 624 4972 ubi
638 4935 688 4989 ego
702 4918 819 4973 nutritus
833 4925 860 4972 et
871 4917 936 4973 edn-

146 5002 223 5047 catus
240 4989 355 5055 fueram,
379 4998 406 5044 et
428 4998 557 5059 praesset
578 4988 714 5043 thesauris
738 4987 886 5056 sapientiae,
908 4988 936 5042 in

146 5063 247 5131 quibua
265 5076 308 5116 me
323 5059 451 5130 magister
474 5076 550 5114 mous
564 5059 677 5114 dilectus
695 5059 827 5128 higbertus
849 5058 938 5113 archi-

146 5133 289 5202 episcopus
302 5131 437 5186 haeredem
448 5130 566 5198 reliquit.
584 5149 593 5182 r
610 5129 656 5184 Sic
664 5129 793 5183 alcuinus
805 5128 937 5198 discipulo

147 5219 196 5257 suo
209 5201 346 5256 Eaiihaldo
360 5202 392 5255 de
407 5202 575 5270 promotione
593 5201 621 5253 in
635 5202 727 5255 sedem
739 5199 937 5255 Eboracensem

146 5273 305 5344 gratulatur.
321 5273 359 5326 De
373 5270 497 5325 AElberto
510 5271 538 5324 id
550 5271 631 5325 etiam
645 5277 797 5326 constater
811 5270 937 5340 anonymi

146 5343 282 5412 poematio
292 5342 325 5397 de
335 5342 467 5410 episeopis
481 5341 706 5404 Eboraoensihus,
724 5340 796 5409 quod
810 5347 898 5394 exstat
911 5341 937 5393 in

147 5412 302 5481 appendice
315 5411 406 5467 saeculi
430 5410 513 5475 tei-tii,
541 5412 568 5464 iii
613 5426 647 5464 uo
670 5409 800 5465 alcuinus
823 5408 938 5465 AElherti

148 5481 388 5552 discipulnsfuisse
403 5488 577 5538 memoratur.
592 5427 641 5536 dis
650 5480 861 5550 praeceptoribus
871 5480 941 5534 didi-

148 5554 186 5607 eit
201 5569 253 5608 non
270 5551 355 5607 soluin
372 5551 495 5606 Latinam
508 5549 543 5605 lin
565 5566 635 5612 uam,
658 5551 800 5605 sedetiam
817 5548 939 5605 Graecam

149 5632 175 5681 et
192 5622 352 5691 llebraicaui
373 5622 503 5692 tantisper
517 5621 549 5676 de
561 5622 654 5684 ibavit,
669 5630 699 5674 nt
719 5635 750 5675 cs
767 5620 851 5690 ipsius
871 5621 940 5676 scri·

150 5696 213 5764 ptis,
230 5694 347 5751 niaxiiiie
361 5709 393 5748 ex
408 5691 520 5764 epistola
531 5692 577 5758 27,
591 5699 709 5761 apparet.

314 5789 454 5850 Parisoi.
479 5788 529 5855 tl.

986 4636 1077 4691 fuisse.
1093 4636 1127 4690 Et
1141 4638 1248 4709 quidem
1272 4638 1297 4691 id
1322 4637 1399 4692 fateri
1418 4656 1467 4695 iios
1486 4640 1557 4710 cogit
1572 4649 1627 4697 tum
1650 4643 1728 4715 longa
1752 4643 1779 4698 iii

985 4707 1065 4762 donin
1078 4707 1122 4760 illa
1134 4722 1221 4772 mora,
1235 4716 1291 4761 tum
1303 4708 1424 4763 custodia
1435 4709 1604 4770 bibliothece
1617 4713 1652 4768 ab
1662 4713 1780 4785 Egherto

986 4778 1036 4847 ipsi
1051 4777 1318 4842 commendatarum
1338 4780 1436 4834 schole
1450 4781 1599 4838 moderatio
1615 4784 1779 4840 commissa:

986 4847 1057 4929 qnod
1076 4845 1191 4928 officium
1213 4849 1359 4912 extraneis,
1383 4852 1517 4923 precipue
1528 4854 1598 4922 apud
1621 4855 1780 4919 monachos,

988 4932 1075 4972 rarius
1089 4917 1223 4972 committi
1237 4918 1314 4982 solet,
1329 4922 1446 4977 maxime
1459 4937 1521 4976 eum
1533 4923 1674 4979 domestici
1685 4924 1720 4979 ad
1729 4923 1781 4979 boe

989 4987 1076 5043 idonei
1090 4995 1243 5059 suppetunt.
1261 4989 1381 5062 benique
1396 5001 1503 5047 mortno
1518 4991 1575 5062 ejus
1588 4995 1709 5051 ccclesiae
1725 4996 1783 5068 epi·

989 5072 1081 5127 scopo,
1093 5059 1224 5140 cumipse
1239 5059 1266 5115 in
1287 5057 1373 5118 Gallia
1396 5063 1561 5130 morabatur,
1576 5067 1678 5122 accitus
1692 5076 1734 5122 est
1754 5067 1782 5122 in

989 5143 1065 5184 suain
1086 5129 1227 5184 ecclesiam
1251 5129 1285 5184 ad
1307 5131 1370 5186 nuri
1397 5133 1531 5202 pontilicis
1555 5135 1726 5202 electionem,
1748 5152 1783 5192 ex

989 5199 1102 5269 epistola
1115 5198 1149 5255 88
1155 5202 1242 5281 ⁸(nunc
1253 5199 1315 5272 il);
1331 5204 1402 5272 quod
1413 5214 1570 5275 argumento
1583 5217 1625 5261 est
1635 5222 1696 5262 enm
1708 5207 1783 5274 ejus·

991 5271 1052 5324 deni
1067 5270 1188 5326 ccclesiae
1209 5271 1350 5326 diaconum
1370 5273 1544 5341 cardinalem,
1566 5276 1592 5331 id
1603 5287 1646 5332 cst
1657 5278 1785 5333 doiiiesti·

991 5356 1052 5395 cum
1067 5352 1095 5394 et
1105 5339 1264 5396 familiarem
1279 5340 1372 5396 fnisse.

1033 5409 1072 5491 lb.
1088 5409 1169 5480 atqui
1182 5410 1208 5464 in
1221 5411 1385 5467 Eboracensi
1397 5412 1510 5469 ecelesia
1529 5425 1585 5472 tum
1607 5417 1716 5486 vigebat
1727 5433 1785 5475 iiio-

992 5489 1126 5535 nasticum
1151 5481 1312 5536 institutum.
1346 5482 1536 5539 herinsterium
1561 5496 1640 5542 vocat
1660 5488 1731 5543 Beda
1756 5488 1785 5544 iii

993 5550 1105 5621 epistola
1119 5550 1151 5604 ad
1166 5551 1312 5620 Eghertum
1331 5551 1389 5619 ejus
1403 5555 1526 5610 ecclesiae
1539 5558 1696 5612 antistitem.
1709 5578 1718 5609 i
1730 5558 1787 5615 lle-

994 5622 1069 5685 niini,
1087 5621 1182 5747 inanit,
1204 5630 1230 5677 te
1245 5622 1373 5678 hesterno
1393 5625 1493 5681 elisisse
1517 5642 1598 5692 anno,
1614 5643 1675 5685 eum
1695 5637 1786 5686 tecum

995 5690 1095 5761 aliquot
1133 5691 1208 5747 lehn>
1221 5691 1324 5762 legendi
1340 5695 1425 5763 gratia
1441 5697 1467 5750 in
1492 5699 1655 5753 mneasterio
1676 5709 1721 5754 tuo
1739 5700 1786 5758 do·

1533 5792 1580 5850 tes
