3780 6120
123 232 172 289 ill
546 234 577 289 ll.
598 234 629 289 F.
649 232 760 289 :tttttn't
781 232 847 288 SEU
867 230 1004 290 ttctttt
1023 232 1166 291 ortuutt
1184 234 1274 293 tntis
1293 234 1336 292 lll.
1700 234 1764 321 lii¹

121 363 174 417 set,
191 359 218 407 ct
232 350 259 405 in
272 346 360 405 iorma
379 350 468 404 Patris
482 348 575 415 Filius,
592 365 644 405 nou
658 350 778 420 rapinum
793 346 909 402 arbitro-
923 351 949 410 Δ
962 338 1040 403 imita
1053 356 1107 404 tem
1143 365 1173 405 re
1189 349 1216 404 iu
1230 358 1345 404 mortem
1359 347 1534 414 contradidit,
1549 346 1617 402 nihil
1640 346 1755 403 interitu

122 438 164 479 tos
177 432 282 476 estesse
301 436 328 475 se
342 419 469 493 equuleus
482 420 546 485 lieo,
570 421 615 476 sed
628 420 742 490 reipsum
754 418 908 485 exinaniuit,
961 419 1096 475 iuoomrno
1115 420 1122 473 i
1133 420 1241 489 propria
1253 428 1349 475 tratura
1360 420 1498 474 sustineus
1511 434 1519 474 ι
1533 418 1621 488 ipsum
1633 431 1752 487 namque

122 497 236 565 sormam
249 491 317 545 serni
327 506 473 544 neronem.
494 490 523 545 st
537 499 627 545 autern
642 490 730 545 iactus
741 496 783 544 est
806 488 908 554 homo,
960 496 987 543 et
997 496 1052 543 urta
1068 497 1120 555 est,
1140 498 1168 544 ct
1184 498 1283 544 caetera
1298 490 1387 545 omnia
1402 488 1543 545 viriileaus
1554 496 1597 543 est
1613 505 1620 541 :
1641 502 1753 543 rerum-

122 562 268 629 assumpsit
277 568 368 614 autent
379 567 407 616 et
417 561 488 615 servi
501 560 628 626 iormam,
639 559 776 631 quomodo
789 557 910 614 censebit
960 568 1062 624 tamen,
1081 575 1141 629 quae
1152 560 1242 614 caruis
1255 567 1328 623 sunt,
1341 559 1424 614 veluti
1435 559 1545 629 propria
1553 559 1581 613 in
1594 572 1624 613 se
1638 556 1754 615 transle-

121 647 245 703 parvum,
262 638 290 684 ct
303 630 511 700 dispensationis
537 630 688 686 rationibus
712 629 907 700 incongmum,
960 645 1033 693 rens,
1045 637 1074 684 et
1083 638 1200 685 mortem
1212 644 1380 700 perpessum,
1394 645 1426 685 ac
1439 643 1596 701 resurgens,
1608 628 1754 697 quoderat

121 701 265 773 appellari,
281 707 310 756 et
323 715 383 756 esse
396 701 556 770 apostolum,
573 710 601 756 et
622 699 798 770 pontiiicem?
815 698 848 752 Et
861 699 908 768 qui
960 715 1009 770 pro
1021 699 1146 755 omnibus
1159 709 1304 763 mortuum,
1315 701 1424 771 proprio
1443 701 1576 771 sanguine
1600 698 1754 755 humanum

122 786 279 829 rneusuram
299 771 478 827 immanitatis
496 780 597 827 nostrae
613 785 667 825 non
681 768 842 840 dedignatus
855 776 908 835 est,
960 784 1045 839 genus
1059 770 1193 840 expiasse,
1204 778 1232 825 ct
1245 778 1377 840 quotquot
1389 786 1437 840 per
1449 780 1585 825 terrarum
1597 770 1696 825 orbem
1706 770 1754 827 tle·

121 843 256 912 quomodo
286 842 452 913 repudianda
480 842 591 897 duceret
612 840 770 895 tunnanat»
798 838 831 893 Et
848 848 911 909 post
960 848 1034 909 gunt,
1051 840 1106 894 lieo
1120 848 1148 894 ct
1159 839 1233 896 Patri
1243 841 1420 912 acquisivisse
1429 841 1538 896 dicitur.
1554 859 1564 893 ι
1583 840 1661 902 hein,
1674 853 1752 895 nuru.

121 928 208 984 pauca
221 914 259 968 ita
270 914 381 984 pergit:
405 912 523 982 «ltaque
548 913 571 968 si
593 926 677 966 unum
690 910 783 965 dicunt
804 908 908 975 lilium,
961 925 1025 975 xxv,
1039 911 1157 966 ostendit
1173 910 1299 965 meritum
1326 911 1519 981 redemptionis
1532 926 1566 965 ex
1585 924 1619 965 eo
1631 909 1691 965 solo
1704 910 1755 965 ha·

121 984 196 1040 ιιΙΙο
219 985 299 1039 ruodo
322 984 471 1053 partientes
498 983 525 1037 iu
549 983 632 1044 duos,
647 996 730 1035 unum
755 996 789 1035 cx
807 978 911 1035 semine
960 981 1029 1045 beri,
1041 980 1112 1050 quod
1124 981 1182 1051 ipsc
1199 980 1283 1036 Filius
1294 990 1413 1036 aeternus
1424 982 1519 1037 aeterni
1533 980 1623 1036 Patris
1636 988 1755 1039 moneor

122 1055 222 1117 David,
237 1064 265 1109 et
279 1052 362 1108 alium
380 1069 413 1109 eu
428 1051 484 1109 lico
504 1052 585 1108 Patro
609 1050 747 1115 Verbum;
773 1050 911 1120 quomodo
961 1051 988 1105 in
1002 1065 1084 1106 earne
1096 1052 1205 1131 propria
1219 1051 1371 1122 pertulerit.
1389 1050 1484 1107 «Uerus
1494 1066 1570 1123 ergo,
1585 1050 1686 1121 inquit,
1697 1066 1755 1107 om-

121 1139 175 1179 non
190 1125 289 1179 laedunt
302 1132 511 1187 sacramentum,
522 1124 671 1191 partientes
681 1120 909 1191 dispensationem
960 1136 1010 1175 nes
1032 1121 1162 1193 dignitate
1180 1133 1313 1191 praestans
1322 1138 1372 1192 pro
1385 1122 1512 1177 omnibus
1534 1121 1656 1177 animatu
1676 1136 1755 1179 mam

122 1196 219 1250 illuct
244 1194 364 1249 hominii
383 1194 416 1248 Et
440 1209 493 1247 nou
517 1193 607 1262 potius
630 1207 713 1246 unurn
736 1200 764 1245 et
785 1190 908 1246 eumdeut
960 1191 1061 1262 posuit,
1074 1201 1101 1245 et
1122 1193 1286 1247 oeoorromicn
1300 1192 1415 1261 quadarn
1440 1193 1546 1247 ratione
1569 1204 1684 1247 carnem
1706 1206 1757 1263 per

122 1264 206 1319 ileum
222 1274 249 1319 ct
262 1264 398 1320 bominem
412 1278 472 1319 esse
489 1263 592 1329 dicunt,
607 1270 637 1317 ut
660 1262 715 1316 siut
726 1261 816 1316 onmia
839 1260 909 1329 ejus,
961 1269 1077 1316 mortem
1088 1261 1215 1315 nonnihil
1225 1262 1360 1317 humiliari
1372 1260 1755 1319 sinebatverurnsecunduu

120 1344 149 1388 ct
166 1350 226 1403 ιιι
248 1335 355 1399 divina,
381 1343 480 1404 etquae
501 1333 635 1387 humana?
654 1330 722 1385 liam
756 1329 845 1385 trarrdo
859 1329 912 1384 ali·
960 1330 1100 1401 propriam
1114 1339 1255 1393 naturam.
1280 1333 1306 1385 in
1321 1347 1401 1402 quam
1414 1332 1506 1389 nullus
1517 1331 1604 1399 dolor,
1620 1330 1698 1387 nulla
1710 1346 1756 1389 ea·

121 1405 197 1473 quid,
209 1405 281 1474 <quod
296 1403 381 1459 lteum
391 1404 509 1458 unanime
520 1404 607 1467 decet,
619 1401 653 1455 de
667 1402 725 1471 ipso
736 1348 848 1463 aicitur,
859 1401 911 1481 hoc
961 1400 1001 1456 dit
1014 1401 1170 1471 perpessio,
1185 1401 1309 1457 camdem
1329 1410 1445 1457 mortem
1463 1402 1582 1459 vicissim
1604 1402 1756 1469 destruxit,

122 1483 197 1529 certe
207 1473 362 1529 omnimodo
376 1481 404 1528 ct
416 1488 510 1527 verum
520 1488 581 1529 essc
595 1472 725 1535 dicimus;
739 1471 824 1527 licum
837 1484 910 1525 enrm
961 1486 1016 1541 quo
1029 1472 1080 1526 hac
1093 1472 1225 1526 nimirum
1242 1472 1345 1526 ratione
1359 1472 1499 1543 corruptio
1512 1474 1539 1527 in
1550 1471 1675 1528 omnium
1695 1486 1757 1529 ιιι·

122 1544 211 1612 ipsum
223 1558 286 1599 esse
296 1544 407 1598 scimus.
423 1543 457 1598 m
478 1543 500 1598 si
524 1544 642 1599 humane
656 1541 793 1611 quidpiam
808 1540 910 1596 dictum
961 1541 1073 1612 poribus
1087 1549 1273 1607 enervaretur,
1287 1542 1435 1611 mortisque
1458 1543 1602 1613 imperium
1623 1540 1757 1599 ousotvs-

121 1611 220 1677 tuerit,
239 1613 323 1668 ctiam
352 1615 403 1669 hoc
427 1612 610 1667 admittemus.
637 1609 909 1675 Contitemurenim,
962 1619 1048 1667 retur.
1059 1611 1177 1675 Etenim,
1190 1620 1221 1667 ut
1235 1611 1262 1665 in
1284 1611 1371 1667 Adam
1380 1627 1475 1667 omnes
1500 1613 1666 1679 moriuntur,
1690 1612 1758 1671 sico

121 1683 193 1753 quod
208 1682 279 1738 licus
290 1692 332 1738 est
343 1682 370 1737 in
384 1698 465 1738 carue
477 1690 505 1738 et
522 1681 673 1753 sauguine,
691 1688 719 1735 et
732 1680 910 1735 humanitatis
924 1710 949 1770 B
963 1682 1102 1737 contrario
1115 1682 1142 1735 in
1154 1680 1262 1737 Christo
1276 1695 1370 1738 oumcs
1385 1682 1564 1738 vivificamur.
1577 1682 1673 1753 Neque
1683 1680 1759 1739 euin

121 1768 277 1808 mensuram
302 1768 352 1822 per
377 1753 496 1808 humana
519 1751 702 1824 agnoscimus.
728 1750 810 1804 llillia
836 1749 909 1804 eninr
963 1765 996 1806 ea
1019 1765 1079 1819 quae
1098 1751 1259 1807 adsalutem
1274 1760 1396 1806 nostram
1411 1740 1524 1818 iaciunt,
1541 1753 1757 1809 secundumha-

121 1823 235 1878 millium
250 1832 405 1879 sanctorum
416 1822 572 1905 augelorum
585 1820 742 1875 ministrant
755 1821 792 1885 ei,
802 1826 830 1873 ct
844 1819 912 1874 diri·
962 1830 1051 1875 turam
1072 1821 1192 1877 divinam
1215 1819 1389 1892 perteussot,
1414 1823 1438 1878 si
1462 1824 1617 1881 secuudum
1629 1832 1762 1879 neutram

121 1909 186 1947 nurn
202 1894 261 1964 ejus
283 1893 410 1948 thronum
434 1900 613 1949 crrcumstant
637 1890 784 1960 seraphim.
798 1888 913 1955 Quando
961 1893 1108 1946 humanam
1133 1899 1249 1946 mortem
1274 1893 1360 1947 nostri
1386 1908 1469 1947 causa
1488 1908 1541 1949 nou
1566 1892 1758 1951 sustinuisset.

122 1971 214 2019 autem
233 1962 319 2018 iactus
333 1970 375 2017 est
394 1963 486 2026 homo,
501 1968 615 2018 vocatus
629 1970 671 2015 cst
682 1961 765 2015 ctiam
777 1958 910 2028 pontifex,
962 1960 1089 2016 Traditur
1099 1976 1215 2031 namque
1232 1971 1346 2017 mortem
1356 1964 1445 2034 primo
1455 1964 1600 2033 oppetiisse
1617 1970 1648 2018 ut
1656 1964 1761 2031 homo;

123 2048 177 2088 non
193 2033 264 2104 quod
277 2041 406 2114 tanquam
424 2033 520 2103 majori
535 2032 590 2087 lico
602 2030 713 2085 offerret
736 2027 911 2095 sacrtttctum,
962 2047 1025 2085 utos
1038 2046 1103 2086 vcro
1112 2046 1161 2113 per
1179 2032 1217 2094 id,
1229 2033 1301 2101 quod
1312 2048 1360 2088 sua
1370 2041 1466 2088 natura
1477 2042 1519 2089 est
1530 2033 1615 2099 Deus,
1630 2034 1660 2089 in
1670 2034 1763 2089 vitam
1789 2054 1798 2063 ·

121 2103 169 2158 scd
184 2103 256 2173 quod
269 2104 320 2157 sibi
335 2103 386 2172 rpsi
399 2110 427 2157 et
440 2102 514 2157 Patri
526 2102 588 2157 iidci
601 2110 702 2156 nostrae
713 2097 911 2154 conlcssioncm
961 2100 1050 2157 deutm
1064 2100 1184 2157 rediisse.
1202 2102 1230 2156 Si
1244 2102 1325 2172 igitur
1338 2112 1453 2158 nrortem
1465 2104 1615 2160 secundum
1630 2104 1762 2175 Scriptu-

123 2180 291 2241 procurarct.
313 2171 432 2227 Audiens
477 2172 530 2227 uod
543 2172 632 2226 dictus
653 2169 837 2225 cstsacerdos
850 2183 912 2238 pro-
962 2187 1008 2227 ras
1021 2186 1134 2240 corpote
1148 2186 1201 2227 nou
1253 2173 1344 2239 ntulit,
1365 2189 1453 2244 neque
1475 2174 1572 2244 spiritu
1602 2173 1798 2231 visitentur·-

121 2251 182 2312 ptcr
197 2242 402 2307 humanitatem,
417 2189 578 2297 embescisi
596 2240 699 2296 Deinde
711 2238 845 2309 quomodo
858 2254 912 2294 nou
963 2242 1061 2296 revixit
1071 2257 1189 2313 quoque.
1230 2244 1281 2299 uod
1294 2243 1317 2297 si
1333 2258 1397 2299 vero
1419 2245 1446 2297 in
1459 2244 1543 2298 vitam
1556 2260 1613 2301 nou
1626 2258 1761 2301 resurre-

123 2312 273 2367 admiratus
285 2327 324 2374 es,
341 2312 413 2382 quod
424 2327 478 2367 non
492 2311 640 2367 secundum
654 2309 828 2364 sacerdotum
851 2324 911 2364 ιιι·
962 2320 1017 2375 xrt,
1044 2313 1110 2368 tides
1124 2319 1217 2369 nostra
1232 2328 1300 2367 vana
1313 2324 1366 2377 est,
1382 2315 1448 2369 etin
1488 2315 1589 2370 secatis
1602 2316 1762 2371 etiamnum

123 2397 191 2445 rem,
204 2382 282 2436 alteri
295 2381 421 2437 detulerit
443 2382 570 2437 sacrilleii
585 2380 710 2443 ruodmu;
737 2379 784 2435 sed
797 2379 847 2435 sibi
860 2378 911 2449 ipsi
962 2381 1060 2452 sepulti
1071 2380 1202 2449 jacemus.
1218 2382 1286 2437 Nam
1299 2382 1375 2450 iusta
1388 2385 1460 2439 ireati
1469 2330 1548 2440 baruti
1560 2384 1722 2441 doctrinam
1732 2386 1763 2441 iu

122 2452 212 2521 potim
224 2460 253 2507 et
268 2452 358 2517 Patri,
373 2462 403 2506 ut
427 2452 505 2507 utxtt
530 2450 644 2518 Quando
661 2450 744 2512 dieis,
769 2448 911 2519 iudignum
961 2460 1077 2507 nrortenr
1092 2453 1163 2508 illius
1184 2454 1314 2523 baptizati
1332 2468 1442 2519 suruus;
1469 2463 1615 2526 peccatoru
1664 2470 1703 2511 ue
1716 2470 1763 2512 ru-

122 2536 184 2576 csse
200 2522 270 2584 litu,
288 2530 319 2575 ut
329 2522 480 2586 sacriiicet,
496 2520 626 2589 astipulor
645 2527 673 2573 et
684 2534 743 2589 ego.
760 2518 814 2573 Sed
827 2519 851 2574 si
867 2533 912 2573 so-
961 2522 1117 2577 missiouem
1128 2539 1177 2593 per
1186 2524 1344 2592 sauguinem
1357 2525 1430 2580 iliius
1439 2525 1617 2581 obtinuimus.
1630 2544 1640 2578 ι

122 2589 179 2645 lum
193 2600 275 2653 esset,
288 2600 316 2644 et
332 2592 434 2661 absque.
446 2606 528 2646 canuc
542 2591 670 2653 l'erhutn,
689 2596 762 2642 recte
783 2588 910 2643 diceres:
962 2601 1039 2663 urget
1057 2599 1085 2647 et
1097 2608 1172 2647 num.
1199 2594 1250 2657 td,
1266 2593 1385 2665 dicitque
1404 2606 1520 2651 mortem
1539 2596 1702 2651 nuliatenus
1714 2594 1791 2653 tle—

122 2669 152 2714 at
165 2675 238 2721 vero,
254 2661 317 2731 quia
333 2660 433 2716 iactum
446 2669 488 2715 est
499 2675 579 2721 caro,
592 2659 653 2713 vide
666 2667 695 2713 et
713 2658 911 2713 sacritieantcur
961 2671 1101 2726 structam,
1119 2672 1176 2726 aut,
1190 2665 1263 2733 quod
1274 2664 1344 2719 idem
1359 2674 1411 2729 est,
1423 2666 1637 2723 satisfactionem
1641 2666 1774 2749 plenam

121 2739 233 2799 propter
245 2731 456 2797 hurnauitatem;
471 2738 497 2786 et
514 2728 732 2811 indignitatibus
745 2726 816 2781 ultra
834 2743 912 2783 crea·
960 2747 1010 2802 pro
1024 2733 1255 2803 peccatisnostris
1269 2736 1419 2804 praestitam
1440 2753 1494 2792 non
1508 2751 1579 2802 osse,
1596 2736 1650 2792 nist
1668 2737 1772 2809 ipsum

121 2809 211 2853 turam
222 2801 292 2856 sicut
303 2799 404 2856 licum:
418 2801 540 2856 considet
551 2813 624 2853 cutm
635 2814 698 2855 eum
713 2797 770 2852 Deo
782 2804 809 2852 ct
818 2797 910 2853 l‘atrc.
962 2802 1080 2858 l'erbum
1090 2803 1212 2858 ditinum
1228 2814 1341 2860 mortem
1374 2822 1404 2862 ro
1418 2807 1496 2862 nohis
1509 2806 1536 2861 iu
1549 2822 1636 2863 carue
1649 2820 1773 2863 ussum-

123 2869 215 2941 ltaque
228 2877 256 2925 et
267 2870 327 2926 ride
337 2871 424 2941 ipsum
436 2870 636 2927 sacrificantem
652 2867 909 2949 socunduutuhuma·
960 2881 1006 2944 pta
1029 2872 1158 2929 tolerasse
1179 2883 1324 2930 statuatur.
1347 2822 1388 2931 ssn
1409 2877 1468 2947 ejus
1482 2878 1586 2933 rerba:
1607 2874 1725 2935 «rom
1736 2876 1767 2933 si

122 2939 252 3004 uitatem,
275 2942 458 2995 considentem
473 2948 564 2995 autem
589 2947 619 2994 ut
639 2938 733 2993 Deum.
755 2937 824 3005 Quid
837 2938 910 2993 enim
961 2957 1048 3012 neque
1062 2958 1142 3000 verus
1158 2944 1206 3000 Dei
1229 2944 1313 3000 Filius
1331 2954 1373 3001 cst
1394 2946 1536 3012 Christus,
1552 2962 1569 3001 n
1607 2956 1761 3003 uenatore

122 3010 188 3065 dicit
202 3012 297 3066 heatus
310 3010 528 3066 Paulusilolem
538 3008 664 3063 turbemus
695 3008 843 3077 ontificem,
882 3008 911 3062 ui
961 3012 1042 3073 Deus.
1059 3014 1483 3084 sedacqucacuosnihilaliud,
1500 3033 1582 3089 quam
1620 3032 1699 3083 outo,
1712 3026 1762 3073 aut

121 3080 238 3135 coneedit
260 3082 288 3134 in
306 3080 414 3135 deutera
437 3080 524 3135 tirroui
548 3026 737 3150 urogrrituaesinis
752 3079 780 3132 in
802 3025 910 3134 excubis
923 3070 947 3132 C
962 3083 1110 3139 divinitatis
1138 3086 1362 3153 instrumentum3
1391 3103 1562 3158 nequaquam
1587 3102 1639 3158 per
1667 3086 1754 3143 Deun

122 3148 216 3218 (liebr.
232 3148 304 3222 viu).
321 3150 444 3206 Scicntes
466 3150 549 3221 igitur
567 3149 640 3220 quod
653 3147 742 3203 iactus
753 3157 796 3203 cst
817 3149 909 3214 homo,
961 3153 1073 3208 salutem
1092 3156 1228 3211 consecuti
1244 3172 1353 3223 sumus3
1371 3158 1419 3212 sed
1433 3172 1482 3228 per
1493 3172 1572 3223 euru,
1599 3158 1647 3229 qui
1670 3156 1755 3215 nostrl

120 3235 184 3274 cum
200 3219 271 3275 Deris
287 3229 359 3277 esset
373 3221 426 3293 (est
439 3229 531 3277 autem
543 3234 612 3275 unus
623 3226 652 3273 et
666 3218 737 3273 idem
752 3217 857 3290 Filius),
871 3219 909 3274 illi
960 3223 1056 3278 similis
1070 3226 1154 3281 nostri
1178 3240 1257 3280 causa
1282 3237 1420 3292 mortuus,
1434 3228 1601 3298 alteriusque
1613 3228 1720 3285 virtute
1730 3236 1755 3284 et

122 3290 214 3343 omnia
226 3292 390 3357 tribuemus,
408 3300 439 3346 ut
460 3292 522 3357 uni;
546 3298 575 3345 et
588 3288 796 3359 dispensationis
816 3291 911 3346 modos
959 3301 1092 3362 potestate
1106 3295 1284 3351 resuscitatus
1302 3308 1352 3352 est.
1370 3298 1509 3365 Quomodo
1525 3314 1592 3369 ergo
1604 3314 1684 3355 rrrors
1708 3312 1754 3369 per

123 3374 176 3412 uon
187 3359 380 3428 ignorabimus,
393 3360 564 3430 cogitationis
574 3359 629 3413 vim
640 3372 748 3426 semper
758 3359 870 3428 provido
883 3368 911 3415 et
960 3363 1098 3419 Christum
1120 3366 1224 3421 devicta
1248 3367 1364 3422 dicitur?
1386 3368 1475 3439 Atque
1494 3369 1634 3425 Christum
1653 3368 1689 3425 de
1708 3382 1753 3425 stra

123 3429 259 3497 sapienter
270 3430 303 3484 ad
315 3431 498 3486 obedientiam
512 3429 571 3498 ejus
582 3436 783 3484 convertentes.
803 3449 812 3481 ι
831 3428 909 3487 Τιιι.
960 3434 1050 3488 amma
1064 3434 1100 3488 ita
1112 3436 1331 3505 pronuntiantem
1345 3439 1426 3495 amiio
1445 3455 1453 3494 :
1477 3438 1563 3493 Nemo
1573 3438 1643 3494 tollit
1653 3438 1753 3495 iilam

124 3498 240 3579 illicne.
252 3500 304 3553 col.
317 3499 361 3553 stt.
960 3521 1010 3567 nte,
1031 3505 1077 3558 ted
1087 3522 1134 3576 eqo
1148 3522 1217 3577 porto
1235 3523 1293 3561 eunt
1309 3525 1326 3561 u
1341 3525 1396 3573 rtte;
1415 3517 1569 3580 potestatem
1586 3510 1658 3563 euim
1673 3508 1754 3567 totu

159 3567 205 3622 hl.
225 3566 335 3623 Falsum
348 3586 402 3624 etse
412 3570 475 3624 dicit
490 3569 560 3640 qood
578 3567 692 3623 Verbum
704 3569 732 3622 iu
742 3578 839 3624 notura
848 3586 911 3640 pro·
958 3574 1146 3643 ponendisque.
1158 3587 1183 3630 et
1191 3584 1343 3645 potestatem
1352 3578 1434 3633 babeo
1443 3595 1549 3632 rursum
1560 3579 1685 3633 sumendi
1695 3596 1753 3635 ιιι

120 3637 181 3705 prio
195 3638 372 3772 sitgosribilc,
385 3640 409 3693 ι’
423 3640 452 3693 in
472 3650 568 3694 notura
581 3647 718 3719 suompte
732 3655 839 3708 possum
856 3650 910 3695 stu-
959 3643 1051 3767 Βιιιι.
1060 3660 1087 3707 ι,
1102 3645 1155 3711 ts).
1169 3647 1219 3715 Qui
1227 3647 1299 3702 cuim
1310 3656 1424 3704 ttrortern
1436 3649 1585 3714 nesciebat,
1600 3649 1646 3705 ille
1658 3664 1754 3707 secun·

121 3714 223 3760 tuetur.
259 3709 304 3763 uin
314 3709 351 3762 oit
360 3710 465 3764 outuino
477 3726 578 3764 trecesse
591 3724 646 3762 erae
658 3717 685 3760 ιι
696 3723 781 3778 aprum
796 3708 909 3764 Verbum
978 3729 1023 3767 um
1036 3728 1085 3783 pro
1105 3717 1173 3771 riam
1188 3732 1299 3772 caruem
1312 3718 1339 3772 in
1351 3728 1465 3773 mortem
1480 3719 1608 3775 omnibus
1630 3733 1754 3775 coturnu-

119 3791 169 3844 ιιι
186 3777 260 3831 nobis
274 3787 406 3833 mortuum
417 3788 624 3844 emeorrertrtur,
633 3793 692 3831 cum
703 3793 777 3832 seem
787 3780 910 3834 interitum
958 3798 1021 3837 nem
1033 3799 1062 3838 sc
1073 3732 1180 3854 abjecit,
1192 3803 1248 3857 quo
1266 3796 1293 3841 ct
1312 3804 1362 3842 ntis
1374 3804 1481 3860 quoque
1502 3805 1555 3844 uua
1579 3806 1643 3845 cum
1659 3790 1709 3846 illo
1720 3790 1752 3849 ad

120 3845 309 3929 satisfactionis
322 3848 462 3904 subsistere
475 3858 595 3921 eloquent.
611 3877 647 3888 -
665 3847 733 3930 Cum
747 3864 812 3904 sero
826 3850 910 3905 insta·
959 3854 1042 3908 vitam
1055 3870 1267 3928 resurgeremus.
1276 3857 1464 3915 licvixitenim
1475 3859 1634 3929 despoliatis
1644 3860 1753 3929 inseris,

121 3923 183 3970 rent
194 3916 357 3999 Nestouaui,
373 3919 562 3990 dicerentque,
574 3934 609 3976 ex
624 3918 756 3995 doctrina,
768 3934 823 4001 qua
834 3919 910 3975 Chri-
959 3939 1013 3979 non
1026 3933 1162 3982 utnostru
1170 3928 1332 3983 conditionis
1346 3930 1437 3992 homo,
1450 3931 1498 3985 sed
1507 3940 1537 3985 ut
1548 3929 1658 3987 Deusin
1670 3946 1754 3989 came

120 3992 192 4066 stus,
203 3997 285 4041 ettam
298 3998 328 4043 ut
339 3990 430 4055 homo,
444 4006 525 4046 verus
534 4005 594 4046 esse
608 3987 681 4044 licus
694 3996 833 4053 statuitur,
848 4004 909 4061 pas-
959 3994 1099 4051 nobiscum
1109 4004 1137 4052 et
1151 4012 1232 4068 supra
1251 4014 1310 4053 nos.
1323 3997 1446 4055 obtinuit
1465 4008 1556 4055 autern
1569 4000 1598 4056 iu
1620 4002 1683 4072 ipso
1695 4012 1754 4059 tarr-

121 4069 238 4123 sionem,
253 4067 378 4124 mortem,
392 4060 511 4131 aliasque
526 4062 651 4116 burmann
674 4068 779 4114 naturae
794 4059 909 4115 intinni·
959 4079 1041 4134 quarn
1055 4067 1082 4122 in
1096 4067 1184 4137 capite
1200 4067 1442 4140 incorruptionem.
1464 4070 1587 4126 Contrita
1612 4080 1657 4127 est
1679 4088 1754 4129 ntors

120 4131 205 4187 tates,
218 4142 265 4181 seu
281 4129 498 4198 imperfectiones
505 4128 639 4185 divinitati
648 4129 757 4193 ascribi,
774 4129 907 4186 l'erlmm·
958 4151 1081 4206 (proque,
1095 4138 1158 4193 dum
1174 4139 1292 4208 corpori,
1304 4138 1376 4210 quod
1390 4141 1474 4212 ipsius
1487 4142 1549 4195 sitae
1562 4149 1633 4207 erat,
1647 4142 1753 4199 hostili·

119 4209 174 4265 que
185 4196 305 4279 divinum
315 4200 442 4281 passibile
451 4200 514 4265 diei,
524 4200 643 4271 reposuit
654 4198 782 4282 cyrillus,
795 4201 823 4255 iu
834 4200 909 4283 ¹Scri·
960 4213 1001 4259 ter
1013 4206 1134 4263 insultat.
1148 4207 1379 4275 Quemadmodum
1391 4212 1464 4266 enim
1484 4211 1528 4266 illa
1543 4226 1592 4281 pcr
1604 4210 1696 4268 Adam
1708 4212 1752 4269 vi·

122 4272 210 4334 ptuus
225 4269 324 4337 uhrque
334 4268 396 4338 legi,
407 4270 479 4350 quod
489 4272 571 4352 Pater
580 4269 698 4351 coleson
710 4285 797 4339 ipsum
811 4270 908 4326 Filium
959 4275 1005 4338 cit,
1021 4276 1057 4331 ita
1101 4294 1132 4333 er
1150 4277 1287 4334 Christum
1303 4279 1436 4335 debellata
1455 4282 1569 4337 cormit.
1587 4301 1596 4334 t
1620 4281 1703 4337 Touo.
1716 4281 1753 4341 ll

120 4350 156 4388 cx
172 4350 201 4390 se
219 4337 253 4392 ab
265 4347 369 4393 eterno
384 4350 504 4410 gemtum
525 4341 600 4395 lusce
613 4338 738 4394 omuibus
756 4341 907 4408 tradiderit,
958 4345 1041 4402 Cone.
1054 4292 1105 4403 col).
1125 4347 1176 4403 tttt
1188 4359 1215 4404 ct
1229 4348 1271 4403 ts.
1286 4348 1406 4407 Ulterius
1423 4366 1457 4405 ex
1471 4351 1562 4407 verbis
1574 4351 1701 4423 Apostoli
1717 4352 1752 4409 ad

119 4404 270 4489 feceritque
283 4407 449 4492 obnoxium)
470 4410 564 4480 negari
579 4410 689 4489 insuper
707 4412 850 4492 veritatem
864 4411 905 4466 in-
919 4415 1140 4486 pPhilippeuses
1156 4433 1163 4473 :
1179 4418 1231 4484 Qui
1246 4436 1305 4474 cum
1320 4421 1348 4474 in
1355 4420 1446 4544 [arura
1461 4421 1509 4475 Dei
1523 4431 1645 4477 esset...
1660 4423 1750 4479 burni-

119 4484 306 4563 carnatmnrs,
327 4486 498 4561 acmantum
513 4478 714 4560 redemptrouts,
732 4495 785 4534 nrsr
807 4481 905 4535 admit·
957 4485 1029 4540 licuit
1044 4490 1226 4559 temetipsam,
1238 4489 1353 4559 [octauo
1371 4490 1458 4545 edient
1477 4507 1559 4563 osque
1572 4493 1608 4546 ud
1626 4502 1752 4559 mortem,

120 4553 195 4625 tatur
215 4548 333 4603 lerbum
355 4547 475 4604 drvrnum
501 4550 552 4605 ista
578 4565 605 4602 m
621 4562 748 4618 corpore.
773 4550 844 4619 quod
857 4566 906 4621 per
957 4566 1067 4610 nrortem
1081 4567 1169 4613 orateur
1182 4560 1284 4626 crucis,
1301 4570 1367 4625 ete,
1379 4562 1477 4631 prohat
1488 4562 1577 4633 ipsum
1588 4561 1688 4619 Filium
1703 4578 1752 4621 seu

120 4629 249 4697 uruouem
264 4618 315 4673 sibi
328 4619 442 4675 reddidit
452 4620 603 4691 proprium,
616 4618 791 4699 sustinuissc3
805 4621 905 4677 ctiudc
959 4626 1075 4680 lierbunr
1089 4627 1209 4683 divinmu
1232 4638 1348 4685 mortem
1364 4631 1392 4685 iu
1409 4631 1494 4687 tunna
1511 4632 1563 4687 sibi
1578 4633 1656 4688 unita
1669 4634 1753 4691 susti·

119 4693 212 4739 tanuen
225 4686 290 4742 rllud
303 4697 357 4771 tam
366 4704 460 4771 parum
471 4690 584 4771 mortale
599 4703 704 4745 ocuscu
719 4703 807 4770 posse,
824 4706 905 4759 quam
958 4696 1060 4761 nuissc,
1072 4705 1100 4751 ct
1112 4698 1185 4752 l’atri
1200 4699 1228 4754 iu
1241 4716 1351 4756 erucem
1362 4716 1447 4771 usque
1460 4703 1630 4758 obedientem
1647 4703 1752 4761 lactmtt

119 4768 217 4836 parum
235 4759 357 4839 mortalis
372 4769 408 4815 stt
421 4761 521 4825 arrium,
537 4761 599 4816 hcet
620 4767 735 4813 rrrurtem
753 4776 779 4812 rn
793 4776 906 4831 corpore
958 4782 1029 4821 csse.
1053 4786 1062 4817 ι
1079 4766 1225 4824 Considera
1238 4770 1322 4838 igitur
1348 4772 1447 4843 (inquit
1460 4772 1508 4828 lib.
1524 4789 1540 4826 v
1554 4774 1688 4831 adversus
1698 4774 1752 4831 ile·

119 4833 248 4946 gmttatur.
264 4846 274 4879 r
291 4829 389 4883 lermn
402 4846 455 4899 qno
466 4831 573 4901 planius
587 4829 634 4884 ssat
647 4828 730 4901 (aitiu
744 4831 857 4900 epistola
872 4832 906 4889 ad
959 4835 1083 4908 storiunr)
1101 4847 1130 4892 ut
1151 4839 1185 4903 is,
1200 4842 1246 4910 qui
1260 4841 1287 4894 iu
1301 4839 1388 4896 iorrna
1402 4842 1449 4896 Dei
1472 4851 1501 4898 et
1522 4841 1612 4899 Patris
1622 4852 1694 4907 crat.
1719 4852 1754 4903 ιιι

136 4893 267 4953 lonachos
278 4896 398 4969 AEgppti,
417 4916 492 4954 nurn.
506 4902 551 4971 hl)
571 4900 642 4971 quod
652 4898 767 4982 dicitur,
790 4917 858 4972 age.
878 4913 906 4959 ct
957 4916 1019 4975 pote
1031 4907 1111 4969 ileos,
1123 4908 1166 4963 illc
1179 4910 1322 4967 character
1333 4920 1361 4966 ct
1380 4912 1465 4983 ligura
1480 4914 1641 4969 substautias
1668 4915 1748 4988 eius.

119 4980 147 5017 m
165 4974 294 5046 ‘nostram
319 4984 427 5039 quoque
451 4979 565 5026 mortem
586 4972 613 5025 in
634 4985 767 5035 utramus,
784 4972 904 5041 ejusdcm
957 4978 1040 5047 etqui
1054 4979 1127 5033 nullo
1145 4981 1224 5034 ruodo
1239 4982 1408 5046 rniuorerat,
1420 4998 1481 5037 cum
1493 4984 1642 5052 peromnia
1655 4986 1703 5053 sit,
1721 4996 1753 5043 et

120 5043 253 5118 rationem
262 5046 386 5121 accurrate
397 5041 610 5096 consideremus.
646 5040 748 5109 unquid
758 5056 823 5114 ergo
833 5057 905 5098 mor·
957 5047 1123 5130 intelligatur
1136 5049 1259 5120 mquadis,
1279 5052 1459 5106 exinaniverit
1473 5053 1665 5125 semetipsum,
1679 5064 1708 5113 et
1721 5056 1752 5115 itt

118 5108 213 5161 citrum
227 5123 360 5191 quisptam
376 5124 443 5191 sana
456 5118 546 5165 nrcntc
560 5119 647 5191 utens²
663 5111 726 5191 dum
739 5127 838 5182 corpus
852 5114 905 5169 hoc
956 5118 1135 5175 imruilrtatom
1147 5129 1243 5190 sponte
1260 5122 1409 5177 demiserit.
1424 5120 1484 5177 iam
1495 5124 1620 5193 quisnam
1634 5127 1673 5181 sit
1686 5128 1751 5183 exi·

118 5184 256 5256 terrenum
271 5188 462 5251 exstrugurtur,
489 5196 541 5234 uua
554 5196 616 5235 cum
640 5179 684 5233 rllo
699 5196 784 5249 tpsarn
796 5198 904 5253 quoque
957 5188 1103 5245 nanitiouis
1117 5191 1222 5257 modus,
1237 5206 1351 5262 erpone,
1364 5194 1500 5262 quomodo
1514 5195 1595 5249 etiam
1608 5196 1645 5251 sit
1660 5198 1753 5255 humi·

119 5258 237 5327 ammam
251 5252 385 5330 exstingui
401 5251 508 5306 crediti
525 5250 584 5305 Non
595 5250 734 5316 existimo,
748 5252 790 5306 vel
805 5254 851 5307 uni
868 5270 902 5310 ex
957 5256 1047 5324 liatus,
1059 5259 1175 5314 sormam
1189 5262 1260 5315 servi
1274 5262 1420 5332 accipiens,
1438 5272 1466 5317 ct
1481 5265 1615 5332 usquead
1630 5278 1753 5325 monem

118 5315 244 5396 omuibus
256 5322 282 5375 td
297 5337 357 5377 esse
371 5336 529 5392 persuasum
545 5339 552 5375 z
570 5329 597 5375 ct
613 5328 712 5385 tamen,
737 5322 808 5391 quod
830 5339 904 5379 conr·
954 5327 1042 5383 iactrrs
1056 5330 1194 5395 obediens,
1210 5341 1324 5387 mortem
1343 5342 1435 5386 autmu
1451 5335 1550 5389 crucis.
1571 5334 1613 5389 hu
1636 5348 1754 5395 nonest

119 5395 237 5441 rutuuter
249 5392 373 5447 accidere
394 5392 478 5457 solet,
506 5407 560 5447 nou
576 5390 707 5458 corporis,
727 5392 773 5445 sed
787 5392 904 5450 hominis
954 5399 1079 5454 orrmibus
1090 5401 1200 5455 evidens
1215 5402 1242 5455 id
1255 5402 1402 5467 humiliari,
1413 5404 1485 5472 quod
1500 5404 1615 5460 sublime
1630 5408 1679 5474 sit,
1694 5422 1752 5467 nort

118 5467 194 5509 rtrurs
209 5459 367 5581 apsscllatur.
383 5461 424 5517 dd
442 5478 504 5517 curn
517 5463 608 5544 itaque
620 5460 730 5515 modurn
740 5469 774 5542 ‘et
787 5462 821 5517 de
846 5465 905 5534 ipso
954 5468 1026 5537 quod
1037 5469 1199 5526 intrinsecus
1209 5481 1237 5525 ct
1248 5488 1282 5527 cu
1300 5481 1396 5527 uatum
1408 5474 1571 5529 submissum
1581 5484 1609 5529 et
1621 5476 1748 5537 humile!

118 5536 226 5602 quoquc
263 5533 413 5615 mmanucle
423 5540 528 5588 statuas
541 5532 613 5587 hcet.
627 5531 693 5585 Erat
703 5546 776 5586 emm
787 5531 903 5589 Verbum
955 5537 994 5600 ld,
1009 5539 1059 5593 nisi
1073 5540 1160 5603 irritor,
1174 5542 1319 5606 exinaniri,
1332 5544 1403 5613 quod
1414 5544 1524 5625 plcuum
1542 5545 1591 5606 sit.
1606 5555 1634 5601 ct
1645 5549 1752 5607 nullius

118 5606 145 5645 ru
159 5598 288 5678 eo,·quod
303 5615 336 5656 es
348 5602 461 5683 mulsere
472 5612 627 5671 srrsccpmm
645 5609 720 5665 erat,
733 5608 861 5671 tanquam
877 5606 904 5661 in
954 5608 994 5663 rci
1019 5608 1152 5681 indignat?
1172 5609 1238 5665 ttturt
1262 5614 1344 5668 ctiam
1364 5629 1489 5683 accipere
1514 5617 1587 5669 serti
1606 5613 1752 5685 iorntam,

117 5676 226 5736 prmum
237 5684 362 5741 corpore;
376 5672 426 5729 hoc
442 5687 529 5743 tpsrun
541 5670 824 5744 autctucorpusossss
837 5690 904 5745 pau-
956 5678 1028 5743 quod
1049 5690 1111 5738 autc
1125 5682 1200 5737 illum
1214 5681 1296 5739 luerit
1310 5684 1458 5741 secumdum
1473 5692 1598 5747 natrrram
1610 5686 1754 5747 liberum?
