3780 6120
150 288 204 346 753

149 404 278 464 Esuriens
288 406 402 479 dapibus
424 421 522 478 corpus
534 391 598 464 dum
609 410 731 480 pascitur
742 410 816 481 illud,

149 497 224 555 bleus
234 498 278 568 pia
293 509 421 569 pascatur
443 500 534 555 verbis
557 501 713 557 caelestibus
727 502 784 557 illa.

148 590 182 649 lit
206 593 266 648 laus
278 593 348 648 alma
372 593 429 649 Deo
442 601 500 650 tota
524 595 687 665 capitatur·
702 596 730 651 in
741 596 814 662 aula,

147 681 230 739 Plena
241 684 298 738 suis
311 682 421 740 lentulis
443 685 558 756 dapibus
581 700 641 757 oure
656 686 671 727 ¹³
686 686 789 743 lereula
813 698 935 759 praestat.

145 776 234 849 Atque
247 781 368 835 animum
398 782 501 851 pariter
515 782 618 839 coelesti
632 798 702 854 pane
719 783 830 840 cibavit.

515 892 571 948 cx.

430 995 442 1026 ⁸
463 985 505 1040 Aa
520 1002 647 1042 mensum.

144 1060 259 1129 hercula
273 1069 366 1130 auara
386 1074 448 1144 pios
466 1074 589 1132 Christus
601 1077 744 1134 benedicat
759 1076 787 1133 in
798 1074 872 1147 aula,

143 1161 177 1216 Et
190 1177 238 1218 sua
249 1162 410 1235 multiplicet
431 1164 579 1221 clementer
589 1176 701 1222 munera
714 1168 800 1224 serris
808 1168 834 1223 ὃ.

142 1254 194 1322 Qui
220 1266 349 1311 mannam·
360 1257 460 1328 populo
487 1258 592 1315 uoelesti
620 1260 696 1316 misit
707 1260 735 1316 iu
753 1261 850 1328 imbre,

141 1343 264 1415 Rupibus
280 1347 358 1402 etsie
376 1348 401 1402 el
417 1355 429 1384 ⁸
444 1347 546 1404 sitienti
561 1339 672 1424 humina
686 1343 773 1406 ludit:

73 1472 78 1479 -
139 1432 259 1493 Panibus
282 1444 310 1494 et
327 1438 417 1510 quiuis
440 1440 551 1496 satiarit
569 1441 652 1496 millia
671 1442 815 1513 mirque:

140 1528 191 1595 Qui
210 1530 344 1585 convertit
367 1544 452 1602 aquas
474 1531 592 1588 mirandi
616 1532 643 1588 iu
657 1534 719 1588 rina
742 1534 860 1605 saporis,

138 1621 194 1677 hos
209 1628 237 1677 et
256 1630 348 1678 nostra
375 1620 455 1678 simul
468 1624 611 1681 benedicat
636 1612 739 1683 fercula
762 1628 847 1693 mitis,

137 1711 338 1784 Consurretque
360 1724 424 1772 suos
440 1710 556 1774 famulos
575 1717 681 1789 inpare
699 1732 808 1784 serena,

136 1802 273 1863 Laudibus
296 1814 377 1877 atque
398 1809 454 1864 suis
465 1808 548 1866 laetat
563 1810 711 1867 consistere
723 1822 814 1868 sanos.

136 1895 267 1954 Paeifieos
286 1912 387 1967 utores,
403 1897 512 1968 iratres,
529 1916 578 1958 ros
594 1912 703 1974 semper
719 1911 819 1969 amate,

136 1990 249 2062 Semper
273 1999 347 2047 amat
368 1994 496 2064 quoniam
518 2004 612 2066 pacem
638 2008 687 2051 rex
709 1996 767 2066 ipse
783 1995 920 2066 polorum.

134 2082 214 2140 Pacis
236 2089 372 2141 amatores
392 2086 448 2142 nati
460 2078 523 2142 suut
540 2094 604 2144 eece
622 2085 763 2144 Tonantis.

136 2174 147 2214 ¹
165 2174 214 2231 llic
230 2176 332 2246 pariter
351 2175 450 2234 iratres
462 2175 569 2236 Domini
584 2184 646 2237 cum
658 2176 783 2235 laudibus
808 2178 923 2244 intrent,

133 2264 247 2338 Semper
256 2270 283 2324 in
293 2274 342 2325 ore
363 2268 442 2326 sobal
455 2276 570 2341 quorum
580 2271 640 2327 laus
650 2271 736 2343 gloria
750 2270 869 2329 Christe.

133 2358 195 2415 llaee
216 2372 258 2416 est
271 2377 348 2418 sacra
362 2363 416 2428 ria,
443 2363 558 2434 perhhus
583 2363 642 2420 haec
662 2365 754 2435 pervia
773 2358 901 2429 iratrum,

132 2450 212 2507 Solus
225 2454 329 2509 amicus
341 2469 426 2510 orans
447 2454 547 2526 plantis
559 2461 730 2526 pertranseat
741 2454 825 2510 illam.

130 2541 190 2598 Non
204 2542 309 2601 alienus
331 2560 391 2601 cum
404 2546 518 2616 pedibus
530 2554 672 2617 percurrat
686 2546 797 2617 iniquia,

130 2633 188 2689 lion
200 2635 253 2701 lor,
265 2635 423 2706 falsiloquus
438 2635 590 2706 quisquam,
604 2651 658 2691 nou
671 2645 761 2692 mente
776 2637 893 2710 maligna
912 2652 920 2693 ε

130 2714 185 2780 Sed
203 2718 340 2783 lraterrrus
361 2742 438 2783 amor
453 2729 558 2799 pariter
567 2728 712 2786 comitetur
721 2740 827 2787 euntes.

129 2819 163 2874 m
181 2835 234 2890 pax
256 2828 339 2892 atquae
356 2818 422 2878 tides
434 2820 530 2892 pietas,
546 2821 700 2890 cdhcdrdia,
711 2839 798 2892 saera,

130 2911 161 2965 Et
176 2909 267 2966 divina
281 2912 361 2968 simul
386 2922 495 2969 resonet
504 2912 564 2969 laus
579 2929 685 2985 semper
701 2916 728 2969 in
739 2931 796 2972 ore.

127 2999 235 3057 Currite
248 3001 319 3076 [ros]
337 3002 450 3074 juvenes
464 3002 567 3059 Christi
580 3012 758 3076 properanter
775 3005 918 3074 addulam,

128 3091 294 3166 intentisque
314 3094 413 3151 animis
432 3108 513 3153 voces
537 3092 630 3152 audite
652 3111 793 3168 supernas.

127 3185 187 3242 Nou
208 3186 386 3258 rosdeeiplat
411 3178 490 3242 lallan
512 3188 627 3246 dulcedo
642 3190 776 3261 jocorum,

126 3276 186 3332 lion
202 3276 319 3332 carnalis
333 3291 420 3343 amor,
446 3276 537 3345 ludus,
557 3278 716 3351 petulantia,
732 3281 815 3336 risus.

126 3367 196 3423 Dum
207 3368 280 3436 viget
291 3375 304 3412 t
316 3376 398 3435 atque
409 3366 480 3422 ralet
490 3368 579 3423 calido
590 3366 647 3440 [dei
660 3370 792 3440 sanguine
807 3384 918 3441 eorpus.

127 3459 228 3514 Discite
249 3456 374 3528 florigera
389 3466 523 3513 sacratam
538 3462 619 3515 elate
636 3462 771 3530 sophiam,

127 3550 201 3606 blore
215 3549 323 3605 fluentis
341 3564 419 3620 aque
440 3546 546 3620 ugrum
569 3550 633 3621 qula
653 3559 773 3623 tempora
798 3569 915 3626 semper.

492 3656 561 3723 cili.

277 3779 318 3834 dd
332 3772 407 3834 uram
418 3782 504 3836 suncti
525 3780 639 3836 loannis
653 3780 794 3853 papissae.

124 3893 279 3948 Praeeursor
297 3891 405 3947 Domini
418 3902 533 3963 magnus
543 3893 664 3965 baptista
678 3892 807 3962 loannes,

122 3985 200 4042 llanc
214 3992 293 4040 ornat
310 3990 432 4040 sanctam
445 3985 549 4041 meritis
562 3985 722 4042 sublimibus
734 3986 834 4043 aulam.

123 4077 173 4145 Qui
192 4077 243 4133 luit
274 4076 400 4132 humanae
413 4080 682 4150 veneranduspraeeu
695 4079 804 4146 salutis,

122 4169 173 4226 llic
188 4169 259 4225 ierat
273 4172 403 4227 auxilium
425 4171 504 4227 nohis
515 4171 617 4227 uirtute
626 4186 754 4243 superna.

298 4400 340 4456 Ad
352 4416 428 4455 uram
441 4309 620 4455 affletur
630 4402 765 4472 mortpris.

122 4513 228 4571 Salvius
242 4514 288 4570 hle
300 4512 398 4585 praesul
412 4512 517 4569 meritis
540 4518 567 4567 et
579 4521 684 4584 martyr
698 4514 842 4580 honestus,

121 4606 251 4665 rraeseuu
262 4608 348 4664 saeris
357 4605 427 4662 rotis
439 4612 605 4660 memoratur
615 4606 642 4659 in
654 4620 714 4661 ara.

383 4721 387 4730 '
466 4718 556 4775 cxlii.

328 4810 371 4866 Ad
383 4828 457 4867 orem
471 4814 555 4866 suncti
568 4810 692 4866 licronis.

120 4902 185 4959 llaec
200 4901 258 4959 loca
273 4900 423 4958 sanctiueet
435 4898 604 4956 venerandus
624 4896 702 4957 Davo
719 4894 855 4968 sacerdos,

120 4995 272 5068 Discipulos
283 4995 339 5049 uita
362 4992 453 5048 Patris
470 4993 620 5063 condignus
632 4992 758 5049 hmaodi.

156 5184 169 5212 ι
189 5162 250 5236 its,
267 5181 395 5226 cantetur.

155 5241 170 5281 Β
190 5241 250 5304 his,
264 5243 321 5313 pai.

155 5311 218 5365 elei
232 5312 284 5369 hoe
295 5327 404 5369 carmen
419 5313 576 5371 inscribitur
586 5310 684 5368 luced.
701 5326 754 5367 ms.
771 5308 870 5371 Salish.

153 5378 168 5420 ‘¹
186 5379 231 5437 Sic
242 5381 335 5438 linitur
346 5399 454 5440 carmen
469 5385 497 5440 iu
510 5385 603 5441 eodem
615 5383 675 5439 cod.
692 5397 757 5449 ms,
769 5387 908 5442 continua·

119 5455 164 5505 tur
178 5465 241 5507 vcro
257 5453 284 5507 in
295 5453 414 5511 editione
428 5454 599 5523 Quereetaui.

158 5530 169 5557 ⁰
189 5519 250 5586 lls.‚
265 5524 386 5578 ctslccis.

157 5586 168 5626 ¹
181 5588 246 5654 Quum
263 5591 474 5663 hieseqrmutur,
498 5610 551 5650 non
566 5601 600 5654 ad
610 5617 742 5667 mensam,
755 5600 802 5658 sed
820 5601 854 5656 ad
866 5598 906 5654 lo·

117 5670 259 5741 crrmqpuo
273 5659 371 5716 iratres
382 5666 416 5719 ad
432 5667 556 5731 chorum,
574 5671 607 5725 ad
618 5672 760 5741 colloquia,
776 5672 809 5727 ad
828 5672 907 5727 seho-

119 5726 173 5783 laru
193 5745 232 5784 ure
247 5743 456 5796 consur-rerunt,
474 5737 611 5808 pertinere
627 5741 760 5796 ridentur.

576 294 606 350 u.
624 296 654 350 r.
675 282 788 352 ausim
805 297 1028 358 sadducum
1046 300 1189 364 oruuuu
1206 300 1297 367 rans
1313 310 1356 366 rr.

1724 290 1779 347 tit·

1344 428 1402 482 Cxl
1417 429 1435 477 ’.

1041 514 1083 569 sd
1092 518 1227 571 ecclesium
1244 521 1329 572 suncti
1340 430 1467 589 Stepzoni
1475 528 1678 593 protomartyres
1686 523 1714 578 l.

988 629 1044 687 llac
1056 647 1169 703 maguus
1180 633 1278 688 colitur
1293 632 1446 704 Stephanus
1463 636 1647 708 protomartyr
1657 638 1686 694 iu
1702 636 1778 709 ania,

987 723 1038 791 Qui
1055 724 1106 779 luit
1117 725 1241 795 egregius
1264 724 1369 781 meritis
1394 730 1422 780 et
1433 727 1541 781 nomine
1553 726 1654 785 clams.

986 811 1037 878 Qui
1051 811 1152 882 lapides
1164 811 1235 866 iuter
1253 808 1390 866 Christum
1405 813 1531 867 cernebat
1543 812 1571 867 lu
1585 829 1659 879 arce,

985 904 1026 959 lld
1051 905 1227 974 dextramque
1248 903 1296 959 Dei
1313 912 1428 960 stantem
1442 920 1523 976 super
1535 907 1618 961 ardua
1636 906 1701 962 eoeli

984 995 1117 1062 Culmina,
1136 994 1208 1052 lerre
1229 1012 1278 1052 suo
1303 994 1430 1066 suffragia
1449 1006 1569 1068 martyre
1581 1010 1689 1068 magna.

984 1089 1068 1161 Cujus
1079 1091 1182 1147 honore
1195 1090 1241 1161 plo
1254 1089 1318 1145 iecit
1342 1090 1502 1144 Ambrosius
1514 1090 1609 1151 adem,

983 1184 1043 1241 lam
1073 1183 1199 1254 precibus
1209 1182 1314 1238 veniam
1338 1184 1509 1238 merereturi
1525 1190 1555 1236 ut
1570 1178 1641 1238 illius
1656 1181 1748 1240 aimls.

982 1278 1101 1348 Proque
1114 1277 1227 1348 quisque
1241 1275 1315 1346 legas
1332 1274 1440 1331 titulum
1452 1289 1567 1330 exorare
1587 1282 1739 1343 memento,

983 1371 1072 1441 thue
1085 1384 1164 1426 suum
1185 1366 1315 1426 famulum
1341 1364 1465 1422 Christus
1475 1366 1617 1423 consciret
1633 1368 1659 1423 ln
1673 1374 1771 1424 erum.

1157 1572 1198 1628 Ad
1208 1590 1282 1629 arom
1293 1480 1469 1627 sonetCinYetri
1481 1571 1603 1642 apostoli.

980 1690 1037 1745 lien
1049 1686 1161 1746 Carolus
1171 1676 1271 1743 Christi
1287 1658 1385 1754 magno
1397 1683 1508 1738 derebus
1534 1688 1638 1746 amore,

944 1764 967 1826 Β
980 1780 1103 1837 iusserat
1118 1779 1188 1834 banc
1199 1792 1275 1831 aram
1287 1775 1375 1831 sacris
1404 1774 1503 1829 restire
1516 1774 1632 1829 metallis

976 1872 1017 1929 hd
1035 1873 1117 1929 decus
1129 1869 1265 1935 Ecclesia,
1279 1867 1417 1938 propriam
1429 1866 1590 1936 dbiumtque
1603 1866 1731 1923 salutem.

974 1964 1071 2021 Petrus
1084 1962 1231 2035 apostolico
1256 1961 1383 2032 princeps
1396 1959 1423 2014 in
1439 1959 1546 2030 agmine
1555 1960 1660 2030 primm

974 2056 1031 2112 lloe
1045 2056 1131 2110 altare
1154 2059 1240 2126 regat,
1260 2052 1340 2110 timul
1354 2060 1383 2107 et
1394 2054 1452 2109 haee
1464 2053 1564 2122 templa
1579 2057 1688 2121 tectum

973 2149 1088 2218 Adjuret
1102 2155 1130 2203 et
1144 2148 1272 2219 precibus
1286 2144 1448 2202 lamirionem
1465 2155 1528 2202 ruta
1546 2162 1669 2204 suorum.

973 2241 1030 2298 lloc
1042 2257 1110 2312 opus
1123 2240 1236 2296 antistes
1249 2253 1313 2310 rege
1326 2239 1472 2293 mandante
1482 2238 1597 2309 peregit,

973 2331 1150 2390 llildilbaldus
1169 2329 1176 2382 l
1197 2346 1280 2385 ovans
1299 2329 1429 2400 agripina
1441 2328 1538 2399 praesul
1553 2331 1581 2386 in
1595 2330 1675 2388 urbd.

973 2425 1054 2496 217
1073 2422 1122 2479 iiie
1143 2437 1194 2494 pro
1216 2434 1290 2491 rege,
1316 2421 1427 2484 Patres,
1453 2418 1562 2477 Christo
1581 2422 1625 2492 piu
1645 2429 1765 2481 manen

1627 2511 1732 2585 purte,

974 2605 1009 2659 ib
1022 2608 1166 2660 eousemet
1177 2608 1239 2659 eum
1249 2604 1369 2658 coimus
1387 2602 1473 2672 gratia
1489 2612 1607 2674 semper.

972 2695 1035 2749 llaee
1050 2688 1093 2748 esi
1109 2692 1179 2746 alma
1191 2692 1287 2747 elomus
1298 2691 1376 2746 donis
1390 2690 1502 2746 solidata
1516 2693 1653 2763 superuis.

972 2784 1047 2839 llane
1061 2784 1137 2855 regal
1150 2784 1331 2853 drunipotens,
1349 2796 1448 2853 magno
1462 2792 1524 2838 curm
1533 2784 1658 2855 principe
1669 2780 1766 2842 Petro.

973 2875 1015 2930 Sit
1032 2873 1079 2930 tibi
1093 2882 1167 2930 cena
1181 2874 1266 2935 salus,
1282 2875 1369 2929 reniae
1379 2884 1450 2944 spes,
1465 2874 1550 2944 janua
1560 2874 1635 2938 rita,

972 2967 1099 3038 Quisquis
1111 2966 1193 3022 eorde
1203 2965 1248 3036 pio
1260 2966 1396 3038 lacrymas
1410 2958 1461 3021 hae
1473 2964 1565 3021 lundis
1579 2966 1687 3021 lnauh.

1066 3174 1107 3228 Ad
1123 3175 1298 3230 conditoiiunt
1316 3080 1468 3230 exstititit
1489 3166 1671 3248 reliquiarum.

971 3290 1043 3357 hae,
1057 3299 1084 3346 tu
1095 3306 1175 3362 quam
1188 3289 1293 3354 cernis,
1309 3292 1458 3360 praeparata
1470 3287 1644 3354 domuncula,
1660 3284 1756 3351 lector,

969 3381 1118 3451 llelliquias
1137 3389 1247 3451 propter
1259 3380 1416 3451 sacrasjaiu
1431 3379 1540 3434 condita
1550 3387 1661 3434 constat

969 3473 1005 3530 Ut
1016 3472 1145 3528 loeusbic
1157 3470 1274 3527 mundus
1288 3471 1415 3542 suffragia
1427 3475 1520 3525 sancta
1533 3478 1640 3525 teneret
1656 3488 1665 3524 ε

969 3564 1097 3620 Serrulus
1107 3571 1138 3618 ut
1150 3561 1251 3619 Christi
1265 3563 1377 3618 veniens
1392 3570 1484 3616 oraret
1500 3561 1527 3614 in
1540 3560 1606 3624 isto,

877 3689 881 3697 -
968 3651 1089 3709 iusserat
1097 3652 1212 3708 Albinus
1222 3660 1299 3707 rates
1310 3651 1368 3706 haee
1381 3658 1453 3707 tecta
1466 3665 1577 3722 parare,

966 3744 1020 3800 Pro
1030 3759 1095 3815 quo,
1106 3743 1152 3815 rpui
1164 3742 1270 3798 titulum
1281 3742 1382 3805 rideas,
1397 3756 1476 3797 orare
1486 3748 1636 3796 memento.

1311 3851 1413 3907 cxiiii.

1179 3943 1217 3998 De
1228 3941 1352 3997 ruriculis
1366 3942 1537 4013 custipnndit.

965 4050 1085 4109 Venerat
1101 4051 1191 4109 inlellx
1207 4052 1327 4108 rurensis
1339 4052 1418 4107 turba
1431 4052 1541 4117 timore,

965 4147 1051 4215 eram
1066 4147 1166 4219 premit
1177 4147 1311 4218 opificesk
1326 4147 1379 4203 illis
1395 4148 1530 4204 inamatus
1545 4146 1694 4205 llmandus.

965 4239 1034 4307 Quid
1046 4239 1149 4297 iaciunt
1163 4240 1276 4295 miseri?
1297 4240 1466 4309 liumpanurr
1479 4240 1560 4296 dorsa
1574 4240 1700 4312 flagellis.

964 4331 1007 4387 Sit
1017 4348 1062 4387 rea
1075 4331 1201 4387 ruriculis
1211 4339 1316 4386 mutum
1327 4332 1476 4386 substantia
1491 4331 1577 4387 salva.

1302 4443 1417 4498 Clllllll.

1088 4536 1127 4591 De
1140 4537 1240 4592 edibus
1253 4538 1336 4592 aceris
1347 4538 1379 4592 ab
1390 4537 1503 4593 Aleriae
1515 4538 1631 4608 resectis.

962 4650 1076 4706 Albinus
1087 4651 1200 4707 ueniens
1211 4651 1355 4722 peregrino
1368 4651 1440 4707 ratis
1454 4650 1488 4707 ah
1498 4649 1575 4713 orbe,

962 4740 1011 4797 llis
1028 4752 1110 4812 quem
1128 4741 1229 4798 direxit
1242 4744 1372 4814 praeclara
1384 4743 1523 4800 Britannia
1537 4745 1631 4801 terris.

963 4833 1084 4906 Suscipit
1095 4832 1168 4890 hone
1184 4833 1308 4901 Carohrs,
1323 4834 1403 4905 lmjus
1417 4851 1465 4891 ren
1479 4836 1598 4906 inclytus
1614 4834 1702 4901 orbis,

961 4926 1028 4984 Cum
1040 4929 1139 4998 pietate
1149 4940 1234 4984 sacrae
1245 4929 1346 4998 sophiae
1358 4938 1415 4984 tum
1427 4936 1539 5000 propter
1549 4942 1683 4984 amorem.

960 5006 1010 5074 llic
1023 5018 1111 5073 diruta
1125 5018 1168 5075 diu
1185 5033 1356 5074 camerarum
1371 5019 1489 5074 eulurlna
1499 5017 1596 5088 jussit,

995 5194 1009 5235 ⁸
1024 5190 1107 5261 Edit,
1119 5196 1181 5251 eluet
1191 5204 1225 5251 et.

993 5264 1007 5303 h
1028 5264 1085 5320 lloe
1105 5266 1207 5336 pariter
1231 5274 1259 5324 et
1273 5267 1439 5337 subsequens
1458 5278 1567 5323 carmen
1591 5264 1755 5321 contudimus

958 5348 1021 5389 eum
1045 5350 1096 5390 ms.
1118 5334 1216 5392 Salish.

996 5405 1005 5444 ί
1031 5404 1096 5460 Cod.
1118 5406 1184 5470 Sal,
1198 5416 1322 5464 merrtem.

994 5471 1001 5523 i
1034 5472 1225 5531 hildilbaldus.
1239 5476 1428 5540 llildehaldus,
1457 5477 1645 5542 llildeboldns,
1676 5472 1757 5531 Colo-

957 5544 1062 5667 nicusi}
1067 5546 1290 5666 ¹archiepiscopus
1300 5557 1327 5604 et
1336 5548 1569 5620 archicapellanus
1578 5545 1675 5620 palatii
1686 5545 1757 5603 obiit

958 5630 1032 5669 anno
1081 5652 1108 5669 ..

994 5685 1005 5722 ¹¹
1027 5684 1128 5741 Sensus
1139 5686 1280 5744 obscurus.
