3780 6120
192 336 246 397 sti

596 329 626 385 11.
664 329 695 384 F.
715 324 828 383 tumul
847 319 1069 382 settembre]
1088 320 1231 379 ortubus
1249 320 1339 377 uatus
1357 321 1401 378 ll.

1775 314 1832 374 5311

192 455 255 510 dete
265 464 329 508 eum
339 459 435 504 omncs
448 445 584 500 exercitus
598 440 665 510 eius.
686 439 806 495 Laudate
818 452 891 504 cunr,
905 436 985 491 solet
998 439 1022 496 Α
1036 432 1085 497 ba,
1098 431 1179 487 Pater
1190 432 1344 497 altitonans,
1357 431 1492 487 undosum
1506 429 1613 486 dotibus
1625 429 1757 496 inrbrern,

192 539 467 603 lunazlaudateeum,
478 533 563 589 stelle
574 531 693 585 luminis.
707 526 828 582 Laudare
837 540 910 589 enm,
923 527 985 583 omli

192 633 333 696 coelomm,
349 635 378 684 et
397 639 485 697 aque,
499 638 560 694 quae
573 635 656 692 super
666 619 751 675 coelos
775 623 850 684 sunt,
876 614 986 670 laudent

194 737 293 780 nomeu
312 718 430 775 bomini.
451 715 585 785 Quoniam
605 713 663 783 ipse
682 708 986 774 manumissorem

192 822 266 872 sunt.
282 811 403 867 Laudate
416 806 572 868 bominum,
586 815 665 873 reges
680 810 771 866 terrae,
782 806 811 854 et
823 812 920 854 omues
938 812 986 868 po-

192 905 269 977 puli:
286 902 432 974 principes,
450 904 479 952 ει
492 893 612 950 universi
632 892 740 962 judices
762 899 853 947 terrm.
867 888 985 945 iuvenes

191 1005 219 1051 et
232 995 366 1065 virgines,
381 1001 461 1045 senes
480 1000 543 1042 oum
564 984 658 1055 pueris
677 983 787 1038 laudent
812 994 911 1036 nomen
930 980 984 1035 bo·

192 1083 268 1139 mini.
285 1079 417 1146 Quoniam
441 1075 557 1130 sublime
580 1087 679 1128 nomen
701 1072 761 1142 ejus
779 1071 875 1137 solius,
898 1070 985 1140 gloria

190 1175 250 1245 eius
261 1170 365 1226 incmlo
378 1177 405 1222 ει
419 1169 446 1222 in
462 1177 544 1222 term.
559 1163 695 1219 Exaltavit
708 1177 792 1218 cornu
807 1161 909 1232 populi,
925 1162 985 1219 laus

190 1264 317 1321 omuibus
336 1259 439 1315 sanctis
451 1258 519 1329 ejus.

224 1369 314 1414 ornas.
329 1352 443 1408 canule
456 1349 572 1404 Domino
583 1348 842 1414 canticumnorum,
856 1346 914 1401 leus
924 1344 985 1415 ejus

191 1448 218 1503 in
236 1443 444 1516 congregatione
458 1449 625 1497 sanctorum.
638 1439 773 1495 Exultabit
784 1450 941 1494 mansuetos
955 1438 984 1493 iu

190 1540 264 1598 lesu.
280 1535 460 1594 Exsultabunt
475 1536 562 1591 sancti
578 1536 604 1590 in
619 1535 716 1606 gloria,
728 1534 918 1589 insudabuntin
934 1548 981 1588 cu-

190 1631 290 1692 bilibus
303 1629 369 1685 suis.
386 1627 588 1683 Exsultationes
600 1628 648 1682 bei
663 1626 690 1681 in
706 1634 814 1698 grruure
828 1640 932 1681 eorum.

225 1741 268 1782 ct.
286 1722 372 1779 Orrrue
383 1720 456 1790 quod
469 1721 555 1791 spirat
566 1720 658 1775 laudet
671 1720 824 1775 bominum.

354 1850 464 1891 uirtuti
486 1851 521 1890 tis
539 1850 638 1900 8111111,
657 1850 692 1890 ET
711 1849 818 1891 rubens.

1034 523 1093 591 Quo
1108 523 1211 578 valeam
1227 523 1357 595 lacrymis
1368 523 1509 594 culparum
1525 524 1631 579 solvere
1644 524 1741 579 moles.

1033 614 1072 669 ba
1084 629 1183 685 precor
1194 614 1336 680 auxilium,
1348 614 1449 685 possim
1462 629 1517 684 quo
1529 615 1638 670 sincere
1650 614 1796 684 mundum,

1033 707 1068 763 Et
1078 708 1142 763 site
1156 706 1274 762 stadium
1285 705 1393 777 placido
1406 720 1566 776 percurrere
1582 720 1674 776 passu.

1034 804 1155 876 Cumque
1165 818 1291 874 suprema
1306 803 1364 859 dies
1377 804 1474 859 mortis
1484 802 1645 874 patefecerit
1663 817 1777 869 urnam,

1033 896 1157 953 Concede
1166 895 1284 961 veniam,
1296 896 1340 951 cui
1353 895 1422 951 tollit
1436 896 1513 965 eulpa
1527 910 1672 951 coronam.

1332 1007 1526 1071 SABBATO.

1054 1127 1081 1170 ει
1104 1127 1156 1170 εει
1182 1127 1250 1169 surr
1274 1126 1417 1169 rnnssss
1436 1126 1582 1169 sosarmo
1611 1108 1670 1181 sir,
1698 1125 1730 1168 st
1751 1126 1813 1171 su·

1186 1206 1288 1248 nsanos
1311 1202 1534 1250 cosannnunnr
1555 1203 1667 1248 suurn.

1182 1304 1310 1363 obsito
1327 1305 1449 1362 saucit
1469 1304 1670 1363 AUGUSTlNi.

1070 1408 1081 1437 0
1094 1397 1165 1454 licus
1173 1390 1356 1454 universitatis
1364 1398 1499 1465 conditor,
1511 1406 1609 1470 presta
1617 1398 1683 1455 mibi
1693 1399 1831 1470 primum,

1033 1496 1063 1544 ut
1075 1499 1101 1546 ιε
1111 1490 1178 1546 bene
1189 1506 1281 1563 rogem
1294 1490 1416 1556 :deiude,
1430 1499 1461 1545 ot
1471 1506 1513 1546 me
1524 1506 1601 1561 aqam
1613 1490 1735 1563 dignum,
1747 1506 1831 1564 quern

1033 1581 1146 1647 libores;
1160 1590 1306 1653 postremo,
1320 1589 1350 1637 ut
1363 1581 1473 1638 liberos.
1488 1582 1569 1647 Deus,
1581 1597 1630 1653 per
1642 1598 1724 1653 quem
1736 1583 1830 1641 omnia

1032 1686 1093 1742 quae
1114 1687 1164 1743 per
1186 1688 1215 1728 se
1229 1689 1281 1727 nou
1298 1682 1398 1738 esseut,
1415 1673 1527 1729 tendunt
1546 1688 1616 1730 esse.
1632 1673 1712 1737 licus,
1733 1674 1780 1744 qui
1794 1689 1830 1731 uo

997 1763 1060 1845 Bid
1074 1763 1192 1833 quidem,
1203 1766 1275 1835 quod
1288 1780 1317 1820 se
1330 1764 1445 1820 invicem
1464 1764 1563 1836 pordit,
1574 1765 1664 1836 perire
1679 1765 1828 1835 permittis.

970 1912 973 1917 ,
1033 1852 1115 1921 Deus,
1131 1854 1177 1925 qui
1192 1854 1224 1910 do
1239 1855 1324 1911 nihilo
1337 1856 1467 1912 muudum
1483 1857 1564 1912 istum
1578 1858 1688 1923 creasti,
1703 1858 1829 1915 omnium

227 1951 299 2009 vivit
313 1950 404 2006 anima
420 1963 491 2015 mea,
505 1956 533 2005 et
546 1947 669 2005 laudabit
681 1955 717 2006 te.
734 1946 841 2014 ludica,
855 1948 981 2015 Domino,
1032 1960 1113 2016 quem
1123 1946 1242 2004 sentiunt
1253 1947 1325 2005 oculi
1334 1948 1556 2020 pulcherrimum.
1569 1949 1652 2019 Deus,
1662 1951 1711 2021 qui
1726 1951 1829 2009 malum

190 2052 320 2103 nocentes
332 2056 384 2096 me.
409 2039 557 2110 {inpleatur
573 2054 605 2096 os
624 2055 715 2097 meurn
736 2040 826 2096 laude.
853 2040 980 2107 bomine,
1032 2051 1086 2093 nou
1099 2035 1178 2105 iacis,
1193 2046 1221 2094 et
1233 2036 1301 2094 lacis
1320 2055 1390 2107 esse,
1403 2056 1438 2096 ae
1450 2041 1597 2112 pessimum
1611 2040 1669 2097 liat.
1683 2042 1766 2109 Deus,
1779 2044 1829 2114 qui

189 2144 288 2193 averte.
306 2132 403 2188 iaciern
419 2138 492 2186 tuam
514 2131 665 2202 apeocatis
679 2131 757 2187 meis.
778 2129 832 2187 Cor
852 2130 982 2187 mundum
1031 2130 1126 2200 parneis
1142 2130 1177 2187 ed
1190 2131 1227 2198 id,
1240 2131 1312 2203 quod
1327 2148 1391 2189 vere
1412 2140 1464 2200 εει,
1485 2132 1689 2206 refugientibus,
1706 2136 1830 2195 ostendis

190 2242 253 2285 crea
265 2225 292 2280 in
305 2237 360 2290 me,
375 2223 455 2278 Deus.
466 2220 558 2278 lledde
573 2221 640 2277 mibi
652 2219 773 2277 lautitiam
787 2219 916 2277 salutaris
930 2219 979 2275 toi.
1031 2218 1132 2276 malum
1143 2219 1211 2279 nibil
1221 2236 1292 2279 esse.
1304 2220 1385 2288 Deus,
1398 2237 1447 2295 per
1460 2237 1541 2294 quem
1555 2224 1731 2292 universitas,
1744 2226 1829 2285 etiam

189 2316 312 2379 bomine,
328 2329 361 2369 ue
373 2312 454 2368 simul
469 2312 562 2368 tradas
575 2327 620 2369 me
633 2327 695 2367 mm
709 2310 909 2383 peccatoribus.
926 2314 982 2383 bo-
1031 2325 1093 2367 cum
1111 2309 1222 2368 sinistra
1243 2320 1331 2384 parte,
1343 2313 1463 2384 perfecta
1475 2323 1527 2371 est.
1547 2314 1631 2384 Deus,
1646 2332 1730 2388 aquo
1742 2316 1828 2375 disso-

189 2411 275 2476 mine,
298 2423 352 2463 nou
373 2407 523 2463 secundum
545 2413 657 2476 peceato
679 2413 772 2460 nostra
788 2403 874 2460 iacies
891 2410 979 2460 nobm.
1030 2402 1123 2457 nanda
1135 2416 1221 2472 usque
1241 2401 1268 2458 in
1281 2412 1433 2459 extremum
1451 2403 1523 2459 nulls
1535 2412 1588 2471 est,
1607 2420 1669 2461 cum
1689 2407 1829 2467 deteriora

189 2501 310 2565 bomine,
325 2513 359 2553 ne
372 2497 530 2552 memineris
543 2497 717 2567 iniquitatum
738 2504 903 2552 nostrarum.
924 2494 981 2550 us·
1029 2490 1188 2547 melioribus
1204 2489 1358 2548 concinant.
1370 2492 1453 2559 Deus,
1469 2507 1549 2562 quem
1564 2502 1639 2551 uruat
1650 2508 1739 2561 omne,
1751 2494 1829 2566 quod

183 2592 327 2664 juranos,
351 2589 423 2645 Deus
447 2588 576 2645 salutaris
599 2595 701 2642 noster.
725 2586 792 2641 Esto
813 2586 905 2652 nobie,
926 2585 980 2641 [ιε-
1028 2588 1118 2652 potest
1144 2596 1247 2648 amare,
1270 2580 1327 2637 sire
1346 2582 1445 2649 sciens,
1468 2579 1525 2639 sive
1544 2582 1829 2651 nesciens.1leus,in

187 2682 272 2748 mine,
287 2679 373 2736 turris
384 2677 561 2735 iortitudiuis.
582 2676 698 2748 Adiutor
711 2684 739 2732 et
752 2676 883 2733 libermor
902 2690 980 2732 motus
1029 2687 1086 2745 quo
1100 2685 1165 2730 sunt
1176 2674 1279 2741 omnia,
1290 2672 1370 2746 cujus
1383 2684 1474 2733 umen
1487 2674 1621 2733 uniuersae
1631 2684 1765 2736 creauere
1776 2692 1829 2733 nec

185 2781 256 2838 esto,
270 2770 393 2828 Domine.
411 2770 572 2826 Benedictus
585 2768 716 2823 Dominus
729 2768 773 2823 die
787 2766 918 2838 quotidie.
939 2765 979 2823 Ne
1029 2766 1167 2838 turpitudo
1183 2767 1270 2839 turpis
1289 2775 1342 2833 est,
1365 2784 1416 2825 uec
1437 2768 1540 2825 malitia
1564 2781 1653 2835 nocet.
1676 2786 1728 2827 uec
1748 2786 1828 2827 error

186 2868 272 2925 intres
286 2867 312 2922 in
330 2863 433 2935 judicio
447 2879 510 2921 oum
521 2877 603 2919 serso
622 2869 680 2916 tuo.
703 2861 807 2917 Delicta
827 2858 978 2929 juventutis
1026 2863 1110 2912 errat.
1124 2856 1207 2925 Deus,
1216 2858 1262 2929 qui
1275 2858 1327 2913 nisi
1336 2858 1460 2926 mundos,
1469 2876 1564 2917 semin
1576 2870 1604 2919 te
1617 2862 1689 2921 scire
1701 2861 1827 2928 uoluisti,

185 2974 262 3019 mee.
275 2960 356 3032 Eripe
368 2974 423 3025 me,
438 2958 563 3022 bomine,
576 2956 612 3012 ab
624 2955 734 3011 bomine
747 2954 829 3010 malo.
842 2954 923 3025 Eripe
933 2969 979 3012 me
1026 2946 1098 3003 Deus
1119 2947 1200 3006 Potor
1219 2948 1354 3018 ueritatis,
1376 2951 1456 3007 Pater
1478 2952 1628 3023 sapientiae,
1648 2953 1731 3011 Pater
1754 2969 1828 3010 serae

185 3054 219 3110 de
232 3053 349 3109 inimicis
362 3051 440 3115 meis,
455 3049 527 3105 beus
541 3062 627 3104 meus.
642 3046 725 3118 Eripe
737 3061 781 3103 me
791 3046 825 3102 de
840 3044 978 3116 operanti·
1026 3054 1193 3111 summeque
1214 3040 1286 3107 ritae,
1306 3040 1389 3097 Pater
1411 3042 1599 3113 beatitudinis,
1622 3043 1707 3102 Pater
1720 3047 1786 3103 boni
1799 3056 1828 3103 et

149 3170 155 3181 .
184 3143 236 3201 pus
246 3142 427 3214 iniquitatem.
442 3137 489 3196 sie
501 3137 635 3210 psalmum
657 3137 748 3195 dicam
760 3136 863 3195 nomini
879 3145 925 3193 con
945 3136 973 3192 in
989 3150 1012 3215 c
1025 3129 1142 3202 pulchri,
1158 3131 1241 3186 l‘ater
1255 3131 1440 3203 intelligibilis,
1456 3132 1535 3202 lueis,
1550 3134 1632 3192 Pater
1645 3136 1830 3209 evigilationis

184 3232 313 3291 sarculum
332 3229 551 3287 encolismensi
574 3243 636 3295 uos,
647 3229 719 3285 Deus
732 3227 859 3284 saluteris
871 3233 974 3283 ιιεειει.
1024 3227 1107 3292 etque
1116 3220 1318 3279 illuminationis
1327 3223 1661 3299 nostrae,Paterpipooris,
1668 3229 1827 3301 quoaduso-

183 3326 264 3389 Deus,
279 3325 307 3378 iu
327 3321 492 3393 adiutorium
514 3336 603 3377 meum
617 3320 737 3376 intende.
759 3317 973 3385 Sanctrrslleus,
1025 3310 1828 3391 111111111111111111,11111101111111181111111111111101011

183 3424 294 3472 sanctus
306 3413 393 3468 lortis.
407 3411 553 3467 Benedicat
567 3425 617 3465 nos
631 3411 702 3464 Deus
713 3408 804 3464 Pater.
816 3408 839 3465 0
849 3408 975 3474 bomine,
1024 3406 1182 3473 quo,etper
1191 3413 1561 3477 quemverasuusquaerera
1574 3410 1744 3467 suntomnis.
1753 3409 1829 3471 Deus

183 3506 289 3563 salsum
306 3518 350 3559 me
361 3500 414 3558 iae.
428 3501 551 3567 bomine,
567 3500 671 3559 salsum
691 3499 736 3555 lac
748 3514 848 3571 repom.
865 3498 977 3557 Salvum
1024 3490 1167 3563 8111111111,
1179 3493 1208 3548 ἱ11
1222 3509 1287 3564 111111,
1298 3504 1326 3552 el
1338 3512 1354 3551 11
1373 3513 1438 3568 (1111),
1452 3507 1480 3554 tl
1490 3514 1539 3570 per
1549 3515 1629 3570 quem
1640 3503 1751 3573 sapiunt
1763 3504 1828 3575 quies

183 3597 227 3655 iae
237 3594 367 3667 populum
379 3600 465 3649 tuum.
478 3590 575 3648 Salvos
586 3590 629 3647 lac
642 3606 738 3647 seruos
752 3598 822 3647 tuos.
837 3590 975 3647 blemento
1025 3584 1132 3657 1111111111
1144 3586 1246 3643 01111111·
1261 3586 1334 3644 Ι)1111
1347 3604 1411 3645 tela
1430 3599 1457 3647 el
1471 3595 1657 3661 11111111111.
1672 3595 1699 3651 in
1714 3612 1781 3668 quo,
1797 3607 1827 3655 et

183 3685 398 3759 congregationis
410 3691 473 3740 tuae.
489 3683 604 3749 Exaudi,
626 3683 751 3749 bomine,
765 3696 858 3739 rocem
874 3697 974 3739 meam.
1024 3689 1040 3730 a
1058 3691 1124 3749 quo,
1139 3686 1166 3732 et
1177 3693 1226 3749 per
1238 3692 1319 3749 quem
1333 3681 1437 3747 vivunt,
1451 3698 1512 3754 quae
1527 3700 1592 3741 sere
1606 3703 1768 3760 summeque
1779 3692 1825 3749 si·

183 3780 312 3839 lliserere
322 3778 385 3844 mei,
403 3777 486 3842 Deus,
500 3785 593 3831 totum.
606 3774 730 3842 benninc,
744 3774 851 3831 eraudi.
1023 3775 1091 3822 runt
1108 3768 1209 3824 orunia.
1220 3767 1292 3826 Deus
1305 3772 1454 3840 beatitudo,
1471 3776 1498 3830 io
1513 3791 1575 3846 quo,
1589 3787 1616 3833 et
1629 3793 1720 3849 equo,
1731 3788 1763 3837 et
1774 3796 1827 3852 per

184 3911 263 3983 los
279 3907 409 3966 onsno
425 3905 564 3965 suosuu
583 3904 755 3962 rosunum
774 3902 929 3963 spiscorr
947 3918 972 3961 ι.
1024 3857 1191 3925 q⁰⁰mb⁰³¹²
1203 3866 1276 3926 ⁸⁰¹¹‘2
1287 3875 1348 3931 ‘¹⁰³2
1359 3860 1624 3923 11111111οωί1·
1637 3868 1826 3931 benennon

183 4021 241 4076 ilex
256 4020 337 4085 Deus,
352 4018 478 4073 immensi
492 4032 546 4089 quo
562 4024 669 4074 constat
682 4018 806 4073 machina
820 4016 925 4084 mundi,

181 4111 259 4180 Quod
271 4111 355 4166 nriser
365 4110 479 4180 imploro
494 4111 520 4177 1,
535 4117 564 4165 tu
574 4108 692 4176 Christe,
703 4108 805 4181 pertice
817 4109 946 4167 clemens.

183 4201 225 4260 sir
237 4201 303 4257 mibi
319 4208 392 4256 recta
410 4200 485 4267 tides,
498 4208 526 4257 et
536 4200 611 4257 salsis
628 4202 708 4257 obvia
720 4202 811 4258 scetis.

181 4290 225 4351 su
235 4290 453 4363 mibi-praecipue
465 4304 571 4347 ntorum
584 4292 717 4348 correctio
727 4308 857 4365 praesens.

181 4380 241 4440 sin
253 4382 369 4446 oberras,
382 4380 507 4448 humilis,
519 4396 616 4449 verax,
632 4398 694 4440 curn
712 4392 831 4456 tempore
841 4386 971 4459 prudens,

181 4471 286 4530 Secreti
301 4473 408 4540 tacitus,
424 4481 452 4528 et
465 4473 562 4545 lingone
576 4475 675 4531 lamine
685 4485 791 4532 cautus.

181 4562 220 4618 bs
237 4560 319 4617 lidum
331 4563 445 4628 sociem,
458 4562 492 4618 da
506 4562 588 4618 lixum
602 4578 710 4637 semper
725 4566 851 4623 enricum.

180 4657 220 4712 lla
234 4656 376 4722 blandum,
399 4656 534 4722 sobrium,
557 4670 685 4728 parcum,
708 4668 867 4733 castumque
888 4663 971 4718 mini·

824 4758 933 4827 [strum.

179 4837 238 4894 Non
252 4852 296 4895 me
304 4839 447 4910 pauperies
459 4841 572 4907 cmclet,
584 4856 635 4919 ηερ
647 4842 761 4916 languor
772 4844 896 4903 obuncet.

180 4926 222 4983 Sit
236 4942 328 4984 comes
337 4928 408 4983 alma
423 4929 505 4995 salus,
518 4938 545 4986 et
559 4932 721 4989 subicientis
736 4936 834 4993 rictus.

178 5017 274 5074 Absint
288 5017 400 5086 divitie,
414 5018 515 5085 fastus,
530 5029 558 5075 et
566 5018 665 5095 iurgia,
682 5024 755 5091 lites,

178 5107 297 5176 lsrsidiae,
311 5109 400 5176 luxus,
413 5117 441 5166 et
453 5111 556 5168 ventris
569 5115 665 5182 pensio
684 5117 780 5186 turpis.

178 5198 299 5255 Crimine
317 5216 367 5257 uec
384 5201 479 5257 laedam
498 5218 673 5274 quemquam,
689 5224 738 5264 nec
751 5209 966 5267 criminelmtlar.

179 5287 225 5344 Sic
234 5290 304 5347 bene
314 5290 382 5348 selle
394 5308 501 5363 queam,
513 5310 567 5365 quo
579 5311 691 5366 pravum
703 5315 782 5373 posse
795 5305 913 5361 recedat.

178 5378 223 5435 1111
235 5390 314 5454 turpe
325 5385 443 5455 cupiam,
460 5385 569 5453 taciem,
585 5389 627 5446 vel
641 5389 789 5462 proloquar
800 5410 930 5468 unquam.

179 5468 218 5525 Te
229 5487 305 5529 mens
316 5476 459 5542 desideret,
475 5477 565 5550 lingua
579 5492 673 5551 canat,
685 5484 757 5541 actio
768 5497 884 5556 promat.

1023 3955 1052 4002 et
1067 3948 1220 4019 pulchrum,
1233 3950 1260 4005 in
1280 3966 1343 4022 quo,
1359 3961 1386 4007 et
1400 3969 1416 4009 a
1434 3971 1498 4026 quo,
1513 3965 1541 4012 et
1555 3974 1697 4033 perquem
1711 3962 1785 4020 bona
1795 3974 1828 4023 ει

1023 4038 1135 4109 pulcbra
1150 4048 1223 4107 suut,
1233 4057 1294 4112 quai
1303 4044 1374 4099 bona
1386 4052 1413 4100 et
1424 4046 1537 4117 pulchra
1552 4058 1615 4106 suut
1631 4053 1733 4109 omnis.
1746 4053 1826 4111 [leus

1024 4125 1198 4202 intelligibilis
1212 4133 1267 4201 lux,
1278 4135 1305 4190 in
1320 4151 1385 4207 quo,
1397 4146 1424 4193 et
1436 4154 1451 4193 a
1465 4156 1528 4210 quo,
1543 4151 1570 4198 et
1582 4159 1631 4214 per
1643 4161 1725 4218 quem
1741 4148 1824 4205 intel·

1023 4218 1161 4290 liqibiliter
1183 4221 1283 4290 lassent,
1308 4238 1369 4295 quae
1389 4227 1594 4300 intelligibiliter
1612 4232 1821 4292 luoeutornoia.

1023 4310 1109 4378 Deras,
1125 4311 1202 4383 cujus
1215 4330 1327 4386 regnum
1341 4325 1384 4373 est
1397 4326 1471 4376 totus
1485 4324 1611 4389 mundus,
1624 4340 1706 4395 quem
1719 4341 1825 4384 seusus

1022 4401 1146 4459 mortalis
1164 4405 1289 4475 eorporis
1308 4406 1423 4478 ignorat.
1438 4408 1520 4478 Deus,
1536 4411 1570 4469 de
1584 4412 1660 4483 cuius
1675 4431 1763 4488 reguo
1775 4415 1825 4474 lex

984 4492 1104 4572 Detiam
1119 4493 1146 4548 in
1167 4493 1218 4548 ista
1240 4509 1322 4567 regna
1342 4495 1515 4556 describitur.
1531 4502 1646 4570 Deus,a
1663 4520 1718 4576 quo
1731 4506 1824 4565 arem

1022 4586 1132 4655 cadere,
1148 4588 1174 4643 in
1190 4604 1270 4660 quens
1289 4593 1412 4648 converti
1424 4609 1579 4668 resurgere,
1591 4597 1619 4652 in
1636 4613 1691 4669 quo
1705 4614 1825 4661 manere

1021 4679 1170 4735 consistere
1182 4687 1234 4735 εει.
1249 4679 1332 4749 Deus,
1345 4698 1361 4738 a
1373 4699 1427 4754 quo
1441 4686 1516 4743 exire
1529 4688 1611 4755 mori,
1624 4689 1653 4747 in
1666 4705 1751 4761 quom
1771 4707 1823 4749 re·

1020 4770 1080 4827 dire
1101 4770 1273 4839 reviviscere,
1292 4772 1320 4828 in
1344 4789 1398 4845 quo
1418 4774 1543 4834 babitare
1556 4780 1714 4838 vineroesc
1730 4782 1820 4851 Deus,

1023 4861 1103 4935 104
1112 4878 1192 4934 quem
1209 4879 1289 4920 nemo
1302 4864 1402 4923 omittit
1418 4867 1471 4926 nisi
1485 4869 1624 4943 deceptus,
1638 4888 1721 4944 quem
1735 4890 1821 4936 nemo

1020 4954 1118 5025 quaerit
1131 4955 1183 5010 nisi
1203 4956 1367 5023 admonitus,
1379 4975 1460 5029 quens
1475 4976 1554 5019 nemo
1569 4964 1671 5023 invenit
1683 4966 1737 5024 uisi
1748 4984 1820 5042 pur·

1022 5051 1109 5115 ςιιιιε.
1126 5044 1205 5113 licus,
1228 5061 1308 5117 quem
1323 5048 1474 5122 relinquere
1496 5053 1548 5111 boc
1561 5064 1613 5121 cst,
1629 5058 1701 5129 quod
1713 5061 1821 5133 perire,

1022 5149 1102 5205 quem
1126 5138 1265 5193 attendere
1280 5139 1332 5195 boc
1354 5151 1405 5210 est,
1420 5145 1492 5215 quod
1512 5161 1614 5214 amare,
1627 5165 1708 5220 quem
1721 5153 1819 5212 uidere

1020 5227 1073 5284 boe
1085 5238 1136 5293 est,
1150 5232 1222 5300 quod
1235 5233 1346 5289 holere.
1362 5234 1432 5293 Deus
1441 5279 1448 5303 ‚
1458 5240 1536 5312 cujus
1550 5256 1599 5297 uos
1618 5242 1687 5301 lides
1701 5247 1817 5315 excitat,

1021 5332 1083 5389 spes
1096 5320 1185 5392 eripit,
1201 5322 1408 5397 caritasjungit.
1421 5326 1502 5393 Deus,
1517 5345 1659 5403 perquem
1678 5334 1821 5396 uincimus

1021 5410 1170 5479 inimicum,
1190 5421 1216 5470 te
1240 5413 1380 5487 deprecor.
1403 5417 1484 5484 Deus
1504 5436 1584 5491 quern
1599 5426 1765 5497 accepimus.
1781 5443 1820 5487 ue

1020 5503 1130 5559 omuino
1146 5505 1306 5576 periremus.
1319 5508 1399 5574 bens,
1412 5524 1427 5564 a
1440 5525 1494 5581 quo
1506 5512 1693 5583 admonemur,
1706 5526 1738 5575 ut
1747 5518 1819 5595 riqi-
1843 5556 1847 5562 -

214 5640 229 5672 1
244 5629 339 5686 Exstat
351 5631 410 5689 baro
422 5637 512 5692 oratio
524 5638 612 5706 primo
631 5640 691 5696 loeo
705 5642 776 5697 inter
785 5642 853 5700 alias
868 5645 970 5700 oratio-
1056 5649 1071 5691 1
1089 5649 1204 5722 Erigon„
1220 5651 1297 5718 Quod
1310 5655 1389 5709 mirer
1402 5654 1545 5727 deposita.

178 5700 392 5756 uesetcarminu
403 5704 475 5761 beati
485 5706 597 5778 Eupeuii
610 5719 674 5767 tout.
686 5710 732 5769 Xll
744 5712 814 5770 sibi.
836 5712 888 5770 PP.
902 5715 968 5773 edit.
1058 5730 1069 5760 1
1089 5718 1143 5778 Pro
1157 5737 1206 5777 usu
1219 5723 1313 5793 quinto
1326 5740 1408 5796 supra
1422 5727 1475 5783 col.
1489 5728 1553 5785 161.

179 5769 263 5845 Linqui.
287 5786 331 5826 au.
356 5771 435 5841 llll'l,
457 5789 518 5847 paq.
541 5777 604 5834 11111.
1343 5836 1349 5847 .
