3780 6120
144 239 209 299 ‘923
569 223 600 278 B.
619 221 651 278 F.
672 219 786 276 tuetur
807 216 873 274 SEU
892 216 1032 274 theulut
1050 211 1192 273 eruhuit
1211 208 1301 268 etas
1319 209 1375 266 th.
1736 203 1794 262 9ss
1847 244 1851 249 -

154 347 336 405 ctrerborum
347 340 433 412 copia,
444 347 471 393 et
484 335 591 394 decenti
601 331 723 402 corporis
735 336 818 393 motu,
836 336 866 382 ut
881 327 940 382 siue
955 335 978 389 Α
993 326 1182 383 intellexerunt
1202 325 1228 379 in
1254 331 1348 378 natura
1370 320 1499 383 humana,
1522 325 1550 372 et
1565 332 1674 374 summo
1699 318 1797 376 madio

155 434 301 492 tormidine
314 429 396 486 iaciat
408 429 435 482 in
448 424 565 496 publicis
579 420 784 493 quaestionibus,
804 416 947 487 quodcum
997 418 1146 475 coluerunt.
1162 412 1275 469 -Cin
1296 412 1365 479 Qtitd
1387 419 1450 465 tunc
1473 410 1556 465 distat
1575 410 1646 464 inter
1669 409 1795 480 pbiloso-

154 521 352 583 oonsuetudine
363 520 446 591 gessit
467 519 493 572 in
511 516 634 587 privatis.
648 543 684 553 -—
696 511 763 567 hue.
777 510 847 565 Vere
871 506 949 564 intel-
997 514 1080 586 potam
1095 510 1175 567 cotom
1197 519 1224 564 ot
1246 506 1431 563 christianum
1441 506 1452 558 t
1463 534 1498 544 -
1511 504 1576 560 Aoo.
1602 503 1685 560 fidos
1702 511 1735 559 oa
1747 504 1796 559 ho.

155 618 219 690 ligio
230 627 258 672 ει
271 613 372 683 optime
383 607 565 681 prosequeris.
581 604 649 658 Nam
660 589 690 657 ut
703 602 731 655 in
745 599 843 655 eastris
859 596 947 662 mileS,
997 606 1107 677 mismo,

156 712 197 768 sic
207 710 235 765 in
250 709 329 763 donno
342 713 435 758 orator
450 700 529 755 debet
543 697 644 753 erudiri
654 712 662 759 ;
671 703 701 749 ut
710 694 781 764 quod
790 692 863 748 solus
872 705 950 747 eser·
1033 695 1099 752 cao.
1114 695 1285 765 Prosoqnere
1307 702 1397 747 tamen
1410 689 1611 763 philosophicas
1621 686 1799 743 deumaones

158 806 263 861 morat,
278 797 349 850 inter
359 790 458 846 mattos
469 788 558 843 acore
568 801 600 840 ne
616 784 707 857 illae,
719 781 783 855 non]
795 781 931 837 terminet.
998 787 1032 844 ue
1044 787 1208 851 atrianorum
1224 792 1252 838 er
1272 784 1388 854 premam
1410 782 1464 845 nte,
1479 780 1545 852 quau
1558 781 1595 834 su
1609 780 1668 849 tosa
1686 778 1798 835 nausa

183 890 269 946 *cini
282 886 341 941 tam
355 896 462 955 quooue
477 893 588 934 necesse
601 891 662 931 esse
677 876 764 940 vtum,
780 881 809 929 ut
822 872 950 930 comesu
998 909 1033 919 -
1047 880 1112 934 aaa.
1128 879 1221 934 virtus
1231 885 1274 932 est
1287 875 1497 938 autmihabttus,
1510 882 1613 928 naara
1625 873 1722 937 cecus,
1736 872 1798 927 vita

162 993 291 1039 mausus
307 989 404 1032 cavere
423 969 544 1038 incipiat,
562 966 635 1038 quod
651 965 774 1036 publicus
803 971 951 1020 conventus
1000 974 1080 1037 mato,
1094 986 1199 1027 momm
1214 969 1348 1026 nobilitas.
1363 966 1478 1022 -Cam
1493 966 1565 1035 Quot
1585 964 1798 1036 habetparteai

159 1070 303 1128 detrahere
318 1065 412 1136 possit.
432 1059 488 1114 Nec
504 1059 577 1114 enirn
596 1057 746 1112 inhonestis
767 1055 858 1112 verbis
879 1056 951 1110 inter
998 1062 1112 1118 ..Amo
1129 1061 1250 1129 Quotuor
1262 1078 1268 1115 :
1282 1059 1466 1133 prudentiam,
1488 1054 1636 1125 justitiam,
1660 1055 1799 1111 lortiardi-

160 1162 271 1221 suosuti
295 1159 384 1218 debet,
403 1153 450 1223 qui
470 1152 592 1207 honestis
603 1151 674 1210 inter
684 1149 787 1205 alienos
797 1149 870 1219 loqui
881 1148 952 1204 desi·
1000 1172 1074 1223 mom,
1101 1155 1316 1227 temperantiam.
1337 1183 1373 1194 -
1385 1152 1452 1208 Cin.
1476 1152 1543 1219 Quae
1564 1158 1605 1206 est
1629 1150 1800 1220 prudentior

160 1256 254 1311 derat·
263 1250 330 1305 Cum
344 1247 416 1301 enim
430 1245 456 1299 in
468 1244 546 1308 omni,
555 1251 633 1313 parte
639 1243 705 1297 -vitae
714 1242 842 1297 honestas
855 1256 952 1311 perne-
1000 1278 1036 1290 -
1046 1247 1111 1302 hur.
1126 1246 1228 1301 Rerum
1241 1253 1269 1299 et
1277 1250 1437 1297 naturanrm
1449 1241 1574 1296 scicntia.
1592 1270 1628 1280 -
1640 1239 1712 1295 Can.
1728 1238 1800 1307 Quot

161 1342 279 1399 cessaria
292 1339 337 1402 sit,
350 1335 468 1391 maxime
482 1333 509 1388 ln
524 1331 704 1394 sermonibus,
716 1332 780 1402 qula
792 1330 849 1386 lere
862 1331 952 1401 cujus-
1001 1337 1084 1392 hahet
1095 1343 1186 1406 partes
1197 1334 1209 1386 ‘l
1220 1364 1255 1373 —
1268 1334 1334 1387 hur.
1350 1330 1437 1387 Tres:
1454 1332 1625 1395 memoriam,
1642 1328 1798 1401 intelligen-

162 1450 214 1506 que
226 1447 317 1488 mores
329 1443 419 1485 serrum
432 1427 539 1497 prohat,
562 1427 615 1481 nisi
635 1425 694 1492 tibi,
716 1425 855 1496 magister,
875 1424 953 1480 aliter
1004 1428 1079 1492 dam,
1100 1424 1306 1496 providentiam.
1320 1452 1356 1462 -
1368 1420 1434 1477 Can.
1456 1420 1558 1476 Harum
1577 1435 1688 1491 quoque
1707 1418 1801 1476 defini-

161 1516 488 1580 videnum-Ambitur
501 1516 609 1572 senode
623 1516 675 1571 bac
688 1531 718 1571 re
731 1515 770 1569 nil
782 1514 953 1569 aliudrideri
1005 1521 1091 1576 uoooo
1104 1520 1196 1575 dicito.
1210 1548 1247 1560 -
1260 1517 1326 1573 Aoo.
1347 1517 1475 1573 Memoria
1494 1523 1547 1581 est,
1568 1531 1618 1587 por
1639 1530 1726 1585 qnam
1746 1515 1800 1570 ani-

163 1624 269 1688 potest,
288 1627 318 1667 ac
333 1611 394 1665 ideo
408 1606 645 1664 consuetudinaria
658 1605 883 1660 sermocinatione
892 1619 954 1658 ver·
1004 1629 1065 1668 mos
1076 1612 1174 1683 reporta
1185 1610 1231 1665 ino
1243 1625 1303 1679 omo
1315 1606 1435 1664 inomni.
1449 1607 1639 1678 lntohigootim
1654 1621 1707 1676 per
1721 1620 1800 1676 qoam

163 1709 198 1765 ba
213 1707 269 1762 sim
281 1705 360 1767 lecta,
375 1702 497 1762 honesta,
512 1697 611 1763 lucida,
635 1695 778 1767 simplicia,
799 1695 878 1766 plano
896 1710 953 1760 ore,
970 1685 993 1745 Β
1006 1718 1038 1758 ea
1062 1701 1192 1774 perspicit
1204 1715 1263 1769 qnae
1277 1707 1349 1755 sunt.
1365 1696 1547 1765 Providentia,
1566 1711 1615 1768 per
1632 1711 1719 1766 quam
1734 1693 1801 1751 tutn-

163 1797 236 1853 tulta
252 1795 354 1864 quieto,
375 1790 444 1845 lacie
458 1788 619 1858 composita.
635 1788 700 1842 ⁸siue
720 1786 897 1841 immoderato
909 1800 955 1840 ca·
1006 1808 1066 1847 rum
1080 1791 1179 1863 aliquid
1193 1789 1367 1861 praevidetur,
1382 1797 1529 1859 antequam
1543 1789 1601 1844 liat.

162 1890 273 1952 chiano,
295 1884 412 1940 clamore
437 1880 510 1935 nullo
532 1878 645 1950 prolata.
672 1877 739 1931 Nam
759 1878 846 1932 bonus
860 1876 956 1933 modus
1040 1883 1122 1954 330
1130 1879 1319 1938 Cin.iustitiae
1330 1882 1463 1937 rationem
1473 1882 1710 1952 erpone-hes.
1722 1881 1803 1937 leati-

163 1988 207 2039 est
218 1980 245 2034 in
269 1973 413 2046 loquendo,
429 1981 556 2042 tanquam
568 1970 596 2024 in
621 1968 793 2034 ambulando,
808 1968 958 2023 clementer
1006 1977 1044 2032 tia
1054 1984 1096 2031 est
1109 1975 1216 2029 habitus
1226 1975 1310 2029 aniani
1321 1975 1467 2044 unicuique
1477 1974 1517 2029 rei
1529 1974 1667 2046 propriam
1683 1973 1803 2029 tribuens

168 2073 220 2138 ire,
246 2071 305 2125 sine
327 2067 407 2131 saltu,
424 2066 481 2121 aitte
504 2079 590 2127 mora,
606 2070 739 2133 quatenus
761 2061 852 2116 omnia
873 2060 957 2116 medii
1007 2065 1175 2136 dignitatem.
1192 2063 1221 2118 lu
1243 2064 1296 2118 hac
1314 2064 1464 2120 divinitatis
1476 2063 1564 2119 cultus
1582 2073 1611 2119 et
1625 2063 1803 2119 humanitatis

165 2160 358 2219 moderaminis
373 2156 549 2228 temperantia
571 2153 701 2226 lulgeant,
723 2168 783 2223 qua
796 2162 838 2208 est
857 2168 910 2207 una
924 2151 957 2208 de
1005 2156 1077 2229 jura,
1100 2166 1128 2212 et
1151 2156 1265 2226 aequitas
1290 2155 1372 2211 totius
1396 2156 1460 2210 vitas
1485 2163 1672 2211 concertatur.
1687 2154 1801 2211 -Caa

166 2261 284 2326 quatuor
304 2249 459 2314 uirtutibus,
481 2246 628 2317 dequibus
644 2253 750 2302 caeterae
765 2252 892 2314 tanquam
915 2257 959 2297 ra-
1007 2246 1073 2318 EJus
1089 2262 1196 2318 quoquc
1218 2254 1311 2318 partes
1331 2247 1429 2318 pande.
1443 2276 1479 2286 -
1491 2245 1557 2302 hue.
1580 2246 1687 2302 Partim
1707 2247 1751 2303 illa
1763 2255 1803 2302 est

166 2345 272 2401 dicibus
284 2340 434 2412 procedunt
448 2337 574 2400 virtutes,
590 2337 617 2391 in
632 2335 730 2405 quibus
742 2341 784 2390 est
801 2334 898 2389 anima
910 2348 959 2388 no-
1008 2355 1042 2397 o1
1053 2349 1155 2395 oomoae
1164 2337 1236 2408 juro,
1250 2340 1350 2409 partim
1360 2354 1395 2394 ox
1408 2340 1612 2397 oomootoomm
1622 2357 1685 2396 mm,
1694 2339 1801 2397 ..com

167 2436 269 2502 bilitas,
282 2434 345 2489 vitae
364 2431 491 2502 dignitas,
501 2443 612 2486 >morum
624 2428 754 2483 honestas
767 2424 866 2480 et-laus
878 2424 960 2480 disci·
1008 2429 1148 2498 Quomodo
1169 2446 1204 2488 ox
1220 2440 1323 2487 maiorm
1343 2429 1406 2500 jom
1417 2432 1475 2485 t-
1488 2432 1555 2487 Aoo.
1571 2431 1641 2500 Qoio
1666 2442 1759 2503 pomos
1770 2433 1802 2488 ss.

167 2529 257 2600 plinae.
1008 2521 1061 2578 lius
1079 2522 1201 2590 quaedam
1215 2528 1320 2576 naturae
1339 2521 1383 2577 uis
1406 2520 1473 2593 [At.
1488 2523 1621 2591 quasdam
1639 2521 1751 2596 natura}
1764 2524 1806 2578 in-

206 2618 410 2687 canulntelligo
430 2613 568 2670 comicum
583 2610 673 2683 [llam
687 2607 913 2680 philosophicum]
928 2607 959 2664 il·
1009 2612 1086 2677 serit,
1105 2620 1135 2666 ut
1156 2612 1324 2682 religionem,
1347 2612 1477 2683 pietatem
1501 2611 1660 2685 [gratiam],
1684 2613 1804 2670 vindiea-

168 2709 215 2768 lud
226 2710 398 2780 proverbium
413 2721 467 2759 non
479 2703 565 2759 solum
586 2703 612 2755 in
629 2700 759 2764 moribus,
775 2699 917 2754 sedetiam
932 2699 960 2753 in
1009 2704 1123 2769 tionem,
1144 2704 1355 2769 observantiam,
1379 2691 1535 2760 vorimro'm,
1555 2735 1592 2744 -
1610 2702 1680 2760 cm,
1705 2704 1745 2761 [to
1763 2706 1804 2762 m,

169 2803 261 2858 verbis
270 2816 330 2856 esse
345 2798 538 2854 necessarium.
550 2823 586 2840 -··
596 2795 663 2850 hun.
678 2795 839 2861 Quodnam?
850 2793 958 2850 -Cam
1010 2796 1123 2868 singulis
1135 2796 1250 2852 lucidius
1267 2798 1352 2869 aperi.
1370 2827 1405 2837 —
1418 2796 1484 2852 Ace.
1505 2796 1606 2868 Religio
1619 2805 1672 2862 est,
1687 2811 1749 2867 quae
1762 2813 1806 2861 aa·

174 2894 216 2949 Νι
228 2891 291 2964 qaid
304 2890 392 2945 nimia.
1010 2889 1125 2959 periuris
1147 2887 1288 2959 cujusdam
1310 2896 1424 2954 naturae,
1449 2903 1531 2959 quam
1552 2888 1674 2944 divinam
1699 2897 1804 2956 nocant,

424 2978 469 3034 DE
485 2976 703 3035 tineamus.
1011 2992 1107 3034 curam
1124 2978 1345 3048 ceremoniasque
1357 2976 1445 3032 affert.
1465 2977 1566 3043 Pictam
1585 2993 1732 3049 perquam
1745 2994 1806 3035 san·

204 3074 268 3130 har.
284 3072 341 3135 Est,
355 3079 384 3125 et
396 3084 460 3124 rere
471 3077 513 3123 cst
526 3068 553 3123 in
566 3069 640 3123 omrai
650 3084 679 3123 re
690 3069 886 3150 necessarium,
897 3038 996 3138 quiae
1011 3069 1092 3141 guinc
1104 3068 1265 3140 conjunctis,
1280 3069 1428 3138 patriaque
1446 3069 1584 3124 benevolis
1598 3068 1730 3135 officium,
1743 3068 1803 3124 dili-

169 3163 299 3237 quidquid
312 3159 422 3215 modum
440 3157 557 3223 excedit,
571 3157 598 3212 in
611 3158 677 3214 vitio
691 3167 741 3213 est.
765 3158 828 3214 ideo
848 3159 961 3214 rirtutcs
1011 3175 1130 3232 gensque
1141 3159 1268 3215 tribuitur
1280 3160 1378 3226 cultus.
1394 3158 1415 3215 G
1420 3163 1498 3227 ratic,
1513 3161 1541 3215 in
1555 3176 1609 3230 qua
1622 3162 1804 3217 amicitiarum

170 3256 199 3313 in
213 3253 302 3309 medio
315 3250 409 3321 positar
424 3255 497 3314 sunt,
512 3247 655 3316 dequibus
669 3255 721 3302 tua
740 3247 901 3303 venerandae
912 3263 961 3302 au·
1011 3248 1102 3323 [llam
1116 3249 1329 3322 inimicitiarum]
1345 3260 1374 3305 et
1386 3249 1534 3308 officiorum
1549 3251 1664 3307 alterium
1676 3252 1806 3309 memoria

170 3343 290 3402 claritati
302 3340 379 3412 plura
392 3337 483 3393 dicere
503 3336 661 3405 potuissem,
674 3337 697 3391 si
710 3337 855 3407 disputatio
868 3343 961 3391 nostra
1010 3350 1040 3395 et
1052 3341 1241 3397 remunerandi
1253 3342 1377 3397 voluntas
1387 3344 1552 3398 continetur.
1580 3340 1745 3407 Vindicatio,
1759 3357 1808 3416 per

169 3434 205 3491 ad
219 3433 301 3488 linem
314 3445 367 3484 non
381 3427 540 3492 festinarem
555 3426 618 3481 etsi
633 3441 686 3481 non
705 3425 867 3495 superfluum
880 3426 964 3482 -viuo-
1011 3446 1093 3501 quam
1112 3428 1158 3500 ius
1178 3440 1225 3485 aut
1240 3430 1336 3499 injuria
1347 3440 1376 3486 et
1397 3433 1508 3487 omnino
1529 3446 1621 3498 omne,
1636 3433 1710 3502 quod
1732 3430 1809 3487 olla-

172 3532 248 3583 retur
262 3531 351 3583 tecum
365 3520 399 3575 de
408 3516 554 3572 virtutibus
566 3531 656 3588 agere,
668 3531 749 3586 <luem
763 3516 893 3570 virtutum
907 3531 961 3572 non
1013 3531 1103 3579 turam
1117 3532 1171 3589 est,
1194 3523 1362 3579 defendendo
1384 3532 1430 3578 aut
1454 3523 1610 3603 ulciscendo
1622 3524 1806 3596 pmpuisatnr.

171 3625 277 3673 tantum
292 3611 415 3676 sciesslias
429 3608 477 3666 sed
490 3607 573 3664 015²OE
587 3615 670 3663 ⁰iss³l
683 3604 836 3663 efficientia·
1013 3614 1194 3679 Obseruantia,
1204 3631 1256 3684 qua
1269 3616 1392 3671 homines
1405 3615 1494 3685 aliqua
1505 3617 1637 3687 dignitate
1647 3616 1808 3673 comtes

205 3707 274 3762 Cau·
292 3702 350 3758 Non
365 3712 454 3757 lamen
469 3709 504 3766 ¹02
517 3701 655 3770 mitifici·
678 3698 755 3769 prius
768 3698 902 3754 diffiniam
917 3715 964 3754 οῦ·
1013 3713 1054 3763 tes
1067 3706 1140 3762 cultu
1154 3708 1271 3778 quodam
1289 3707 1432 3762 ethonore
1445 3707 1599 3779 dignamur.
1626 3705 1747 3773 Veritas,
1762 3720 1809 3778 per

171 3797 275 3854 lautum
290 3792 472 3863 responsionis
485 3790 623 3855 claudere,
637 3804 717 3859 (luam
735 3789 801 3845 mihi
813 3790 922 3863 pomina
935 3800 963 3846 et
988 3792 995 3805 '
1012 3814 1093 3869 qnam
1105 3815 1137 3855 ca
1152 3815 1211 3869 qua
1222 3807 1294 3866 sunt,
1309 3805 1356 3853 aut
1370 3814 1430 3868 quae
1442 3797 1560 3864 fuerumt,
1577 3806 1625 3853 aut
1637 3815 1700 3870 qua·
1720 3797 1808 3854 lutura

172 3898 265 3962 partes
277 3896 395 3958 quatuor
407 3886 537 3940 virtutum
552 3897 681 3952 exponas,
690 3896 763 3951 quas
781 3881 886 3938 radices
897 3882 964 3937 alia·
1012 3901 1086 3959 mm,
1099 3891 1335 3965 iootoommfflo,
1344 3891 1493 3965 omooroop,
1502 3922 1538 3932 ..
1549 3890 1617 3948 cm.
1626 3891 1808 3960 Quomooom

172 3998 235 4039 ram
248 3995 308 4037 esse
326 3980 457 4034 virtutum
470 3975 571 4032 dixisti.
584 3973 669 4030 Paulo
680 3981 743 4029 ante
758 3972 829 4028 inter
838 3987 889 4029 nos
899 3989 964 4030 con·
1013 3984 1216 4039 consuetudinis
1226 3983 1519 4054 usurjustitiaservatur
1529 3983 1657 4038 l-ltnn.
1673 3982 1809 4054 Erpacto,

172 4078 252 4142 stitit,
282 4072 518 4131 sermocinationis
544 4069 765 4126 exercitationem
787 4081 848 4122 esse
870 4080 965 4122 neces-
1012 4073 1081 4143 pari,
1093 4071 1275 4145 judicato[et]
1288 4088 1321 4128 er
1336 4072 1403 4144 lege.
1421 4102 1457 4112 -
1470 4072 1537 4128 Can.
1553 4073 1725 4145 Plusquaero
1740 4074 1810 4130 etde

172 4168 282 4224 sariam.
298 4166 328 4220 ln
345 4181 398 4235 quo
412 4163 509 4219 melius
529 4171 571 4218 est
586 4161 738 4217 hahendam
761 4159 895 4215 sermonis
908 4166 965 4214 sta·
1013 4167 1057 4222 his
1074 4180 1191 4236 quoque.
1204 4195 1239 4206 -
1256 4165 1323 4222 hun.
1338 4165 1450 4220 Pactam
1464 4174 1506 4221 est
1525 4166 1597 4235 quod
1615 4167 1689 4221 iuter
1707 4167 1811 4239 aliquos
1864 4163 1869 4172 ‘

172 4257 257 4322 uum,
271 4255 537 4326 quintanensium
552 4251 806 4319 excellentiaque
824 4250 962 4319 uarioque,
1012 4257 1148 4313 murena.
1175 4254 1232 4311 Per
1250 4257 1277 4312 tn
1290 4272 1386 4313 earnes
1405 4257 1537 4327 aquaeue
1558 4266 1611 4313 esa.
1643 4257 1808 4325 amaeam,

172 4356 201 4405 ct
213 4348 394 4404 scribentibus
406 4354 433 4400 et
445 4342 596 4415 legentibus
606 4342 720 4397 multum
734 4342 861 4413 prodesse
876 4339 964 4395 valeti
1014 4349 1086 4420 qood
1099 4347 1212 4418 olmojm
1234 4351 1323 4421 mmm
1345 4349 1408 4415 omi,
1433 4359 1484 4405 om
1498 4349 1651 4420 mmmmm
1669 4352 1810 4408 mmmm

173 4470 209 4483 -
221 4441 287 4497 dus.
300 4438 428 4503 Prodest,
443 4446 475 4491 ut
487 4435 566 4501 dicis,
579 4433 687 4489 domine
702 4432 743 4486 mi
757 4447 815 4496 1⁸¹,
830 4431 879 4487 ted
892 4431 964 4486 inter
1014 4438 1190 4494 constitutum
1204 4446 1255 4493 est.
1266 4437 1324 4493 :Lea
1338 4447 1380 4494 est
1393 4440 1466 4494 omni
1489 4439 1588 4511 populo
1602 4439 1738 4512 scriptum
1757 4439 1808 4511 ica,

173 4541 318 4600 utrumque
331 4539 464 4586 coarctor.
489 4527 558 4582 h'am
581 4526 718 4581 succincta
738 4523 860 4580 brevitas
878 4540 964 4594 pauca
1014 4529 1079 4600 quid
1091 4543 1187 4584 carere
1201 4528 1243 4582 rel
1257 4528 1322 4599 qnid
1335 4530 1480 4585 observare
1492 4530 1597 4586 debmt.

173 4621 303 4692 postulat,
317 4629 345 4676 et
359 4635 404 4676 res
417 4617 501 4673 ardua
515 4616 591 4688 plura
604 4614 750 4671 desiderat·
1049 4620 1117 4676 Can.
1130 4619 1207 4676 Nunc
1221 4618 1407 4676 fortitudinem
1421 4636 1482 4676 cnm
1503 4622 1561 4676 anis
1581 4623 1710 4692 partibus
1722 4631 1753 4679 nt
1763 4624 1809 4679 de·

210 4712 277 4768 Can.
291 4711 423 4783 Tempera
437 4721 464 4765 te
475 4709 712 4777 interutrumque,
723 4718 757 4760 ue
767 4704 965 4774 autprolixitas
1015 4726 1125 4782 pmmas
1137 4710 1263 4780 efflagito.
1277 4741 1313 4751 -
1324 4711 1390 4766 Aen.
1417 4710 1558 4767 Fortitudo
1578 4722 1621 4768 est
1639 4716 1810 4786 magnanima

68 4830 74 4842 ·
173 4803 325 4868 fastidium,
340 4809 386 4856 aut
399 4800 519 4856 brevitas
531 4797 708 4870 ignorantiam
723 4795 963 4868 generet-Ata.
1015 4802 1196 4874 periculorum
1210 4811 1239 4857 et
1254 4801 1378 4858 laborum
1390 4803 1538 4873 perpessio.
1556 4803 1623 4875 Ejus
1640 4813 1810 4875 partesssat

173 4895 267 4952 Primo
280 4892 418 4950 sciendum
432 4898 483 4956 θὸῑ,
498 4889 571 4960 (iul)d
583 4888 705 4958 ‘luaedffl
718 4901 763 4942 ¹⁰⁵
776 4894 830 4941 Μ
845 4886 926 4943 ⁶1²?ae
939 4895 967 4942 0²
1018 4894 1228 4966 magnificentia,
1253 4893 1372 4959 fidentia,
1395 4895 1536 4965 patientia,
1550 4898 1766 4966 perseverantia.
1777 4924 1810 4939 ·-

175 4997 233 5043 tam
245 4984 349 5042 nobiles
366 4991 439 5048 sunt,
462 4991 492 5035 nt
515 4996 569 5035 non
590 4988 702 5051 parapter
716 4979 787 5036 aliud
801 4978 967 5035 emolumen-
1016 4983 1084 5040 Can.
1098 4983 1200 5040 llarum
1210 4985 1330 5040 rationes
1342 4984 1458 5054 patefac.
1474 5014 1510 5026 -
1523 4984 1590 5040 her.
1612 4985 1809 5056 llapnificeatis

70 5121 74 5130 .
174 5089 234 5145 tunt
252 5075 409 5148 expetendae
429 5075 493 5140 sint,
509 5072 557 5129 sed
577 5081 689 5142 propter
702 5087 779 5128 suam
800 5072 967 5129 solummodo
1019 5084 1061 5131 est
1071 5090 1161 5130 rerum
1172 5090 1331 5145 magnarum
1339 5083 1368 5129 et
1376 5074 1543 5131 excelsarum
1551 5089 1612 5131 cum
1624 5076 1712 5131 animi
1725 5076 1809 5148 amota

176 5171 336 5242 dignitatem
347 5167 469 5223 amandae
481 5173 544 5220 sunt
557 5162 780 5233 etersequendae.
1018 5167 1135 5240 quadam
1154 5173 1183 5222 et
1201 5166 1341 5235 splendida
1364 5167 1549 5236 propositione
1568 5168 1711 5238 cogitatio,
1733 5176 1811 5238 atque

211 5261 278 5318 Cin.
303 5260 359 5316 llas
372 5261 447 5330 ipsas
467 5272 511 5312 res
534 5269 697 5326 magnopere
715 5255 797 5311 velim
821 5271 967 5327 agnoscere
1019 5260 1219 5316 administratio
1230 5258 1326 5332 [Edit.
1340 5258 1423 5313 animi
1442 5259 1588 5332 invitatiol.
1610 5258 1739 5316 Fidentia
1760 5269 1810 5323 est,

176 5351 268 5428 illac,
284 5348 584 5425 cognosceret—hus.
601 5347 647 5404 Eae
661 5350 830 5416 suntrirtaa,
841 5350 966 5415 scientia,
1018 5365 1163 5421 perquam
1184 5350 1289 5421 magnis
1303 5359 1330 5404 et
1343 5349 1465 5406 horreatis
1479 5351 1506 5405 in
1529 5352 1612 5406 rebus
1628 5351 1746 5407 multum
1757 5353 1812 5407 aui·

176 5446 288 5509 ueritas,
298 5460 375 5500 anaor
384 5444 481 5499 bonus.
489 5471 524 5482 —
533 5439 599 5496 Cin.
609 5439 734 5510 Nunquid
746 5438 823 5513 [non]
835 5440 970 5496 basilici
1017 5457 1079 5498 mus
1090 5443 1116 5498 in
1128 5458 1157 5498 se
1168 5442 1273 5497 llduciae
1282 5450 1357 5498 certa
1372 5455 1434 5496 cum
1447 5455 1496 5511 spe
1508 5441 1662 5498 collocarit.
1679 5440 1811 5497 Potistia

175 5536 264 5591 suaa
278 5535 372 5607 religio
384 5536 503 5605 apprime
515 5533 625 5588 laudat?
635 5531 746 5588 -hua
761 5531 867 5588 Laudat
879 5541 906 5589 et
920 5547 967 5589 co-
1018 5543 1062 5590 est
1072 5535 1221 5592 honestatis
1241 5544 1289 5590 aut
1310 5532 1436 5588 utilitatis
1455 5548 1536 5590 causa
1551 5547 1644 5589 rerum
1666 5534 1811 5589 arduarum

176 5619 218 5676 ill·
231 5655 264 5667 —
275 5626 342 5681 Can.
357 5627 425 5697 Quid
446 5627 612 5700 pbilosophis
634 5642 696 5682 eum
718 5626 752 5682 iis
763 5627 819 5681 i-
832 5626 899 5683 Aua.
914 5625 968 5683 lias
1020 5637 1067 5684 aut
1077 5627 1223 5684 dillleiliam
1234 5625 1385 5684 uoluntaria
1398 5641 1430 5682 ac
1440 5625 1567 5682 diuturna
1580 5626 1733 5697 perpessio.
1749 5624 1812 5680 eer-
