3780 6120
572 257 818 317 1111116101.-
836 254 881 310 DE
899 250 1023 307 estest.
1041 249 1120 308 USU.
1139 281 1176 293 —
1192 249 1284 308 Pstis
1296 246 1316 308 Ι.
1687 252 1736 307 idi

119 268 164 328 111

117 378 296 453 providentia,
317 376 389 432 nulla
404 390 513 447 prorsus
525 374 639 430 consilio
659 373 818 428 sentiarum.
832 369 902 424 Lon·
916 365 995 432 Adie
1018 364 1194 422 tribulationis
1214 377 1279 433 tua,
1302 368 1412 436 eriptam
1435 376 1459 421 te
1482 365 1568 440 (Paul.
1588 371 1645 441 eit.)
1664 391 1669 422 z
1689 388 1738 441 pm

117 486 178 541 gam
203 481 246 527 est
266 485 316 541 per
340 477 440 523 evincta
465 467 642 522 discurrere:
659 464 704 518 tali
728 462 789 533 quis
811 467 902 531 posset
953 455 1010 523 ipsa
1033 455 1173 526 ereptione
1200 471 1324 527 quaerens
1349 472 1364 511 a
1392 458 1471 513 nobis
1495 458 1582 516 laudis
1607 461 1737 522 debiturn,

117 561 258 624 obmsterc,
274 560 326 614 nisi
338 566 377 623 ta,
392 557 513 619 Domine,
525 554 677 610 decreveris
688 552 820 608 ebriare?
833 549 902 617 Quid
951 542 1089 611 sumnam
1108 544 1201 599 statim
1224 561 1231 598 ε
1254 554 1279 600 et
1302 544 1487 614 bonorificabir
1500 563 1550 600 me.
1567 547 1635 603 liinc
1655 547 1739 602 David

117 652 188 709 enim
211 651 278 706 mibi
292 664 345 704 non
358 655 448 719 potest
462 646 559 709 lacere,
571 645 617 715 qui
630 653 657 700 tc
675 644 702 698 in
716 657 777 699 meo
788 656 903 711 corporo
951 633 1009 688 ait:
1027 631 1109 688 lame
1122 643 1195 700 suat,
1210 633 1292 699 Deua,
1304 645 1375 699 rota,
1388 651 1447 706 qaae
1457 635 1567 690 reddam
1577 635 1739 690 laudationis

116 758 199 799 m
222 741 274 795 suit
305 754 353 810 per
381 737 493 794 subdola
531 735 747 793 machinamenta
781 733 904 788 tentare?
952 722 1174 788 tiii.·Qttortr'am
1205 725 1324 794 eripuisti
1350 726 1465 780 animam
1490 743 1574 782 arcam
1599 729 1633 782 dc
1659 739 1741 782 morte

116 831 221 889 Exaudi
237 824 291 893 me,
303 844 320 883 o
333 837 425 883 custos
434 826 587 890 hominunm
601 833 630 880 et
641 839 684 880 me
709 825 743 879 ab
757 823 803 880 iilo
816 823 904 878 indul·
953 810 1041 875 (Pttb
1056 827 1100 878 bi·
1124 811 1179 883 tt).
1206 812 1275 868 Hinc
1288 815 1386 868 iterum
1404 814 1468 871 dicit
1491 833 1498 871 ²
1521 815 1591 882 Qllt'c
1614 816 1700 886 [actus
1714 834 1740 870 rr

117 922 209 996 ‘enda
224 930 271 977 tua
290 919 385 984 libera,
396 918 444 988 qui
462 932 506 972 me
520 917 627 972 trabere
639 916 735 971 nititur
745 915 780 969 ad
804 916 904 986 geben·
953 898 1143 968 (1411101111ῧὸ
1157 908 1182 954 ⁶²
1193 900 1325 971 'elilim
1337 918 1441 965 metm:
1459 904 1488 957 t'u
1506 904 1549 958 dt'e
1562 904 1740 960 tribulationis

117 1027 190 1069 um·
205 1009 274 1067 Cum
289 1007 334 1063 1110
348 1015 456 1078 partem
475 1005 667 1069 lebabchem,
683 1013 713 1059 ut
736 1012 834 1068 tecum,
849 1003 903 1057 Do.
953 1004 1018 1043 mccc
1030 998 1164 1059 dwepioi
1188 1005 1260 1044 melli
1279 989 1327 1043 liltt'
1347 990 1460 1060 petilium
1482 989 1568 1065 (Psoi.
1584 1009 1661 1060 bitti,
1684 995 1739 1066 18).

119 1102 199 1170 ,ιη’
215 1100 316 1174 possm
342 1100 453 1154 papae,
478 1098 592 1153 qqnqqca
619 1095 750 1152 fabricam
770 1102 845 1150 luam
870 1095 904 1150 Ἅι)
989 1078 1061 1149 Erqo
1070 1094 1132 1135 cum
1141 1080 1168 1135 in
1182 1081 1377 1137 mutationibus
1386 1082 1480 1147 variis,
1490 1083 1533 1138 rel
1546 1083 1675 1140 salsorum
1687 1085 1740 1140 irn-

119 1194 173 1259 uta,
192 1192 241 1264 qui
265 1191 389 1246 desumit.
420 1188 546 1244 Damnari
570 1187 639 1242 alios
663 1202 717 1242 non
747 1185 836 1249 iaciat,
858 1187 905 1256 qui
956 1177 1036 1233 imm»
1055 1170 1098 1226 iil
1119 1171 1288 1228 Wissssfium
1301 1173 1453 1229 &monum
1465 1175 1660 1231 inciderimus:
1676 1191 1741 1231 oon·

119 1284 237 1354 ιιίιιιιιιιι
249 1279 386 1349 damnavit
405 1295 412 1332 ι
429 1277 477 1333 sed
489 1277 579 1348 potius
593 1277 638 1333 ille
657 1291 720 1333 eum
735 1277 904 1347 erumperem,
957 1269 998 1317 tra
1013 1262 1063 1318 bos
1076 1273 1104 1318 et
1114 1263 1176 1320 illos
1188 1265 1270 1320 divini
1283 1265 1357 1321 verbi
1367 1266 1456 1336 jacula
1470 1267 1665 1338 intorquentes,
1678 1285 1741 1325 cum

120 1374 164 1445 φὶ
185 1372 301 1443 perdere
326 1376 423 1424 cuneta
452 1366 572 1423 festinat,
598 1366 639 1423 Me
653 1383 718 1422 vem
735 1367 906 1438 omnipotens
956 1352 1018 1411 11108
1037 1355 1179 1423 defecisse,
1195 1366 1224 1412 (11
1241 1372 1290 1413 nos
1310 1359 1477 1415 fflnialilisse
1494 1361 1651 1428 Viderimus,
1678 1376 1741 1417 111οΧ

122 1461 216 1525 libera,
235 1470 264 1515 et
283 1459 357 1528 eripe
372 1457 407 1511 ab
421 1457 498 1511 bostc
513 1456 618 1526 generis
634 1455 754 1520 humani,
768 1462 795 1509 et
808 1455 907 1524 perduc
957 1459 1052 1514 Plfflffl
1072 1447 1162 1502 widis
1184 1447 1270 1503 n(liiii
1287 1447 1472 1514 inlessiiffltcm,
1488 1450 1633 1521 mulosque
1646 1461 1675 1506 et
1688 1466 1745 1506 utt-

124 1568 164 1609 me
180 1553 216 1608 ad
228 1552 324 1624 gaudia
335 1559 447 1615 aeterna,
467 1550 513 1605 ubi
535 1549 594 1605 sine
619 1549 672 1604 lino
686 1548 771 1604 laerari
789 1563 905 1604 merear,
959 1548 1010 1588 uus
1022 1535 1056 1589 ad
1076 1535 1174 1591 eoelum
1186 1537 1318 1603 levantes,
1333 1539 1361 1592 in
1373 1554 1440 1594 voce
1461 1539 1547 1596 laudis
1558 1549 1587 1595 et
1598 1541 1746 1597 consessio-

125 1641 220 1700 Amen.

469 1731 553 1792 vlit.

131 1830 164 1892 ln
186 1829 445 1894 tribulationibus
461 1830 577 1902 acriis,
596 1847 663 1909 qua
680 1829 911 1892 abdominibus

419 1909 612 1988 inserantur.

161 2032 256 2087 invoca
267 2047 319 2096 me,
332 2031 372 2085 ait
381 2028 512 2085 Dominus
523 2043 572 2098 per
583 2027 756 2099 Pmpbetam,
768 2029 796 2083 ia
810 2029 852 2083 die
866 2029 913 2082 tri-

137 2121 266 2178 lrlatiotris
290 2137 355 2176 aaa
381 2120 469 2194 [Leq.,
500 2119 565 2192 raa]
592 2130 617 2174 et
648 2121 758 2192 eripiam
779 2131 804 2176 te
825 2118 911 2192 (Ptol.

137 2228 197 2282 uta,
218 2214 275 2286 ts).
287 2213 398 2270 culcior
408 2214 479 2268 lacte
493 2221 521 2267 et
537 2211 617 2268 melle
627 2212 668 2267 ori
681 2221 774 2268 nostro
786 2212 844 2268 bec
859 2212 914 2268 Do·

138 2306 189 2362 atil
199 2306 354 2379 promissio.
372 2305 439 2360 Cum
458 2319 523 2375 erqo
548 2303 735 2359 tribulationes
748 2319 763 2358 a
775 2302 914 2359 lalsislra-

136 2395 210 2451 tribas
221 2396 351 2467 patimur,
367 2395 522 2451 invocemus
535 2409 606 2458 enm,
628 2394 740 2464 quinos
761 2402 791 2450 ut
806 2395 915 2451 invoce-

135 2496 186 2542 ιι
203 2485 340 2541 bortatur.
353 2483 463 2540 Certum
474 2491 517 2539 est
528 2484 600 2539 enim
615 2483 678 2555 quia
694 2483 752 2539 vult
772 2484 912 2551 exaudire,

132 2579 172 2647 qn
186 2580 245 2635 vult
258 2580 389 2636 mrocari.
404 2578 433 2635 in
456 2581 499 2635 bis
512 2594 577 2652 erqo
590 2580 680 2650 quiuis
703 2596 830 2653 congruus
842 2578 915 2653 psai-

129 2670 178 2728 !is
202 2671 353 2730 clamemus
371 2674 406 2729 ad
424 2671 570 2728 bominum
593 2688 609 2726 a
633 2671 703 2730 iacic
726 2673 911 2730 tribulantis:

128 2757 238 2819 Selom
248 2781 290 2819 mc
298 2763 352 2834 lac,
364 2764 485 2830 Domine,
497 2764 621 2836 quostiam
627 2764 722 2835 defecit
732 2775 855 2831 sanctac,·
865 2766 883 2820 l
885 2783 915 2820 a·

127 2848 199 2919 lica,
211 2852 466 2920 maismacenses
477 2869 537 2919 mc,·
547 2852 665 2919 Exaudi,
676 2852 757 2920 Deus,
771 2855 915 2910 orationem

126 2954 223 3011 m,
237 2953 263 2999 et
281 2961 313 2999 ιιι
332 2945 478 3016 despexeris
497 2943 704 3014 deprecationem
718 2961 821 3009 meam,·
836 2943 916 3017 Eripe

959 1623 1002 1679 nis
1013 1625 1205 1683 benedicamus
1221 1627 1270 1693 illi,
1282 1628 1328 1698 qai
1349 1629 1424 1684 misit
1434 1630 1468 1684 de
1481 1629 1561 1697 coela,
1582 1640 1609 1686 et
1624 1631 1749 1686 liberavit

925 1726 949 1789 Β
962 1729 1021 1781 uos,
1032 1725 1059 1771 et
1072 1716 1146 1772 dedit
1159 1718 1186 1772 in
1199 1719 1374 1789 opprobrium
1390 1720 1581 1777 conculcantes
1593 1736 1652 1777 nos.
1668 1721 1747 1777 Dica-

961 1820 1023 1861 mus
1042 1806 1080 1861 idi
1103 1809 1279 1864 concordanti
1302 1810 1383 1865 eorde
1398 1827 1404 1863 :
1420 1809 1551 1866 Eraltolo
1571 1821 1607 1878 te,
1626 1811 1747 1877 domine,

961 1897 1085 1969 martiam
1093 1900 1228 1969 suscepisti
1239 1916 1291 1965 rtte;
1303 1916 1348 1955 nec
1357 1898 1491 1956 delectasti
1498 1903 1617 1957 iairuicos
1627 1920 1697 1958 areos
1704 1921 1750 1959 sa-

962 2001 1010 2056 per
1017 2003 1068 2041 me.
1076 1987 1110 2042 Et
1120 1991 1295 2059 consequenti
1306 1991 1499 2047 conscientiam
1506 1991 1589 2065 (locat
1600 1994 1749 2066 corruptus)

963 2074 1022 2144 ejus
1036 2079 1159 2147 usquein
1175 2079 1256 2135 linem
1268 2081 1456 2136 continuemus
1468 2082 1494 2138 ei
1506 2099 1513 2135 :
1525 2083 1681 2138 benedicam
1695 2084 1750 2138 llo-

963 2166 1035 2221 tat'rto
1048 2169 1075 2222 ia
1086 2169 1157 2222 otrtni
1167 2179 1297 2240 tempore,·
1308 2170 1426 2227 iubilate
1434 2171 1488 2244 33
1498 2173 1552 2228 Deo
1563 2176 1647 2229 omnis
1657 2184 1727 2230 terra
1741 2190 1750 2228 :

964 2259 1101 2315 Psalmam
1116 2262 1195 2318 dicite
1205 2264 1304 2318 roatici
1314 2264 1388 2335 ejur5
1400 2263 1461 2320 Nisi
1476 2266 1545 2336 quod
1557 2265 1685 2322 lloatimtr
1694 2278 1751 2322 crat

964 2351 992 2407 in
1007 2353 1092 2419 trebir,
1111 2354 1183 2409 dicat
1194 2371 1264 2409 nanc
1275 2354 1361 2410 israel
1368 2373 1378 2421 ;
1392 2355 1541 2426 Confitebor
1558 2357 1615 2423 ribi,
1628 2359 1750 2424 ilorrrine,

964 2441 993 2495 ιἰι
1013 2451 1067 2496 toto
1087 2443 1166 2497 corde
1189 2460 1264 2509 meo,·
1278 2446 1403 2516 quoniam
1419 2446 1551 2503 ctaaditti
1568 2448 1657 2502 amaia
1675 2449 1752 2502 rerba

965 2532 1018 2585 aris
1043 2533 1103 2587 mei.
1122 2532 1271 2591 Considera
1287 2544 1388 2601 ιιιιιιειι,
1404 2537 1450 2606 qui
1469 2535 1545 2608 legis,
1559 2545 1588 2592 et
1608 2540 1751 2609 perspicue

965 2620 1069 2677 videbis
1083 2621 1111 2677 in
1124 2622 1198 2678 nullo
1219 2623 1395 2694 psalmorum,
1414 2640 1495 2696 quam
1515 2625 1599 2681 iubis
1622 2627 1751 2698 quiaque,

966 2712 1065 2769 melius
1087 2723 1149 2785 post
1185 2714 1386 2771 tribulationem
1424 2717 1458 2771 de
1485 2726 1612 2788 percepto
1644 2718 1752 2788 qaudio,

967 2805 1090 2875 aptiusve
1104 2822 1183 2878 posse
1195 2808 1297 2878 gratias
1311 2808 1426 2864 Domino
1439 2810 1619 2881 compensari.

1089 2914 1152 2970 Post
1167 2915 1333 2971 dominicam
1350 2915 1503 2972 Orationem
1519 2934 1628 2975 uersat.

128 3032 323 3090 udeim'm'cig
333 3033 708 3101 meisstemmemusqipum
718 3034 914 3105 mopsuestenus,
1003 3026 1070 3082 Cum
1087 3028 1242 3084 invocarent
1269 3038 1306 3095 ie,
1330 3030 1465 3085 0111111118ῑί
1487 3045 1531 3086 ille
1552 3031 1624 3086 Deus
1642 3031 1755 3102 justitiae

128 3127 251 3189 marr
265 3127 428 3183 intraverant
442 3144 517 3198 aqua
537 3128 666 3199 usquead
680 3129 796 3183 amimam
808 3143 915 3183 meam:
968 3134 1045 3185 mete,
1067 3119 1093 3173 in
1106 3120 1278 3175 tribulatione
1292 3120 1410 3176 dilatasti
1430 3120 1506 3176 mibi.
1525 3120 1680 3176 Conlltebor
1694 3122 1755 3186 tibi,

132 3224 225 3289 Eque,
245 3218 380 3274 Merum
394 3219 422 3273 in
445 3235 504 3273 esca
524 3235 582 3273 mco
599 3218 644 3287 fel.
660 3218 763 3274 (bruera
781 3235 846 3275 vero
857 3236 917 3290 quse
968 3211 1093 3279 bomine,
1109 3212 1136 3266 in
1152 3220 1209 3269 toto
1222 3211 1302 3267 corde
1314 3228 1385 3278 meo,
1396 3212 1512 3267 narrabo
1522 3212 1613 3267 omnia
1626 3210 1757 3267 mirabilia

132 3314 290 3380 Qquuntru,
304 3310 367 3379 qnia
378 3308 554 3379 spiritualiter
565 3307 665 3363 Christi
677 3308 865 3364 interfectores
879 3309 918 3364 lc·
968 3318 1024 3365 tua.
1039 3307 1164 3364 Listabm
1180 3316 1209 3363 ct
1222 3307 1364 3365 exsultabo
1385 3309 1411 3362 in
1436 3317 1471 3372 te,
1487 3315 1514 3362 et
1528 3305 1641 3377 psallam
1656 3307 1759 3362 nomini

135 3392 215 3465 ¹irat,
232 3399 361 3455 nolumus
382 3407 477 3455 contra
501 3398 670 3455 Christianos
697 3407 752 3454 tam
766 3399 918 3469 perniciosa
969 3406 1026 3466 tuo,
1039 3398 1187 3455 ditissime.
1203 3399 1353 3455 Exsultavit
1367 3414 1514 3455 cormeum
1525 3398 1552 3453 in
1568 3398 1679 3453 salutari
1691 3407 1758 3454 tuo:

138 3489 273 3549 ¹dedicta
285 3492 395 3562 jactari.

275 3602 373 3659 versvs
391 3615 420 3660 at
439 3619 529 3670 supra.
550 3603 673 3678 Sequitrm
685 3607 779 3661 oratio.

170 3714 272 3775 dbnstc
302 3715 353 3771 iili
377 3717 424 3772 ilci
445 3717 508 3783 vivi,
524 3717 611 3773 virtus
635 3724 663 3773 et
690 3732 743 3772 una
774 3716 920 3773 indiscreta

145 3806 270 3877 reiectas,
288 3807 420 3863 orationis
434 3822 500 3863 mea
510 3814 568 3861 tota
580 3807 747 3873 substantia;
761 3807 858 3863 invoco
873 3823 921 3864 no-

147 3904 195 3954 lta
208 3908 286 3954 taum
313 3908 437 3954 sanctum
453 3917 459 3952 :
473 3897 570 3953 exandi
590 3913 635 3953 me
648 3913 710 3953 cum
724 3899 806 3954 corde
818 3898 922 3955 lactan

148 3988 434 4060 itmetaqnoscentcm
448 3997 557 4059 peccata
571 3986 731 4053 lacinomm,
742 3998 770 4043 et
780 3989 923 4060 cogitatio-

148 4088 199 4137 ΙΙιιι
212 4081 328 4138 crimina
352 4081 536 4137 condtentem.
559 4080 675 4152 Frange,
701 4079 824 4148 dormitm,
849 4090 923 4139 artes

149 4166 246 4242 diaboli,
272 4174 465 4244 obrepentibus
488 4173 548 4228 aliis
571 4171 643 4226 aliud
667 4172 844 4243 suggerendo.
863 4171 923 4244 ipsa

149 4263 211 4319 raim
227 4264 377 4321 orationem
391 4265 417 4318 in
440 4263 629 4318 alienationem
644 4263 772 4332 captivat.
797 4261 922 4333 Respice,

152 4346 262 4421 maiae,
285 4354 419 4426 lacrymas
451 4368 545 4418 meas;
573 4361 601 4407 ot
628 4367 690 4407 cum
718 4351 845 4423 lacrymae
869 4367 923 4407 non

152 4453 213 4512 tuat,
222 4445 385 4518 induigentia
397 4454 449 4499 trra
462 4444 571 4514 pietatis
585 4441 706 4497 infunde.
722 4441 833 4497 Custodi
844 4441 871 4496 in
882 4457 925 4497 me

155 4526 338 4593 immitam
352 4535 443 4598 iidem,
457 4548 554 4603 meque
564 4546 626 4588 cum
638 4531 770 4602 proximis
781 4533 927 4589 meissem·

102 4648 111 4657 ·
155 4626 228 4687 irtitt
239 4642 307 4699 pace
324 4626 486 4690 reconcilia3
508 4624 613 4679 lmctus
626 4631 695 4687 tuos,
717 4623 795 4694 panis
815 4624 926 4691 arvini,

94 5428 101 5464 ‚
169 5370 499 5458 Optimamrerltatioac
512 5390 647 5469 quiaque
657 5388 851 5470 psalmorum
862 5395 936 5468 post
985 5403 1052 5460 tum,

94 5506 108 5561 ᾔ
199 5467 421 5530 tribulationem
443 5466 481 5529 de
504 5477 650 5548 percepto
681 5467 797 5547 qaadio
816 5467 936 5547 pretias

94 5592 112 5651 i

159 4717 248 4787 lrtpria
271 4717 397 4789 largitate
418 4717 560 4771 distribue.
585 4713 645 4770 Tibi
668 4713 768 4769 inclino
781 4708 926 4783 cervicem,

161 4800 286 4880 {bipenne
306 4808 395 4865 ilecto.
414 4808 452 4864 Te
466 4808 606 4863 Βοιιιίιιιιιιι
622 4822 722 4873 meum,
735 4822 797 4863 eum
809 4809 848 4864 sis
859 4824 929 4865 unus

161 4887 213 4965 111,
228 4901 337 4975 virus];
362 4902 389 4956 in
404 4910 496 4957 sancta
512 4900 644 4956 Trinitate
658 4899 799 4955 confiteor.
815 4900 929 4972 Frarvqe,

163 4979 264 5058 barne,
287 5001 381 5049 eontra
405 5008 449 5048 nte
469 4993 589 5049 omnium
603 4998 776 5062 potestatem,
798 5006 864 5047 erue
888 5009 931 5049 rue

163 5070 292 5151 benum
305 5094 375 5141 etea
385 5100 446 5156 quac
457 5084 567 5156 explere
578 5099 632 5140 non
643 5098 764 5156 possum
785 5084 864 5154 quasi
877 5085 933 5141 sint

165 5174 290 5244 muers,
303 5176 430 5232 concede.
445 5174 544 5231 Arnen.

508 5291 567 5352 ΙΧ.

200 5558 287 5622 roae.

968 3490 1084 3547 canabo
1104 3490 1229 3556 Domino,
1243 3490 1289 3560 qui
1304 3489 1374 3545 bona
1393 3489 1486 3545 tribuit
1509 3490 1592 3557 milri,
1607 3496 1634 3544 et
1648 3488 1761 3560 psallam

968 3579 1329 3636 nominibominibltissimi.
1339 3579 1460 3636 Narrabo
1469 3595 1567 3635 nomen
1581 3587 1656 3635 tuum
1669 3579 1760 3635 iratri-

969 3671 1020 3727 bus
1041 3672 1118 3736 meis,
1144 3672 1172 3726 in
1191 3672 1280 3727 medio
1295 3671 1422 3727 Ecclesiae
1443 3671 1557 3727 laudabo
1572 3680 1608 3727 tc.
1627 3670 1759 3738 Quoniam

970 3762 1112 3832 respexisti
1136 3760 1315 3816 bumilitatem
1339 3777 1450 3826 meam,
1473 3760 1588 3816 servasti
1610 3763 1644 3816 de
1668 3775 1760 3815 neces-

971 3851 1097 3910 sitatibus
1124 3851 1242 3905 animam
1274 3864 1378 3915 meacm
1403 3866 1454 3906 acc
1481 3849 1636 3906 oortclusisti
1660 3865 1703 3906 ute
1733 3851 1759 3906 in

970 3959 1068 4000 manus
1094 3942 1206 3999 inimici.
1236 3940 1393 3998 Conlitebor
1412 3942 1481 4007 tibi,
1510 3941 1633 4010 boatium,
1651 3944 1679 3999 iu
1707 3960 1758 4001 sm·

972 4037 1042 4104 cula,
1071 4037 1135 4109 quia
1159 4034 1269 4090 iecisti:
1293 4042 1321 4089 et
1349 4034 1513 4106 exspectabo
1535 4048 1632 4090 nomen
1662 4044 1759 4103 tuum,

973 4129 1101 4201 quoniam
1135 4130 1236 4185 bouum
1273 4136 1315 4182 est
1354 4135 1418 4183 aute
1449 4135 1624 4199 eottspectum
1654 4137 1761 4189 sancto·

919 4254 921 4259 »
972 4233 1033 4274 rum
1055 4227 1173 4274 tuorum.
1194 4217 1340 4274 Proteristv
1364 4233 1407 4273 ma
1427 4233 1443 4273 a
1465 4226 1598 4274 conuentu
1612 4218 1760 4289 malignan-

973 4313 1052 4378 tium,
1079 4319 1107 4368 et
1136 4327 1152 4367 a
1180 4312 1352 4368 multitudiue
1382 4312 1551 4385 operantium
1581 4312 1760 4383 iniquitatem.

939 4401 1121 4484 „Propterea
1146 4401 1296 4459 confitebor
1315 4402 1365 4459 tibi
1392 4403 1420 4458 ia
1446 4401 1713 4473 populis,1)0mine,
1736 4411 1765 4457 et

977 4494 1138 4552 nominituo
1151 4494 1286 4566 psalmum
1297 4495 1397 4550 dicam.
1411 4493 1483 4548 Deus
1495 4492 1523 4548 iu
1537 4503 1631 4549 sarrcto
1644 4493 1687 4547 via
1707 4500 1762 4557 tua,

977 4587 1038 4659 quis
1050 4588 1122 4644 Deus
1141 4601 1255 4657 magnus
1276 4586 1347 4642 sicut
1365 4586 1436 4640 licus
1457 4583 1568 4639 noster?
1588 4582 1628 4639 Tu
1640 4599 1670 4639 es
1684 4583 1765 4649 licus,

977 4681 1024 4753 qui
1037 4680 1106 4738 iacis
1126 4681 1260 4736 mirabilia
1274 4680 1358 4736 solus.
1382 4678 1438 4748 Ego
1456 4685 1547 4732 autent
1562 4692 1669 4749 semper
1689 4679 1717 4733 iu
1737 4688 1766 4734 te

979 4772 1097 4843 speravi,
1118 4771 1242 4837 Dauniae,
1263 4778 1291 4825 ct
1318 4766 1445 4838 adjiciam
1473 4781 1555 4837 supcr
1580 4784 1688 4825 ominem
1708 4769 1766 4826 lau-

979 4860 1041 4916 dem
1060 4868 1144 4915 taam.
1173 4858 1237 4913 biibi
1257 4866 1347 4912 atrum
1367 4856 1505 4912 adhaerere
1531 4857 1646 4912 homino
1668 4858 1767 4913 bonum

979 4957 1032 5015 est,
1047 4963 1148 5019 ponere
1160 4949 1187 5003 in
1199 4947 1314 5002 baurim
1329 4947 1384 5004 Deo
1401 4961 1476 5016 spem
1495 4961 1593 5002 meam.
1609 4945 1662 5002 Per
1674 4947 1768 5019 sinqa-

979 5040 1020 5097 Ius
1037 5040 1095 5096 dies
1108 5040 1266 5095 benedicam
1280 5047 1316 5107 te,
1341 5048 1371 5095 et
1383 5039 1499 5097 laudabo
1519 5054 1617 5096 nomen
1643 5049 1718 5096 tunm
1740 5047 1768 5097 in

980 5140 1122 5196 aternum,
1146 5139 1174 5187 et
1193 5130 1221 5186 in
1234 5130 1362 5188 saeculum
1387 5131 1488 5187 saculi.
1504 5131 1636 5199 Quoniam
1659 5139 1698 5197 tu,
1714 5131 1767 5186 Da·

982 5223 1064 5306 mine,
1080 5221 1208 5293 adjuvisti
1221 5238 1279 5290 tae,
1293 5232 1321 5279 et
1334 5222 1489 5280 consolatus
1503 5236 1533 5279 es
1546 5236 1600 5278 me.
1616 5222 1658 5277 Sit
1671 5239 1769 5279 nomen

985 5313 1092 5370 ilomim
1111 5315 1294 5383 benedictum,
1314 5330 1347 5371 ex
1362 5316 1413 5372 boc
1426 5332 1497 5373 nunc
1508 5324 1537 5372 et
1547 5331 1632 5388 usque
1645 5317 1671 5371 in
1687 5332 1772 5372 saeu-

1023 5567 1198 5624 Benedictum
1220 5474 1428 5635 redemit),
1446 5568 1559 5625 Domine
1572 5568 1645 5624 beas
1663 5577 1772 5639 patrum

95 5680 116 5738 p
196 5653 268 5729 Ιιίιιι·
292 5678 355 5722 cum
379 5664 441 5736 pius
453 5664 584 5720 [lominus
596 5664 719 5730 dixisset,
737 5663 832 5720 littora
848 5679 888 5718 mc
899 5662 937 5737 'in
988 5667 1157 5718 nostrorum:
1171 5660 1217 5732 qui
1232 5675 1294 5716 cum
1305 5660 1390 5716 iratus
1408 5658 1492 5718 lucris
1506 5660 1719 5721 misericordiam
1733 5659 1773 5716 iu·

95 5776 114 5821 e

97 5856 113 5918 l
