3780 6120
104 249 169 304 tata

99 369 156 422 Lux
169 371 299 424 iunueusa
312 369 389 429 alios,
401 379 427 423 et
440 377 558 438 tempora
570 369 660 422 vincta
677 367 785 421 coronis

98 438 256 494 Glorilicent
267 456 320 504 me,
335 454 413 509 praua
428 440 493 493 ieris
504 439 650 493 clementer
664 439 768 491 adurat.

309 528 401 582 Oratio
414 529 526 598 anrnii
541 529 665 598 epiceopi.

135 608 192 661 Rex
205 608 276 662 Deus
288 608 428 670 laumense,
444 623 497 677 quo
511 615 617 659 constat
632 605 755 659 machina
778 603 881 657 urnudi.

98 676 175 743 Quod
189 678 271 732 miser
285 693 317 730 en
332 676 447 730 lamulns
466 691 547 745 posco
562 685 590 728 tn
604 678 704 744 pertice
720 675 844 730 clemens.

100 748 141 802 Sit
153 747 217 800 mibi
231 755 301 799 recta
315 745 389 812 fides,
406 756 433 799 et
448 746 521 799 lalcis
535 746 612 799 obvia
630 745 721 798 sectis.

100 818 141 872 Sit
152 816 217 870 mihi
232 818 364 885 precipue
382 831 487 869 tuorum
501 817 633 869 eorrectio
651 828 769 883 praeseus

100 888 157 942 Sint
171 902 261 947 carus,
274 885 391 948 buurilis,
405 901 502 948 veras,
517 900 577 938 oum
590 896 709 953 tempore
720 898 846 952 praesens.

100 957 204 1012 Secrcti
217 957 322 1014 tacitus,
334 963 361 1009 et
372 956 468 1024 linguae
478 955 575 1008 lamine
587 964 690 1008 cantus.

101 1028 139 1081 Da
152 1025 233 1079 srdtrm
246 1025 360 1086 socium,
374 1025 406 1079 da
419 1024 501 1078 tirnm
512 1040 618 1094 semper
629 1025 755 1083 amicum,

100 1090 880 1163 Dablaudum,sobrium,parcum,castumqueurinistrum.
935 1130 940 1140 .

99 1164 157 1220 lion
171 1180 214 1218 me
229 1165 369 1234 pauperies
378 1165 481 1220 cruciet
492 1172 538 1219 aut
550 1163 661 1244 languor
669 1163 793 1216 obuncet.

101 1233 141 1289 sn
152 1249 243 1289 eomes
255 1234 323 1289 alma
337 1235 409 1289 salus
426 1243 453 1288 et
464 1232 621 1289 sufficieutia
641 1232 745 1298 vietus,

99 1303 196 1358 Absint
205 1304 317 1368 (dvitiae,
330 1304 424 1367 lastus,
435 1315 463 1359 et
470 1304 557 1373 jurgia
572 1303 628 1358 litis
642 1343 648 1364 ,

98 1372 219 1438 invidiae,
230 1374 320 1439 lusus,
331 1383 359 1428 et
374 1376 473 1429 ventris
484 1374 576 1443 pensio
588 1371 682 1442 turpis.

99 1443 217 1497 Crimine
228 1459 260 1498 uc
271 1445 365 1498 bellam
377 1460 548 1513 quemquam,
560 1458 609 1498 nec
623 1442 736 1496 crimine
747 1441 840 1495 laedar.

98 1512 145 1566 Sic
159 1513 226 1568 bene
240 1515 305 1568 relle
318 1530 425 1583 triveam,
443 1529 496 1583 quo
510 1528 621 1583 pravum
633 1526 711 1581 posse
726 1511 846 1565 recedat.

97 1581 140 1636 Nil
155 1591 231 1650 turpe
242 1585 358 1652 cupiant.
373 1581 481 1647 iaciant,
492 1583 532 1636 vel
543 1580 827 1652 proloquarunquaut.
840 1644 843 1649 ¹

97 1651 136 1705 'le
150 1668 227 1707 mens
237 1654 378 1716 desideret,
394 1654 482 1723 lingua
497 1662 585 1714 canat,
598 1650 667 1705 actio
678 1659 792 1720 proruat.

97 1722 147 1786 Da,
164 1721 244 1776 Pater
258 1723 413 1785 altitonans,
429 1724 560 1777 undosum
572 1721 677 1775 [letibus
687 1721 821 1781 imbrem,
899 1711 921 1771 D

98 1792 156 1856 Quo
171 1791 272 1846 valeam
283 1792 408 1861 lacrumis
416 1792 556 1860 culparum
567 1790 670 1846 solvere
683 1789 777 1844 moles.

98 1860 136 1915 Da
150 1876 256 1930 precor,
271 1863 409 1924 auxilium,
430 1862 529 1930 possim
545 1876 599 1930 quo
617 1859 725 1914 vincere
741 1859 880 1924 mnndum,

97 1929 130 1983 Et
144 1931 204 1985 vite
222 1933 337 1985 stadium
350 1932 455 2002 placido
468 1945 625 1999 percurrere
638 1945 718 1999 passu
732 1971 739 1992 ,

97 2001 216 2069 Cumque
231 2017 355 2069 suprema
370 2002 428 2055 dics
441 2010 527 2055 rnorte
541 2000 696 2068 patefecerit
713 2008 809 2053 urnam

96 2068 234 2126 Coeeetlas
252 2073 357 2125 veniam
372 2071 414 2126 cui
427 2071 497 2126 tollit
509 2071 586 2140 culpa
598 2085 736 2124 coronam.

310 2158 401 2213 Oratio
417 2159 496 2214 Dede
509 2160 658 2229 presbyteri.

133 2235 155 2292 0
169 2239 239 2292 Deus
252 2244 362 2303 aterne,
376 2238 475 2292 mundo
488 2253 550 2307 spes
565 2239 643 2293 unica
656 2239 734 2301 ritae,

98 2308 135 2361 Da
151 2309 216 2361 mihi
233 2307 388 2378 suffragium
402 2309 428 2361 in
442 2317 517 2362 tauto
530 2308 686 2363 discrimine
704 2309 809 2362 lrrnuuu
824 2349 831 2370 ‚

97 2377 135 2429 Nc
146 2391 209 2432 caro
220 2380 376 2432 succumbat
389 2378 483 2433 validis
496 2378 602 2432 infirma
615 2378 738 2449 tyrannis
750 2395 757 2443 ;

97 2447 139 2501 hle
149 2447 263 2503 similem
278 2448 372 2510 cineri,
386 2457 529 2516 ventoque,
541 2449 695 2518 uurbrequc
709 2455 862 2503 memento:

97 2518 150 2571 Sed
166 2526 217 2571 tuae
227 2528 355 2587 perpetuo
368 2519 475 2588 pietatis
488 2534 548 2587 qnae
562 2519 644 2589 fulget
658 2520 692 2572 ab
707 2534 765 2573 aevo

96 2587 225 2657 Tegmine
239 2589 283 2657 qui
299 2589 388 2643 carnis
401 2589 513 2642 veniens
526 2590 641 2644 vestitur
655 2589 689 2642 ab
701 2588 756 2643 alto

95 2658 192 2711 dorios
204 2673 267 2712 caro
281 2674 335 2727 qno
347 2668 438 2728 posset
453 2659 594 2714 devincere
608 2658 687 2713 llatus

95 2725 191 2783 Proelia
202 2729 224 2782 si
240 2730 386 2792 iternitent,
398 2730 561 2784 condamnet
572 2738 600 2785 et
614 2729 717 2784 hostica
729 2729 825 2799 salpix,

98 2795 136 2851 Te
152 2798 220 2852 duce
232 2800 330 2853 lidente
345 2799 430 2854 lacilis
444 2800 555 2853 victoria
574 2801 663 2863 ditet,

96 2866 176 2921 Liber
188 2877 217 2922 ut
231 2884 245 2921 a
259 2869 361 2938 laqueis
374 2878 426 2924 tete
439 2877 595 2938 protegente
608 2869 755 2938 profundis,

95 2935 130 2990 Et
143 2953 189 2992 rex
206 2954 301 3009 magne
314 2941 351 2993 tui
364 2939 459 2994 llorere
469 2954 518 3007 per
531 2939 603 2993 edita
619 2941 721 3008 templi.

95 3005 165 3063 Nam
179 3016 223 3063 tna
236 3017 327 3065 nostra
342 3008 400 3082 [Fu
415 3008 517 3080 noster]
532 3025 609 3064 amor
620 3010 677 3065 sitit
690 3010 759 3134 ¹speia
773 3050 780 3073 ,
800 3008 879 3066 dulce

708 3094 773 3136 ecus
793 3095 827 3135 ue

94 3147 194 3203 Audiat
208 3149 328 3220 angelico
341 3150 433 3205 dulces
447 3165 498 3219 qua
514 3148 634 3205 carmina
649 3079 751 3205 laidas.
775 3096 791 3150 q

379 3238 443 3291 ltcm
461 3239 586 3309 ejusdeut.

130 3322 195 3377 Fida
212 3338 323 3378 araneus
339 3325 444 3378 miseris
456 3325 529 3380 solus
541 3326 567 3379 in
583 3341 633 3379 ave
648 3325 737 3382 salus.

95 3393 127 3449 Et
139 3393 267 3449 lanuvium
280 3409 294 3446 a
309 3410 384 3458 uere,
399 3395 456 3448 Rex
472 3411 578 3465 magne,
597 3404 672 3452 tuere
687 3407 772 3450 tuurn.

95 3464 123 3517 st
137 3464 192 3518 sola
208 3465 356 3519 innumeris
373 3465 451 3520 obvia
466 3467 519 3518 tela
532 3475 617 3535 paret.

94 3532 230 3588 Graminis
244 3544 325 3602 utque
339 3536 420 3589 decor
434 3536 473 3590 sic
487 3551 545 3590 mea
562 3534 697 3606 ritalugit

95 3603 198 3672 Eripiat
212 3619 319 3670 semper
331 3602 435 3658 itandis
448 3606 481 3658 ab
493 3619 540 3658 ore
556 3616 640 3658 tuum.

94 3672 210 3739 Ancipiti
224 3673 380 3741 chelydrum
394 3675 512 3743 percutis
521 3690 586 3729 ense
599 3674 684 3727 lertuu

94 3742 128 3796 Et
144 3757 208 3811 vaga
222 3741 350 3810 signilero
364 3756 454 3797 vetere
467 3751 556 3797 castra
576 3744 629 3797 Deo
645 3784 653 3805 ‚

95 3811 221 3879 'l'ruxquc
236 3821 346 3865 cruenta
360 3814 424 3866 citet
439 3813 514 3866 miles
530 3813 556 3865 iu
571 3829 646 3865 arnna
664 3829 736 3876 snos,

94 3882 167 3935 b'rxa
185 3882 231 3934 tihi
250 3882 337 3936 nullus
354 3892 461 3952 pectora
478 3883 568 3937 turbat
582 3883 692 3952 hydros.

94 3952 246 4006 Alitluone
261 3968 365 4006 merear
378 3953 445 4006 lueis
460 3953 534 4006 adire
548 3953 604 4005 rias
618 3993 625 4013 ‚

95 4023 182 4090 litque
195 4024 279 4076 sacris
295 4038 420 4092 superum
434 4022 520 4077 celsus
534 4023 628 4076 adesse
644 4024 754 4087 choris,

95 4093 210 4144 tlerttcre
220 4093 351 4160 gluriliret
366 4091 425 4147 ltcta
438 4110 486 4162 per
498 4109 563 4146 arva
574 4094 669 4146 domus

95 4161 179 4217 David
190 4178 295 4231 qumque
308 4179 414 4216 sacrum
430 4174 554 4233 personet
566 4179 612 4217 ore
627 4165 718 4218 melos

307 4251 399 4306 Oratio
414 4256 498 4307 stricti
512 4255 663 4324 Augustini.

130 4331 200 4384 Deus
217 4334 400 4387 universitatis
414 4334 547 4396 ruraliter,
566 4343 661 4402 prasta
679 4334 744 4388 mihi
760 4334 877 4405 primum

591 249 763 305 terruerit
780 248 824 305 tv.
845 281 878 291 -
899 252 1065 310 tterjuttls
1084 252 1233 308 euectus

897 370 998 433 dpera
1023 365 1153 435 quidquid
1166 364 1229 418 vis:
1246 363 1292 417 sed
1311 376 1376 415 sana
1396 369 1426 415 et
1450 359 1525 428 aperi
1547 371 1627 413 aures
1641 374 1715 413 meas

1648 246 1716 302 raet

934 436 987 503 quil
1000 452 1031 489 us
1054 450 1147 489 vocem
1168 444 1241 488 tuam
1260 432 1390 486 audiam:
1408 431 1454 493 sed
1469 439 1495 484 et
1510 444 1574 483 sana
1589 438 1616 482 et
1641 430 1715 497 aperi

934 504 1026 559 oculos
1037 520 1120 568 meos,
1133 503 1230 573 quibus
1244 511 1323 556 nutus
1341 510 1400 556 tuos
1414 500 1528 555 videam.
1543 497 1637 552 Pateat
1649 498 1715 556 mihi

934 574 1048 641 pulsanti
1056 573 1137 639 jautta
1151 581 1206 626 tna.
1219 572 1357 638 Quomodo
1369 570 1400 624 ad
1415 578 1440 623 te
1455 569 1636 637 perveniatur,
1649 569 1716 626 doce

934 660 992 706 rne;
1005 644 1072 698 nihil
1093 643 1165 697 alind
1175 642 1257 696 habes
1272 657 1352 710 quam
1364 640 1546 702 voluntatem,
1561 637 1628 693 nibil
1643 637 1716 695 aliud

934 713 989 767 seio
1010 714 1060 767 uisi
1074 712 1143 766 ssuaa
1155 720 1183 766 et
1197 713 1297 766 caduca
1323 710 1470 779 spernenda
1490 724 1565 773 esse,
1594 717 1665 763 certa
1688 714 1718 765 ct

933 791 1033 836 aeterna
1066 782 1233 851 requirenda.
1259 780 1315 836 lloc
1343 779 1433 843 lacio,
1461 777 1563 843 Pater,
1583 778 1716 847 quiahoc

934 850 1020 905 solnm
1035 853 1116 916 novi,
1139 852 1185 906 sed
1199 850 1269 904 uude
1281 853 1314 904 al
1327 858 1352 905 te
1365 849 1537 918 perveniatur
1557 849 1661 917 ignoro.
1674 847 1714 902 Tu

933 921 999 975 mihi
1014 937 1145 990 suggere,
1163 933 1191 974 tu
1210 921 1341 983 ostende,
1364 930 1391 972 tn
1415 919 1541 972 viaticum
1558 918 1657 987 prebe.
1685 915 1715 971 Si

934 989 986 1044 lide
1005 1000 1031 1044 te
1047 990 1186 1045 inveniuut
1203 991 1248 1059 qui
1263 991 1296 1044 ad
1311 998 1336 1044 te
1352 987 1504 1057 relngiuut,
1526 987 1605 1041 lrdeut
1626 987 1659 1041 da
1673 987 1715 1040 :si

934 1059 1033 1113 virtute
1046 1063 1175 1115 virtutem
1196 1080 1202 1113 :
1219 1062 1241 1116 si
1257 1060 1380 1121 scientia,
1392 1057 1541 1112 scientiam.
1551 1056 1624 1124 hage
1639 1071 1715 1125 spem

934 1146 960 1181 m
975 1146 1027 1193 mc,
1040 1145 1107 1200 auge
1124 1129 1214 1194 fidem,
1232 1145 1300 1200 auge
1317 1129 1486 1183 charitatem.
1511 1127 1611 1181 Sancte
1624 1125 1714 1190 Petra,

934 1199 1070 1254 intercede
1080 1215 1130 1269 pro
1141 1200 1259 1268 peccatis
1269 1199 1346 1260 meis,
1362 1206 1454 1252 sancte
1473 1196 1565 1260 Paule,
1577 1196 1714 1250 intercede

934 1285 982 1337 pro
1007 1269 1206 1324 infirmitatibus
1225 1269 1302 1334 meis,
1327 1276 1418 1323 sancte
1440 1266 1556 1329 llndrca,
1577 1265 1715 1319 intercede

934 1354 982 1406 pro
991 1338 1105 1407 piaculis
1116 1340 1191 1401 meis,
1205 1349 1296 1394 sancte
1306 1335 1414 1401 lacobe,
1429 1336 1563 1391 intercede
1574 1349 1622 1404 pro
1636 1334 1714 1389 malis

934 1409 1012 1473 meis,
1026 1418 1117 1464 sancte
1127 1407 1255 1473 ioannes,
1268 1417 1372 1462 amator
1387 1405 1503 1470 Domini,
1517 1402 1654 1459 intercede
1662 1419 1713 1473 pro

934 1478 1093 1534 nriserrimis
1114 1477 1193 1533 iactis
1210 1479 1288 1542 meis,
1310 1485 1402 1533 sancte
1424 1475 1554 1596 Philippp,
1576 1471 1714 1527 intercede

933 1563 982 1616 pro
996 1548 1071 1603 vanis
1082 1549 1287 1617 cogitationibus
1301 1547 1383 1610 meis,
1405 1556 1497 1599 sancte
1539 1542 1714 1605 artholomee,

935 1617 1069 1672 intercede
1083 1635 1131 1689 pro
1147 1618 1304 1672 criuriniltus
1321 1618 1394 1678 meis,
1408 1623 1500 1669 sancte
1515 1613 1649 1678 llatthaee,
1665 1625 1715 1680 pro

935 1687 1121 1756 iniqnitati'..us
1135 1688 1210 1747 meis,
1228 1697 1320 1741 sancte
1332 1686 1444 1749 Tlroma,
1459 1682 1595 1739 iuteroede
1607 1696 1656 1752 pro
1667 1681 1715 1736 de·-

934 1756 1004 1811 lictis
1026 1759 1103 1822 meis,
1116 1768 1209 1812 saincte
1223 1754 1331 1818 lacobe,
1348 1754 1484 1808 intercede
1498 1768 1547 1822 pro
1567 1751 1716 1806 sceleribus

934 1828 1013 1891 meis,
1021 1836 1113 1882 sancte
1125 1824 1242 1891 Thadce,
1253 1826 1387 1880 intercede
1398 1839 1446 1892 pro
1456 1820 1718 1892 transgressionibus

933 1897 1011 1961 meis,
1026 1907 1117 1951 sancto
1132 1895 1234 1958 Simon,
1247 1894 1383 1949 intercede
1395 1909 1443 1962 pro
1456 1888 1716 1947 omuibusvanitati-

933 1965 983 2021 bus
1009 1967 1093 2030 rneis,
1116 1974 1207 2021 saurcte
1231 1965 1352 2027 Matthia,
1379 1961 1515 2017 intercede
1528 1976 1578 2031 pro
1601 1958 1720 2017 occultis

933 2037 1009 2090 meis.
1022 2035 1139 2091 Obsecro
1152 2052 1199 2090 vos
1208 2051 1302 2090 omnes
1312 2034 1446 2102 apostolos
1457 2030 1567 2096 Christi,
1580 2047 1627 2101 per
1640 2045 1715 2084 com-

934 2106 1153 2160 memorationem
1171 2115 1298 2167 restram,
1318 2114 1345 2158 ut
1361 2104 1425 2156 nrilri
1438 2116 1515 2156 servo
1528 2110 1619 2155 vestro
1632 2099 1714 2154 misc-

933 2176 1044 2229 reamini
1057 2214 1065 2238 ,
1076 2182 1104 2230 et
1119 2191 1160 2228 rue
1172 2176 1198 2228 in
1218 2176 1290 2228 omni
1316 2173 1475 2227 necessiarte
1487 2170 1620 2241 adjutorio
1638 2170 1715 2238 atlju-

932 2245 1010 2298 vetis.
1034 2244 1109 2311 llogo
1136 2258 1231 2298 norem
1256 2242 1365 2298 ordinas
1385 2241 1561 2312 angelorum,
1582 2239 1713 2309 angelos,

933 2314 1118 2384 archangelos,
1133 2311 1432 2382 rirtntcs,principatus,
1448 2316 1612 2379 potestates,
1628 2307 1715 2362 dorni·

933 2384 1064 2447 nationes,
1077 2384 1197 2445 thronos,
1211 2382 1359 2445 cherubim,
1378 2390 1404 2435 et
1418 2380 1564 2449 seraphim,
1584 2388 1613 2433 ut
1630 2378 1714 2433 inter-

932 2453 1034 2508 cedatis
1047 2470 1094 2522 pro
1106 2468 1158 2512 rue.
1171 2451 1247 2506 utsii
1260 2452 1324 2505 milri
1347 2450 1479 2520 propitius
1493 2449 1618 2503 Christus
1630 2447 1715 2502 Filius

933 2524 979 2578 Dei
995 2524 1059 2586 viri,
1076 2532 1103 2577 ct
1118 2523 1327 2577 nriscricorliam
1342 2523 1399 2592 ejus
1412 2520 1538 2588 consequi
1551 2534 1657 2573 merear
1671 2517 1716 2573 bic

931 2603 958 2648 et
972 2596 998 2647 iu
1017 2593 1114 2647 tuturo.
1132 2592 1249 2647 Obsecro
1263 2592 1371 2645 diritius
1394 2590 1522 2645 bonitatis
1537 2598 1600 2652 ttrae,
1613 2598 1639 2643 et
1654 2587 1714 2640 lou-

949 2665 1095 2718 auirnitatis
1110 2673 1172 2725 tuat,
1187 2671 1214 2716 et
1227 2663 1361 2730 patientie
1374 2670 1436 2726 ture,
1450 2659 1512 2714 lesu
1533 2658 1650 2722 Christe,
1666 2657 1716 2712 Fili

931 2680 979 2791 {lei
995 2735 1064 2797 riri,
1086 2733 1209 2787 Salvator
1221 2742 1249 2786 ct
1264 2732 1425 2800 Redemptor
1446 2729 1559 2793 muudi,
1574 2739 1604 2783 ut
1622 2729 1715 2798 propi-

932 2805 985 2859 tius
996 2803 1045 2858 lras
1059 2805 1125 2859 utihi
1139 2804 1290 2873 peccatori,
1309 2802 1355 2873 qni
1370 2818 1423 2857 non
1436 2800 1477 2856 ris
1488 2809 1601 2854 mortem
1618 2814 1719 2868 peccas

931 2875 1014 2944 toris,
1038 2874 1085 2929 sed
1108 2882 1138 2928 ut
1159 2882 1331 2929 convertatur
1344 2881 1371 2927 et
1385 2872 1467 2925 vivat.
1490 2869 1548 2924 Non
1561 2869 1717 2939 exstingues

932 2943 1014 3001 linum
1039 2945 1105 2999 inuri
1123 2951 1214 2998 autem
1233 2950 1261 2997 et
1289 2941 1448 2997 arundinem
1476 2949 1630 3010 quassatam
1663 2952 1721 2991 noo

931 3013 1094 3084 ooulringes.
1135 3029 1166 3069 ac
1180 3028 1222 3068 me
1233 3014 1303 3068 sicut
1316 3027 1398 3066 uuum
1416 3011 1450 3066 de
1461 3009 1635 3065 mercenariis
1652 3006 1714 3072 tuis,

891 3065 915 3127 0
931 3093 961 3140 ut
972 3083 1100 3138 efficiare
1115 3084 1186 3138 tede
1201 3099 1279 3138 servo
1294 3082 1406 3145 amicus,
1422 3088 1449 3134 et
1461 3080 1507 3134 ilat
1517 3079 1641 3133 voluntas
1657 3083 1713 3142 lua,

931 3154 1001 3209 siem
1011 3155 1038 3208 in
1052 3150 1121 3210 coelo
1135 3162 1161 3207 et
1175 3153 1201 3209 in
1216 3162 1298 3208 terra.
1312 3150 1350 3206 Da
1362 3151 1438 3217 mihi,
1450 3150 1573 3214 Domine,
1586 3162 1715 3217 compun-

931 3224 1047 3280 ctionem
1061 3224 1151 3279 oordis
1173 3231 1200 3278 et
1221 3222 1373 3293 lacrymas,
1394 3229 1423 3277 nt
1441 3218 1552 3276 delleam
1572 3218 1667 3274 diebus
1684 3232 1717 3275 ao

931 3295 1054 3350 noctibus
1066 3308 1160 3349 omues
1170 3293 1226 3348 dies
1237 3292 1404 3362 negligentiae
1414 3307 1480 3346 meae
1489 3305 1549 3346 curn
1564 3286 1723 3344 bumilitate·

930 3372 958 3418 et
973 3365 1089 3434 puritate
1102 3364 1228 3419 cordiset
1241 3363 1382 3418 charitate.
1396 3361 1543 3484 hppropiet
1553 3359 1641 3415 oratio
1654 3373 1713 3412 mea

931 3435 958 3490 in
969 3443 1113 3503 conspectu
1128 3445 1185 3498 tun,
1201 3433 1322 3487 Domine.
1339 3432 1370 3486 Si
1382 3433 1466 3486 iratus
1491 3429 1572 3493 ueris,
1592 3429 1717 3492 Domine,

930 3504 1072 3559 adversum
1083 3520 1136 3567 me,
1151 3518 1230 3572 quem
1243 3502 1391 3570 adjutorem
1409 3516 1511 3570 quaero,
1527 3507 1572 3552 aet
1586 3500 1647 3568 quis
1666 3496 1716 3552 mi-

929 3574 1065 3629 serebitur
1078 3572 1278 3628 inllrmitatibus
1292 3572 1375 3627 meis?
1399 3570 1532 3626 Memento
1555 3569 1626 3638 quod
1645 3569 1716 3623 Cha-

930 3660 1051 3699 nauaeam
1068 3654 1096 3700 et
1115 3645 1287 3714 publicanum
1305 3641 1407 3697 vocasti
1421 3642 1453 3694 ad
1467 3640 1651 3710 paenitentiam
1665 3679 1672 3702 ,
1687 3646 1715 3692 ct

930 3714 1038 3768 Petrum
1048 3715 1238 3783 lacrymantem
1248 3710 1614 3781 suscepisti,clementissime
1624 3708 1720 3767 Pater..

930 3784 968 3836 sic
984 3793 1011 3837 et
1024 3798 1098 3836 meas
1122 3783 1258 3835 orationes
1281 3782 1397 3849 suscipe,
1420 3779 1573 3832 misericors
1591 3778 1670 3839 Dens,
1688 3783 1721 3830 ct·

930 3852 1001 3904 salva
1014 3867 1056 3905 me
1069 3850 1200 3912 Salvator,
1215 3851 1317 3913 mnndi,
1332 3851 1377 3917 qui
1393 3849 1460 3903 viris
1471 3856 1498 3901 et
1514 3862 1613 3915 reginas
1625 3847 1652 3902 in
1666 3863 1722 3903 sse-1

929 3921 988 3974 cula
1003 3920 1171 3974 sacellorum.
1188 3920 1283 3972 Atueu.

1216 4028 1281 4082 lteut
1297 4028 1422 4098 ejusdem,

965 4121 1043 4175 Salva
1061 4137 1112 4183 mc,
1129 4119 1254 4181 Domine,
1271 4134 1315 4173 rer
1336 4127 1443 4173 att-rnre
1457 4120 1563 4190 glirrim,
1580 4121 1624 4190 qui
1641 4123 1715 4176 sulus

929 4205 1005 4263 pates
1015 4191 1129 4247 salvare.
1144 4191 1181 4243 Da
1191 4190 1255 4244 mihi
1269 4197 1296 4243 et
1307 4190 1375 4246 velle
1388 4200 1415 4243 et
1427 4191 1534 4260 operari
1546 4201 1572 4244 et
1586 4193 1714 4259 perlicere

928 4280 988 4332 quae
1001 4262 1048 4317 tibi
1062 4260 1169 4332 placent
1185 4268 1212 4312 et
1231 4259 1295 4313 mihi
1315 4261 1469 4332 expediunt.
1486 4261 1522 4314 Da
1536 4261 1562 4314 in
1578 4264 1723 4329 perturba--

930 4337 1001 4389 tione
1013 4341 1040 4388 et
1058 4331 1229 4387 trilmlatioue
1240 4331 1385 4395 atrnilintn,
1404 4332 1429 4384 in
1445 4333 1630 4400 persecutione
1644 4333 1714 4386 sola·

93 4409 124 4455 ut
137 4410 162 4455 te
175 4401 242 4455 bene
257 4418 358 4470 rogem,
375 4404 469 4457 deimle
484 4413 513 4456 ut
533 4419 574 4457 me
588 4419 652 4470 agas
665 4403 774 4473 dignum
796 4421 874 4474 quem
890 4416 914 4474 ι)
928 4406 1003 4467 tium,
1022 4413 1048 4457 et
1063 4403 1089 4457 in
1103 4403 1308 4472 omnitempore
1328 4401 1483 4457 tentationis
1500 4403 1636 4456 virtutem.
1654 4402 1712 4456 Tri·

93 4469 201 4533 liberes,
217 4475 386 4540 postumium
402 4484 431 4529 ut
445 4474 551 4529 liberes.
566 4475 654 4536 Dens,
671 4475 747 4544 cujus
764 4491 813 4529 uos
831 4491 876 4529 en·

94 4541 161 4595 citat
185 4542 250 4596 tiles
264 4584 271 4607 ,
287 4560 347 4613 spes
361 4546 440 4626 erigit
456 4585 463 4610 ,
479 4547 597 4600 extrarius
607 4544 695 4614 jungit
710 4563 716 4599 :
733 4546 812 4608 Deus,
827 4561 876 4615 per

94 4627 173 4680 quem
187 4614 317 4668 vincimus
338 4615 488 4678 irrirnrcnrrr,
516 4625 542 4670 te
562 4616 701 4684 deprecor,
723 4617 805 4677 Deus,
828 4632 875 4685 per

93 4697 172 4750 quent
187 4684 334 4752 accipimus
356 4702 388 4738 ue
412 4687 521 4739 onrnino
531 4702 683 4755 pereamus.
698 4687 777 4749 Deus,
792 4702 806 4738 a
821 4701 874 4754 quo

94 4754 269 4807 aduronernur
292 4765 321 4808 ut
343 4755 503 4824 rigilcnnrs;
520 4757 599 4818 Deus,
623 4771 670 4825 per
703 4772 762 4809 uem
776 4757 873 4810 benaa

93 4822 171 4875 malis
185 4840 344 4892 speramus;
361 4825 432 4880 Deus
444 4841 492 4893 per
506 4842 584 4895 quem
599 4829 668 4878 urala
683 4771 824 4895 ingimus',
847 4834 874 4879 et

92 4891 162 4972 horta
176 4894 329 4962 sequimur3
341 4896 421 4959 Deus,
436 4911 573 4964 perquem
584 4912 635 4949 uon
647 4895 768 4950 laedimur
778 4897 873 4950 adver-

93 4963 233 5028 sitatibus3
250 4965 320 5018 Deus
335 4983 381 5034 per
394 4981 473 5035 quem
487 4965 694 5019 beneservimns
708 4975 734 5019 et
745 4967 814 5020 bene
826 4967 876 5021 do-

92 5032 244 5113 rrrjtunnur3
259 5035 339 5101 Deus,
355 5051 494 5105 perquem
507 5036 632 5097 dicimus,
647 5034 733 5088 aliena
744 5050 803 5091 esse
812 5050 872 5104 qnae

92 5101 235 5170 ahquandn
246 5115 337 5160 nostra
348 5115 376 5160 rt
388 5116 478 5160 nostra
491 5121 551 5159 esse
562 5121 621 5174 quae
632 5104 774 5174 aliquando
783 5106 871 5160 aliena

103 5175 263 5240 urtalramus,
279 5177 385 5238 exandi,
401 5177 508 5238 errandi,
521 5176 618 5228 exaudi
633 5190 687 5238 mer,
704 5174 773 5228 Deus
784 5191 869 5240 mens,

106 5245 205 5298 lurrriue
218 5261 312 5307 tricus,
328 5245 381 5298 lira·
395 5261 481 5305 triens.
495 5245 574 5299 l‘ater
587 5261 662 5298 meus
674 5284 681 5309 ,
694 5259 774 5297 eausa
789 5262 846 5298 trrea
860 5286 867 5306 ,

92 5327 135 5365 res
150 5330 221 5377 ritca,
241 5315 326 5368 bonor
342 5330 427 5377 tuitus,
440 5316 534 5369 doinus
550 5332 620 5376 mea,
635 5314 723 5383 patria
743 5329 812 5372 ntea.
829 5332 872 5369 sa-

91 5380 133 5435 lus
147 5398 215 5448 raca,
227 5384 270 5436 lux
284 5400 354 5446 urea,
368 5385 421 5438 rita
437 5400 507 5446 inea,
518 5385 625 5448 eraudi,
649 5384 757 5447 extrudi,
773 5384 871 5439 esatnli

93 5466 144 5510 ure,
161 5453 283 5514 Domine,
297 5469 371 5507 nime
387 5464 433 5508 tuo
445 5453 490 5507 illo
502 5455 594 5522 paneis
605 5455 754 5509 notissimo.
770 5452 829 5510 lam
846 5464 874 5509 te

92 5519 179 5574 solum
196 5536 267 5585 amo,
282 5531 307 5576 te
321 5523 406 5578 solnm
424 5539 533 5592 sequor,
549 5534 575 5579 te
588 5524 674 5579 solum
697 5540 798 5594 quaero,
823 5523 873 5579 dtd

92 5590 150 5671 soli·
166 5592 268 5645 servire
282 5604 390 5661 paratus
404 5610 462 5649 sum
477 5634 484 5657 ,
499 5595 561 5673 quia
576 5602 604 5648 tu
616 5594 689 5649 solus
697 5595 769 5665 juste
783 5594 871 5649 domi·

93 5677 176 5717 naus.
192 5661 243 5719 'lui
253 5661 321 5733 jtuis
333 5680 392 5720 csse
409 5664 497 5735 cupio,
509 5665 584 5732 Julrc,
600 5680 699 5735 queso,
721 5673 800 5736 atque
821 5664 873 5720 int·

928 4477 979 4530 bue
989 4474 1055 4528 mihi
1066 4474 1099 4528 de
1109 4475 1256 4542 praeteritis
1271 4474 1347 4528 malis
1361 4472 1476 4535 veniam,
1491 4471 1524 4525 de
1535 4473 1712 4541 presentibus

929 4546 1000 4600 vitiis
1014 4544 1245 4603 ernendationcm.
1267 4544 1299 4598 de
1321 4542 1600 4610 laturisqnepeecatis
1621 4540 1717 4612 largiri-

928 4615 1046 4683 digneris
1060 4616 1218 4670 custodiam.
1232 4615 1301 4667 Deus
1311 4614 1357 4683 qui
1370 4613 1498 4682 praescius
1510 4627 1538 4665 es
1548 4611 1718 4678 lttturornru,

927 4687 973 4755 qui
986 4693 1120 4740 transacta
1135 4685 1207 4738 velut
1221 4685 1359 4754 praesentia
1374 4683 1517 4751 conspicis,
1533 4691 1571 4746 tu,
1588 4682 1718 4744 Domine,

927 4755 1019 4811 oeulos
1033 4757 1121 4810 cordis
1136 4756 1188 4808 mei
1202 4754 1308 4822 aperire
1325 4754 1450 4823 dignare,
1471 4760 1498 4805 ct
1517 4753 1710 4820 acceptabilem

926 4827 974 4881 tibi
995 4828 1038 4880 lac
1054 4827 1170 4878 animam
1184 4839 1282 4886 meam,
1298 4832 1327 4877 ut
1339 4836 1444 4891 serrtper
1458 4831 1519 4876 tuus
1529 4837 1605 4875 arum
1617 4832 1710 4893 pectus

925 4911 1015 4950 ureutu
1031 4896 1192 4956 inllammet,
1217 4901 1244 4947 et
1265 4909 1313 4962 per
1332 4894 1402 4947 diem
1416 4901 1506 4947 tecum
1527 4893 1562 4946 sit
1583 4892 1713 4946 labulatio

923 4982 995 5032 mea,
1012 4976 1040 5021 ct
1056 4981 1103 5034 per
1120 4973 1226 5019 noctem
1243 4963 1422 5019 visitationem
1439 4973 1510 5017 trram
1525 4978 1683 5032 cognoscam
1702 4980 1708 5015 ε

923 5039 986 5107 quia
1009 5035 1096 5091 dulcia
1112 5044 1175 5089 sunt
1193 5035 1298 5103 eloquia
1313 5044 1377 5092 tua.
1400 5034 1522 5097 Domine,
1545 5035 1572 5086 in
1588 5032 1712 5087 lancibus

922 5109 1008 5171 aneis,
1024 5106 1128 5174 suscipe
1142 5106 1264 5174 spiritum
1281 5120 1371 5158 aretam
1386 5104 1414 5157 in
1429 5112 1473 5156 tna
1489 5113 1618 5173 perpetua
1633 5118 1708 5171 pace.

924 5177 961 5231 Te
976 5179 1084 5239 iuroeo,
1101 5175 1224 5239 lloutiue,
1239 5175 1283 5228 cui
1303 5175 1433 5228 assistunt
1446 5189 1541 5227 ornares
1555 5172 1630 5226 chori
1652 5189 1712 5227 san·

922 5256 1045 5310 ctorum,
1062 5254 1089 5299 et
1102 5245 1251 5315 glorificant
1265 5260 1327 5298 cum
1346 5244 1441 5299 timore
1454 5252 1482 5297 et
1502 5252 1618 5298 tremore
1633 5261 1639 5295 :
1656 5244 1713 5298 noli

925 5317 1109 5386 derelinquere
1127 5314 1244 5368 auiumm
1262 5329 1367 5378 meam,
1390 5323 1491 5368 utnon
1510 5313 1664 5367 dominetur
1684 5314 1711 5368 ei

924 5401 1004 5455 quem
1018 5393 1045 5439 tu
1063 5384 1206 5441 confudisti
1220 5384 1393 5437 indesiderio
1408 5393 1463 5437 tuo.
1484 5382 1522 5437 Te
1538 5383 1633 5437 iuveoo
1647 5383 1708 5436 illu«

924 5457 1083 5510 minatorem
1097 5454 1236 5509 homiuum
1247 5461 1276 5508 et
1285 5454 1446 5507 salvatorem
1460 5461 1487 5508 et
1501 5451 1706 5521 redemptorem.

922 5524 1015 5580 Clanio
1035 5525 1067 5579 atl
1082 5534 1117 5590 te,
1133 5523 1304 5587 exaudime,
1324 5521 1495 5585 Domiuc,.rt
1509 5523 1583 5577 solve
1601 5523 1709 5577 viruada

923 5604 1093 5663 peecatorum
1108 5607 1245 5661 meortnu,
1261 5593 1287 5646 in
1305 5592 1407 5662 quilnrs
1419 5593 1581 5648 cotrstrictus
1600 5602 1711 5660 teneor,

922 5665 968 5735 qni
983 5681 1043 5719 curn
1056 5663 1152 5731 Patre,
1161 5673 1214 5719 etc.
