3780 6120
166 252 215 307 aot
580 251 610 306 B.
630 251 660 306 F.
679 252 793 307 aloini
813 251 877 307 SEU
897 249 1033 305 attolat
1058 248 1198 303 ot’tjttt'tt
1219 249 1307 304 ottus
1326 249 1367 303 lil.
1740 249 1794 303 23⁸2

166 363 319 419 habitamus
330 365 398 421 inter
409 380 510 421 seiros.
522 367 555 421 Et
565 367 608 421 ille
617 376 670 431 est,
682 384 734 422 non
747 366 883 437 inquibus
895 381 951 428 nos,
968 369 991 424 Α
1005 361 1089 431 ipsum
1102 362 1243 415 erinonirit
1257 362 1370 430 [ormino
1384 363 1450 415 acrei
1463 362 1606 463 suscipiens
1630 359 1741 432 (Philip.
1762 377 1794 425 u,

166 455 213 510 ned
234 464 329 509 natura
352 470 415 509 rere
437 455 530 523 Filius,
546 467 573 512 ct
591 459 711 512 omniunt
725 459 862 512 Dominus.
880 476 888 508 x
905 455 954 509 rlt-
1007 451 1044 522 6).
1067 453 1133 506 litut
1152 460 1182 506 ut
1202 466 1283 505 unam
1299 451 1454 505 Ostendes&
1475 468 1502 505 ¹¹¹
1515 450 1624 506 Chl¹S²⁰
1637 467 1795 522 D0ffl0¹¹²¹¹¹s

168 544 247 599 tende
269 545 423 615 diligentius
448 548 583 616 quomodo
608 550 735 603 discrevit
758 549 828 603 inter
857 558 955 603 nostrae

167 637 317 706 adoptionis
329 639 497 708 dignitatem,
512 650 539 694 et
552 642 700 696 naturalem
720 644 746 696 in
759 642 867 698 Christo
886 644 954 700 Filio

167 725 225 795 oet,
253 729 298 797 qui
324 745 357 783 ex
378 729 485 800 Virgine
510 740 589 786 natus
615 741 676 795 cst,
704 735 843 788 reritatcm
859 752 865 785 :
883 737 954 804 quod

166 820 254 874 adhuc
274 822 456 891 perspicacius
477 824 504 877 in
529 826 702 893 sequentibus
729 842 790 880 mox
811 828 953 882 ostendere

166 909 293 961 curarit:
313 910 483 975 «Quocirca,
508 912 642 981 iuquiens.
668 930 700 968 ex
721 916 824 971 duabus
843 918 950 986 quidem

165 998 245 1051 rebus
258 997 449 1062 indubitanter,
463 1001 602 1056 divinitate
612 1012 640 1057 et
653 1005 830 1071 humanitate,
844 1009 952 1062 Eruma·

164 1083 226 1136 nuel
248 1093 298 1137 cst.
324 1086 514 1141 Verumtamen
532 1105 601 1144 unus
622 1091 751 1146 Dominus
773 1090 851 1148 lesus
872 1094 950 1149 Chri-

166 1180 233 1235 stus,
250 1188 372 1242 unusque
391 1183 418 1229 et
436 1191 500 1230 rere
519 1176 612 1243 lilius,
627 1179 699 1234 Deus
718 1182 799 1236 simul
814 1191 841 1237 et
855 1184 948 1248 bomo;

162 1266 190 1315 et
200 1277 252 1316 tron
265 1263 345 1318 horuo
358 1264 429 1320 Deus
442 1265 539 1333 lactus,
553 1269 603 1323 sub
614 1272 768 1339 aeqttalitate
782 1273 887 1336 horum,
902 1277 949 1344 qui

161 1367 210 1421 per
219 1354 349 1424 gratiaur;
369 1357 416 1410 sed
429 1356 501 1413 Deus
513 1360 603 1427 potius
624 1377 712 1415 verus.
732 1382 741 1414 x
759 1363 835 1428 Vide,
855 1365 949 1430 lector,

161 1450 189 1495 et
202 1442 320 1512 intellige
334 1461 415 1514 quam
426 1447 585 1503 lidueialiter
594 1450 731 1506 Christum
748 1454 774 1507 ln
787 1454 891 1510 duabus
902 1472 950 1510 na-

162 1536 230 1589 turis
243 1536 368 1601 aDlrmat,
383 1540 454 1607 quod
469 1540 505 1595 sit
519 1557 588 1596 otrus
605 1551 633 1596 et
646 1542 729 1600 Filius
743 1547 826 1601 etiam
846 1558 874 1602 et
886 1563 949 1602 rere

162 1626 243 1691 Deus,
267 1643 321 1681 nou
345 1631 492 1685 secundnm
512 1633 625 1702 gratiam
648 1636 719 1690 sicut
740 1652 799 1693 nos.
822 1638 946 1704 attende,

1005 543 1058 596 alio
1084 542 1142 597 loeo
1157 543 1213 596 ait:
1228 541 1262 594 m
1284 558 1330 610 ego
1351 533 1374 594 si
1393 542 1456 612 quid
1476 542 1581 607 denuoi,
1604 545 1632 601 in
1655 560 1794 613 percoctam

1005 632 1102 688 Christi
1118 634 1214 687 donari
1229 632 1271 703 (ll
1287 630 1348 686 Cor.
1367 649 1398 698 u,
1419 634 1502 704 ld).o
1522 652 1530 684 r
1546 635 1606 705 Egit
1625 636 1698 690 enim
1720 645 1795 692 utra-

1004 739 1056 793 quc
1071 725 1156 779 lorma
1172 739 1233 780 cum
1249 723 1361 777 alterius
1375 726 1572 786 communione,
1588 733 1618 780 ut
1630 726 1726 782 beatus
1739 727 1795 785 Leo

1004 815 1053 879 ait,
1076 815 1147 883 quod
1171 814 1310 884 proprium
1331 820 1373 867 est
1387 814 1478 879 Verbi,
1494 815 1583 870 Verbo
1605 816 1710 871 scilicet
1729 831 1795 887 ope·

1003 914 1091 967 rante,
1112 906 1183 975 qnod
1199 905 1280 959 Verbi
1296 912 1347 969 cst,
1363 920 1444 960 carne
1458 914 1633 974 exsequente,
1648 907 1719 976 quod
1733 922 1796 962 car·

1002 996 1046 1049 nis
1057 1003 1108 1049 est.
1123 995 1212 1050 Unum
1226 995 1322 1049 horum
1338 1004 1463 1050 coruscat
1477 996 1626 1061 miraculis,
1642 996 1715 1057 alivi
1731 1014 1794 1055 suc-

1002 1085 1104 1139 cumbit
1125 1083 1237 1152 injuriis.
1254 1085 1287 1138 Et
1301 1085 1370 1139 sieut
1384 1085 1502 1140 Verbum
1522 1086 1557 1141 ab
1576 1089 1730 1156 equalitate
1741 1104 1793 1160 pa-

1002 1185 1086 1229 ternae
1110 1175 1200 1244 gloriae
1223 1191 1276 1228 non
1302 1174 1413 1239 recedit,
1441 1177 1478 1231 ita
1499 1176 1586 1249 [caro]
1611 1187 1639 1232 et
1665 1189 1792 1237 naturam

1001 1264 1087 1318 nostri
1101 1265 1207 1333 generis
1222 1281 1273 1318 non
1293 1265 1410 1332 reliquit.
1424 1265 1500 1321 Unus
1514 1268 1586 1322 euim
1600 1268 1724 1339 idemque
1737 1279 1792 1337 est,

1000 1354 1071 1422 quod
1086 1369 1156 1423 sepe
1174 1356 1317 1410 dicendum
1338 1363 1391 1421 est,
1410 1371 1474 1410 rere
1496 1357 1542 1411 Dei
1562 1358 1657 1424 Filius,
1679 1369 1707 1415 et
1728 1376 1794 1418 rere

1000 1445 1118 1501 hominis
1132 1447 1212 1502 silius.
1229 1468 1238 1499 x
1256 1448 1394 1502 Videtisne
1419 1450 1491 1518 qnod
1515 1450 1609 1504 beatiss
1626 1451 1681 1507 Leo
1693 1453 1790 1521 praeci·

999 1551 1068 1605 puus
1082 1536 1221 1591 catholicae
1236 1537 1295 1592 hdci
1311 1538 1410 1592 Ductor
1421 1553 1514 1593 rerum
1530 1538 1576 1595 Dei
1591 1540 1688 1597 Filium
1710 1541 1792 1598 Chri·

999 1634 1070 1681 stum
1086 1629 1239 1693 conlitetur,
1254 1636 1281 1682 et
1292 1644 1386 1683 xerunt
1405 1630 1522 1684 bominis
1533 1630 1635 1685 hlium?
1649 1631 1699 1687 Ubi
1716 1633 1792 1689 iure·

161 1719 320 1774 subsecutus
333 1722 390 1776 aql:
407 1740 416 1771 ί
431 1722 521 1777 palam
543 1740 607 1794 ergo
627 1735 681 1792 352,
701 1729 764 1799 quja
779 1732 890 1786 „nimus
906 1749 949 1788 ,es
966 1708 986 1765 tl
1001 1717 1080 1772 nistis
1096 1718 1122 1771 in
1138 1719 1254 1773 humana
1267 1734 1329 1773 eum
1343 1733 1402 1774 esse
1414 1730 1510 1774 natura
1525 1722 1679 1791 adoptivum
1693 1723 1789 1791 silium,

160 1820 296 1881 assumpta
310 1815 465 1868 necessario
476 1815 584 1884 quidem
598 1820 735 1888 proprium
747 1820 844 1878 Filium
858 1825 948 1879 decla-

161 1902 231 1955 rarit
243 1902 301 1968 Dei,
318 1906 363 1973 qni
382 1921 415 1959 ex
439 1916 533 1961 sancta
546 1909 656 1980 Virgine
669 1921 742 1967 est.»
759 1913 836 1979 item,
851 1923 881 1968 ut
899 1917 948 1971 ad-

161 1994 272 2047 versarii
291 1995 445 2050 destrueret
459 1998 541 2063 dieta,
556 2003 692 2056 contrario
701 2005 791 2072 posuit
807 2021 950 2075 argumen-

160 2091 237 2137 tum:
256 2103 265 2134 r
283 2084 335 2141 Sed
357 2087 380 2140 si
404 2096 445 2141 est
467 2088 602 2154 Christus,
627 2092 728 2162 inquit,
757 2110 844 2165 neque
866 2097 949 2153 Filius

160 2188 231 2237 rere,
250 2191 337 2245 neque
358 2179 520 2233 naturaliter
541 2181 622 2247 Deus,
638 2185 685 2238 sed
707 2187 787 2240 honio
808 2201 891 2257 purus
906 2204 949 2244 se·

159 2266 273 2320 enudurn
285 2281 344 2330 uoS,
360 2277 388 2321 et
402 2269 552 2326 divinitatis
561 2287 707 2342 organum3
732 2277 827 2333 salrati
839 2280 948 2349 quidem

159 2370 251 2412 sitinus
265 2373 317 2413 non
331 2358 359 2413 in
372 2358 428 2414 Deo
442 2361 650 2429 quodammodo,
674 2367 721 2421 sed
742 2366 769 2421 in
791 2384 844 2423 uno
863 2370 949 2439 inagis

159 2447 305 2503 secundum
329 2464 389 2514 nos,
416 2451 549 2506 moriente
566 2468 617 2522 pro
641 2457 728 2522 nobis,
748 2465 775 2512 et
801 2459 947 2514 uirtutibus

159 2539 252 2595 alienis
278 2543 526 2598 resuscitatori]
548 2547 576 2600 in
598 2546 651 2602 sine
674 2549 831 2604 eorumdem
845 2566 948 2605 sermo-

158 2643 221 2682 num
238 2643 245 2682 :
264 2629 406 2687 «Colimus
421 2642 511 2688 autern
526 2651 578 2690 non
592 2653 689 2707 purum
703 2639 850 2706 hominem,
865 2640 944 2695 absit!

156 2716 204 2772 sed
226 2718 310 2773 Deum
330 2722 419 2791 potius
442 2726 613 2795 naturaliter,
638 2745 691 2783 non
715 2731 869 2801 ignorantes
888 2733 947 2805 ejus

157 2806 281 2876 gloriam,
295 2809 358 2864 licet
369 2809 458 2868 lactus
470 2816 514 2870 sit.
531 2836 540 2869 x

193 2937 246 2992 Vll.
267 2937 336 3004 Quid
350 2957 418 3011 opus
434 2952 477 2999 est
494 2945 571 3015 plura
590 2948 714 3019 excipere
728 2953 846 3024 ejusdem
861 2955 944 3013 libelli

156 3027 320 3093 testimonia,
337 3030 400 3085 dum
415 3032 442 3086 in
457 3033 593 3105 Eplreslna
613 3039 722 3095 eixitate
743 3043 778 3098 ad
792 3045 843 3099 hnc
857 3046 943 3117 ipsum

155 3128 304 3174 conuentus
315 3123 485 3179 sacerdotum
496 3126 596 3184 Christi
610 3146 642 3185 ex
657 3131 771 3191 dirersis
782 3140 873 3194 mundi
884 3155 946 3210 par-

157 3211 228 3266 tibus
240 3214 373 3270 adunatus
387 3225 438 3282 est,
454 3226 482 3272 ut
496 3219 646 3278 destrueret
661 3225 730 3281 haue
747 3227 834 3299 ipsam
848 3231 945 3302 iniqui-

156 3302 220 3356 tatis
235 3313 346 3368 sectam,
360 3305 385 3360 in
399 3323 452 3376 qua
465 3325 513 3364 ros
528 3328 589 3367 cum
601 3314 727 3372 Nestorio
741 3320 861 3376 irretitos
874 3338 943 3390 csse,

154 3390 227 3445 nulla
237 3402 279 3447 est
294 3393 426 3452 dubitatio
441 3412 448 3451 ε
462 3401 534 3467 qnod
548 3405 699 3461 certissime
715 3406 835 3474 ejusdem
850 3414 944 3483 synodi

154 3482 260 3538 litteras
270 3484 391 3554 legentes
402 3504 549 3560 agnoscere
563 3495 686 3562 potestis,
697 3499 720 3552 si
732 3498 821 3569 aliqua
834 3502 861 3556 in
870 3503 945 3558 robis

154 3576 295 3632 rationalis
308 3590 440 3636 creaturae
456 3585 588 3653 particula
600 3592 769 3646 reuianserit.
784 3594 841 3651 lloe
857 3598 943 3654 solum

153 3668 231 3722 robis
246 3678 331 3725 restat
346 3675 469 3740 remedii,
485 3685 514 3730 ut
528 3682 694 3738 tutamentis
707 3685 847 3744 alacritate
860 3691 943 3746 relin-

153 3762 243 3831 quatis
268 3762 453 3822 infidelitatem
478 3769 548 3826 illius
569 3772 685 3830 Nestorii
706 3787 787 3848 atque
808 3790 942 3851 vestram,

153 3863 214 3919 qnae
235 3853 327 3920 procul
349 3855 431 3908 dubio
451 3871 484 3912 ex
509 3859 589 3916 unius
608 3864 706 3920 radicis
728 3868 865 3939 impietate
878 3890 943 3944 pro-

153 3941 245 3995 cessit.
260 3942 313 3997 dut
333 3945 355 3998 si
377 3947 427 4002 hoe
449 3963 503 4002 non
524 3950 655 4020 placuerit
670 3958 824 4025 pertinaciae
836 3972 941 4029 restrae,

152 4033 248 4088 scitote
264 4036 414 4093 certissime
437 4043 625 4101 ecclesiasticae
646 4053 814 4108 alletoritatis
827 4071 942 4112 censura

152 4140 202 4180 ros
215 4141 275 4181 cum
289 4127 335 4183 illo
349 4131 431 4184 etiam
447 4136 612 4193 eternaliter
631 4140 798 4200 damnandos
813 4162 883 4214 esse,
896 4150 942 4220 qui

152 4221 326 4274 serenitatem
351 4224 490 4281 catholicae
515 4228 576 4283 lldci
600 4248 649 4301 per
673 4236 771 4292 multas
796 4241 942 4298 orientales

153 4308 246 4365 muudi
263 4321 354 4380 partes
368 4329 424 4367 snae
442 4317 561 4384 perlulim
576 4324 681 4379 nebulis
703 4328 884 4397 obumbravit,
898 4343 941 4388 at-

1000 1819 1027 1865 et
1039 1826 1092 1865 non
1107 1827 1212 1876 rerum,
1228 1814 1279 1868 nisi
1296 1830 1329 1869 ex
1345 1813 1514 1881 Nestoriana,
1528 1818 1571 1871 rel
1585 1827 1681 1873 restrae
1694 1819 1791 1890 impie·

1000 1902 1063 1956 tatis
1086 1905 1254 1958 temerimto?
1278 1905 1342 1959 ltern
1359 1906 1416 1976 ipse
1431 1907 1484 1962 Leo
1508 1909 1650 1965 incudem
1675 1912 1790 1982 epistola

999 1993 1034 2048 ad
1046 1991 1203 2048 Florianum
1217 1996 1374 2065 episcopum
1390 1997 1502 2063 directa,
1519 1999 1552 2054 de
1566 2015 1619 2069 qrxa
1634 2003 1791 2071 superiores

998 2083 1057 2152 eius
1077 2099 1216 2141 sermones
1229 2087 1360 2141 traximus
1377 2106 1383 2140 ε
1403 2107 1411 2138 ι
1430 2088 1480 2155 eri
1499 2091 1570 2144 enim
1583 2107 1663 2148 retus
1677 2103 1731 2160 est,
1745 2096 1790 2151 in-

998 2173 1105 2241 quiens,
1120 2174 1201 2239 Deus,
1217 2176 1286 2231 idem
1304 2193 1386 2232 rerrrs
1408 2187 1448 2233 cst
1473 2181 1563 2246 homo,
1577 2190 1605 2236 et
1628 2184 1731 2240 nullum
1748 2196 1792 2242 est

999 2260 1025 2314 in
1040 2261 1091 2316 hae
1105 2263 1208 2317 unitate
1224 2265 1404 2330 mendacium,
1421 2269 1484 2322 dum
1498 2269 1580 2341 910
1594 2272 1708 2329 int-’icem
1726 2285 1792 2332 sunt

998 2360 1025 2406 et
1040 2353 1178 2409 humilitas
1193 2356 1308 2411 hominis
1323 2366 1349 2412 et
1363 2358 1474 2413 altitudo
1484 2360 1606 2417 Deitatis.
1620 2364 1708 2420 ›ltem
1720 2381 1790 2436 qno-

998 2457 1050 2511 que
1061 2443 1087 2496 in
1102 2445 1195 2498 eadem
1208 2446 1318 2502 homilia
1334 2449 1366 2505 de
1376 2449 1470 2506 Natale
1482 2453 1587 2508 Domini
1599 2456 1636 2510 ait
1650 2456 1728 2529 (Cap.
1741 2461 1788 2532 8);

1001 2549 1010 2582 r
1029 2531 1142 2598 eridam
1158 2550 1231 2601 xero,
1250 2537 1382 2607 inquiens,
1403 2550 1476 2596 tanta
1490 2544 1602 2612 persidia
1620 2547 1743 2615 involuti,
1759 2560 1791 2608 ut

997 2622 1134 2680 Christum
1150 2628 1233 2682 Deum
1250 2629 1391 2698 maJ'orem,
1405 2643 1433 2687 et
1446 2635 1530 2690 Deum
1552 2638 1685 2695 minorem
1706 2653 1789 2712 puta·

996 2717 1085 2771 xcriut
1101 2719 1263 2774 credendum
1279 2737 1348 2776 csse.
1364 2744 1373 2775 x
1389 2724 1482 2782 lVonne
1495 2728 1553 2784 baec
1567 2739 1656 2787 vestra
1671 2733 1790 2792 innodi-

996 2814 1038 2860 tas
1056 2823 1124 2862 nora
1138 2809 1205 2864 duos
1220 2811 1284 2867 cleos
1297 2812 1382 2883 hugis,
1398 2832 1481 2870 unum
1497 2821 1639 2890 majorem,
1655 2831 1682 2878 et
1700 2825 1786 2882 alium

996 2896 1140 2964 minorem,
1155 2900 1218 2955 dum
1241 2902 1379 2959 Christum
1393 2909 1490 2962 asserit
1503 2914 1649 2968 secundum
1663 2916 1791 2974 divinita·

996 2993 1050 3040 tcm
1061 3002 1153 3042 verum
1167 3004 1226 3045 esse
1239 2992 1334 3057 Deum,
1349 2995 1374 3049 id
1387 3006 1429 3050 est
1440 2998 1584 3067 majorent;
1596 3012 1623 3057 ct
1637 3010 1789 3067 secundum

958 3064 1191 3136 Chunrnnitatem
1214 3088 1423 3156 nuncupativum
1443 3091 1540 3158 Deum,
1559 3095 1640 3152 idest
1653 3100 1789 3158 minorem

995 3165 1099 3223 Deum?
1109 3169 1163 3226 Nee
1178 3173 1213 3228 ibi
1226 3190 1290 3229 cera
1304 3178 1392 3233 unitas
1404 3195 1464 3235 csse
1479 3185 1579 3252 poterit
1589 3203 1722 3257 personae,
1742 3195 1790 3250 uhi

996 3266 1051 3314 tam
1066 3261 1152 3318 dixisa
1164 3273 1206 3319 est
1219 3270 1361 3334 potestatis
1372 3271 1548 3342 inaequalitas.

1031 3369 1075 3425 lx.
1097 3370 1166 3427 lluic
1188 3390 1295 3445 quoque
1317 3381 1490 3439 sanctissimo
1509 3401 1585 3456 pape
1606 3388 1689 3446 Leoni
1712 3394 1791 3467 Vigi-

994 3460 1047 3517 lius
1069 3465 1144 3532 paria
1165 3467 1199 3522 de
1222 3469 1326 3526 tluabus
1341 3474 1368 3528 in
1392 3476 1500 3534 Christo
1518 3485 1623 3538 naturis
1639 3493 1667 3541 et
1680 3488 1790 3549 unitate

992 3567 1115 3623 personae
1132 3559 1215 3614 sentit
1237 3560 1265 3614 in
1287 3564 1345 3619 suis
1368 3565 1521 3636 Opusculis,
1544 3585 1712 3642 quaecontra
1732 3579 1790 3638 Ne-

993 3646 1070 3699 storii
1090 3647 1254 3719 impietatem
1274 3654 1315 3707 rel
1336 3655 1464 3727 Eutychis
1477 3662 1595 3719 reridico
1608 3667 1677 3737 stylo
1688 3683 1790 3728 exara·

993 3737 1046 3803 rit;
1060 3740 1105 3794 ubi
1124 3740 1240 3810 plurima
1255 3761 1373 3816 namque
1389 3750 1422 3804 de
1441 3754 1606 3822 proprietate
1625 3769 1788 3818 naturarum

993 3830 1021 3884 in
1036 3831 1156 3899 Christo,
1169 3845 1196 3890 et
1211 3838 1398 3908 singularitate
1419 3848 1500 3901 unius
1514 3865 1636 3918 personae
1651 3854 1784 3912 mirabili·

994 3930 1036 3976 ter
1054 3927 1189 3993 exposuit.
1211 3927 1293 3997 Cujus
1317 3933 1458 3988 catholice
1479 3936 1539 3992 hlei
1563 3939 1667 3997 litteras
1691 3943 1714 4000 si
1739 3946 1787 4015 pia

992 4021 1083 4068 mente
1093 4015 1183 4085 legere
1197 4018 1353 4088 dignemini,
1369 4022 1437 4078 sorte
1449 4027 1596 4086 miserante
1606 4031 1661 4088 Deo
1672 4033 1700 4088 in
1711 4035 1788 4093 riam

992 4103 1183 4161 ecclesiastice
1197 4110 1271 4176 pacis
1285 4114 1458 4178 pervenietis.
1473 4117 1542 4172 Dicit
1562 4122 1634 4176 enim
1649 4123 1721 4179 inter
1731 4141 1788 4184 cte·

994 4200 1061 4258 tera,
1079 4211 1139 4264 quac.
1155 4197 1242 4254 lncirle
1263 4201 1295 4254 de
1311 4201 1419 4259 Christo
1432 4219 1576 4265 exsecutus
1590 4221 1631 4268 est
1646 4215 1660 4254 t>
1675 4233 1683 4268 ι
1701 4234 1712 4267 r
1729 4214 1787 4275 Sed

995 4283 1128 4351 Verbum,
1140 4287 1237 4357 inquit,
1250 4301 1359 4361 propter
1378 4309 1486 4351 carnem
1505 4315 1580 4355 snam
1600 4303 1682 4358 lromo
1695 4307 1741 4374 sit,
1757 4319 1785 4365 et

152 4414 205 4468 que
226 4400 286 4455 ideo
295 4399 371 4469 justo
387 4402 489 4470 judicio
506 4408 540 4463 ab
553 4413 648 4467 eadem
662 4417 806 4475 uniuersali
822 4422 941 4480 Ecclesia
959 4390 1058 4479 ΒΨ)
1072 4387 1181 4448 pmmer
1193 4380 1311 4437 verbum
1325 4384 1396 4441 ΒΜ
1412 4389 1461 4455 sm
1481 4399 1508 4444 ⁰²
1523 4393 1652 4462 quidquid
1664 4407 1706 4452 ω
1722 4415 1787 4469 ⁹⁹⁰⁸

153 4489 261 4544 Satanae
276 4492 389 4547 traditus
401 4492 428 4546 in
442 4507 599 4566 perpetuam
614 4504 801 4570 perditionem.

191 4603 255 4656 l'lll.
275 4603 327 4659 Sed
342 4613 372 4659 ut
385 4608 478 4663 sciatis
497 4626 545 4665 nos
559 4627 645 4682 neque
663 4632 724 4670 eum
745 4617 877 4686 Nestorio,
892 4639 940 4679 nc·

152 4708 205 4764 que
220 4709 282 4749 curn
304 4706 392 4751 restra
409 4699 566 4758 infidelitate
581 4703 718 4761 Christum
740 4709 766 4764 in
786 4710 854 4766 duas
874 4713 941 4772 diri-

153 4783 218 4839 derc
238 4798 381 4853 personas;
406 4804 493 4859 neque
517 4808 579 4848 eum
607 4793 727 4868 Eutyche
750 4799 886 4858 Clrristurn
913 4805 940 4857 in

152 4893 234 4932 unam
255 4879 418 4935 contundere
437 4893 574 4953 naturam;
589 4889 636 4944 sed
655 4906 719 4948 rere
739 4894 805 4949 duas
828 4906 940 4954 naturas

151 4970 275 5040 proprias
287 4980 315 5024 et
325 4969 469 5040 perlectas,
480 4984 508 5029 et
517 4993 597 5033 unam
610 4996 753 5051 personam
765 5002 813 5043 ore
823 4996 847 5043 et
859 4992 940 5047 corde

151 5061 285 5117 catholico
309 5063 478 5120 confitemur.
505 5067 533 5122 ln
558 5070 604 5125 illo
629 5089 708 5140 uuus,
723 5076 750 5130 id
774 5087 815 5132 est
836 5078 938 5152 [Forte

151 5151 245 5224 idem],
269 5153 341 5209 Deus
364 5164 391 5210 et
408 5158 489 5214 bontn
512 5167 555 5214 cst
569 5159 703 5219 Christos.
729 5166 802 5224 Duas
824 5186 939 5242 namque

151 5251 274 5306 naturas,
298 5262 357 5316 quae
379 5259 442 5304 suot
463 5250 489 5305 in
511 5266 554 5317 eo,
577 5253 644 5310 duas
667 5254 767 5313 locaras
790 5262 939 5316 nominavit

152 5330 308 5403 apostotus,
321 5340 366 5394 ubl
381 5342 419 5396 ait
433 5359 440 5396 ε
455 5341 507 5409 Qui
520 5361 579 5399 cum
595 5349 623 5401 io
642 5346 727 5418 [ormo
739 5348 787 5404 Dei
799 5361 875 5415 exact,
890 5369 941 5407 non

153 5422 274 5491 ramnum
284 5427 565 5490 arbitratuscatessese
577 5438 705 5508 rrqttolcm
717 5439 782 5505 Deo,
794 5443 840 5496 ard
851 5453 942 5498 scinct-

188 5537 203 5569 ⁸
225 5529 254 5587 S.
266 5532 331 5600 Leo,
346 5540 424 5608 epist.
439 5542 472 5598 ‘28
488 5547 697 5614 adflariannm,
714 5569 773 5622 cap.
789 5554 815 5608 l.
903 5547 912 5561 ’

923 5720 927 5727 .
991 5656 1055 5701 torn.
1075 5624 1128 5705 rlu
1142 5654 1193 5708 nn.
1210 5601 1273 5723 tsi,
1288 5676 1361 5715 isnin.
1373 5665 1399 5718 r.

993 4482 1081 4537 prium
1096 4469 1187 4535 Verbi,
1205 4472 1240 4526 sit
1252 4488 1393 4532 commune
1408 4476 1481 4549 [curn
1496 4497 1591 4547 carnc;
1606 4495 1634 4540 et
1651 4488 1786 4559 quidquid

993 4565 1035 4612 est
1044 4561 1182 4630 proprium
1193 4565 1295 4629 carrris,
1307 4582 1449 4626 commune
1460 4571 1506 4644 sit]
1519 4589 1580 4629 enm
1593 4577 1684 4633 Verbo
1696 4599 1704 4632 ε
1715 4597 1787 4649 ‹quo-

992 4647 1066 4703 niam
1075 4650 1192 4707 Verbum
1204 4663 1232 4708 et
1240 4670 1304 4712 caro
1316 4674 1385 4715 unus
1396 4671 1437 4717 est
1449 4663 1573 4722 Christus
1586 4677 1613 4723 et
1626 4686 1679 4725 una
1692 4688 1787 4743 perso·

992 4755 1053 4794 na.»
1068 4742 1101 4796 Et
1110 4745 1194 4800 nrulta
1206 4748 1256 4802 alia
1269 4750 1397 4821 legentes,
1413 4766 1439 4811 et
1450 4758 1493 4826 pie
1506 4760 1684 4832 intelligentes
1695 4767 1784 4823 dexo·

992 4831 1083 4898 ritate,
1093 4850 1153 4904 quae
1167 4837 1193 4892 in
1204 4837 1312 4898 Christo
1327 4853 1380 4912 est,
1389 4861 1437 4903 seu
1452 4851 1484 4905 de
1497 4853 1609 4909 duarum
1620 4869 1783 4917 naturatum

993 4925 1211 4994 proprietatibus,
1219 4946 1266 4985 seu
1277 4933 1310 4988 de
1321 4936 1507 5005 singularitate
1518 4945 1599 5001 unius
1610 4963 1747 5018 personia,
1755 4951 1784 5009 iu

996 5008 1118 5079 ejusdcm
1129 5014 1219 5071 Patris
1228 5019 1325 5078 litteris
1339 5024 1453 5083 inveniri
1463 5041 1599 5098 potemut.
1608 5035 1725 5095 Necnon
1739 5041 1784 5099 tos

993 5102 1112 5171 praeditis
1127 5105 1252 5166 Patribus
1267 5115 1421 5184 praecipuus
1429 5121 1522 5177 rhetor
1537 5125 1691 5186 Victorinus
1703 5132 1783 5190 raldo

992 5193 1089 5248 similia
1100 5197 1157 5253 sois
1170 5199 1291 5256 innexuit
1304 5204 1541 5280 disputationibus,
1554 5217 1600 5286 qui
1613 5218 1646 5272 de
1656 5220 1782 5280 Tulliana

992 5283 1084 5339 schola
1095 5287 1128 5340 ad
1139 5286 1208 5342 bella
1222 5294 1353 5360 processit
1363 5299 1503 5359 ecclesiast
1515 5321 1558 5370 ca,
1570 5315 1625 5362 tam
1634 5309 1710 5366 lactis
1719 5312 1783 5370 odet

992 5371 1117 5430 defensor
1122 5375 1218 5446 lactus,
1226 5397 1307 5451 quarn
1318 5385 1781 5460 clarusinterrhetorcshabehatur.

992 5461 1105 5533 Scripsit
1119 5470 1225 5526 enimin
1243 5474 1313 5530 lilzro
1327 5479 1465 5539 catholicae
1479 5486 1540 5542 occi
1559 5492 1782 5561 primodeCltri·

1027 5579 1040 5617 h
1062 5581 1172 5638 Virilins
1194 5585 1228 5639 Ta

1251 5591 1337 5645 sensis
1368 5592 1428 5650 libr.
1459 5615 1477 5653 rr
1506 5611 1598 5658 contra
1627 5607 1784 5686 lirrtpthen,
