3780 6120
130 268 182 328 ιιι
480 255 687 317 mennaei.
710 253 838 308 ..aar
859 228 1321 306 ratiocinatum-tu.
1344 243 1396 304 u..
1696 240 1753 300 su

127 383 304 457 apostolicam
317 385 417 436 nnete
431 376 481 431 Del
504 371 629 428 Ecclesiae
642 366 861 425 consuetudinem
872 362 913 416 di·
925 365 949 419 a
962 363 1034 416 euim
1046 364 1172 419 carendis
1191 364 1247 432 ipsa
1260 360 1366 418 Veritas
1377 362 1410 416 in¹
1425 357 1635 430 Evangelloalt:
1648 354 1678 415 Sl
1688 375 1751 413 ocs-

127 476 197 532 ridis
210 473 351 528 Christum
366 470 393 524 in
406 469 472 523 duos
492 467 565 527 deos,
589 459 795 530 nuncupativum
814 454 916 511 seilicet
965 452 1006 507 las
1023 464 1083 508 tuas
1104 454 1194 507 dexter
1206 451 1367 507 scandalizat
1382 462 1416 516 te,
1435 467 1497 504 eme
1517 466 1589 518 eam,
1610 456 1634 503 ιι
1654 452 1752 520 projice

127 575 153 620 et
166 577 282 618 verum:
298 569 326 616 et
339 559 366 613 in
382 560 448 613 dues
460 555 538 617 lilios,
558 551 711 621 adoptivum
726 556 753 602 et
767 547 914 616 proprium,
966 545 1012 595 aba
1023 552 1057 605 te,
1072 541 1173 612 expedit
1196 541 1243 594 titt
1258 551 1285 594 ιιι
1300 557 1381 594 unum
1402 549 1489 609 pereat
1510 537 1681 592 membrorum
1694 548 1752 591 ιιιο-

126 649 302 708 accumulans
327 660 409 717 super
424 651 505 714 eaput
528 651 602 696 tuum
619 638 738 695 terribile
762 636 915 696 anatliema,
967 648 1035 695 rum,
1055 648 1133 702 pacm
1146 640 1228 686 tetam
1238 648 1331 699 corpus
1345 642 1418 685 ιιιιιιιι
1431 631 1551 685 mitetur
1566 631 1594 684 in
1608 630 1752 700 pelenanm

127 742 199 814 quod
210 741 239 795 in
251 740 347 794 eodem
358 734 462 808 praelati
473 732 562 789 Patris
573 730 642 784 libro
655 729 770 798 legitur:
787 743 797 777 t
816 723 844 779 Si
857 723 918 792 quis
967 718 1072 791 (licitu.
1085 737 1113 786 v,
1125 720 1181 791 29).

127 830 272 904 praesumit
294 828 385 882 dicere
407 822 542 880 Deilerum
565 818 699 875 bominem
719 814 867 875 Christum,
891 819 918 867 et
1001 810 1046 865 tx.
1068 810 1135 865 Nam
1152 820 1180 866 et
1195 811 1330 867 arnonius
1349 811 1517 885 [Amabius],
1533 812 1575 866 vir
1591 810 1662 866 aeris
1679 810 1753 882 inge-

127 940 181 981 non
203 921 297 992 potius
319 919 403 973 Deum
427 930 488 972 esse
508 927 582 975 vere,
598 909 668 965 sieut
690 907 773 962 fllium
788 920 869 959 urium
891 911 918 958 et
967 903 1016 968 nii,
1029 903 1056 957 in
1069 903 1194 958 corallictu
1205 919 1284 974 quem
1297 921 1359 960 οιιιιι
1370 904 1515 976 Serapione
1526 904 1619 959 babuit
1632 905 1665 959 de
1676 905 1753 959 nolli-

125 1013 296 1076 natnralem,
309 1008 457 1065 secundum
469 1003 541 1075 quod
551 1000 650 1056 laetum
661 1008 701 1053 est
712 1011 776 1051 earo
790 995 917 1056 teritum,
968 992 1043 1046 litate
1057 1001 1156 1047 sancta
1168 992 1258 1048 llariac
1268 994 1406 1064 genitricis
1420 995 1484 1059 Dei,
1500 1004 1528 1048 et
1542 995 1573 1048 de
1586 995 1754 1065 incompara-

126 1116 154 1162 et
168 1101 382 1161 communicavit
398 1096 522 1169 proxime
538 1092 616 1148 nobis
638 1089 767 1159 sanguiue
781 1094 808 1140 et
827 1098 918 1145 carne.
968 1084 1018 1138 bili
1037 1085 1164 1139 omnibus
1182 1083 1289 1141 leminis
1309 1087 1463 1151 sanctitate,
1485 1095 1513 1141 et
1534 1087 1568 1142 de
1588 1087 1673 1156 ipsius
1692 1086 1754 1140 Filii

126 1198 276 1255 anathema
292 1194 336 1250 sit.
349 1213 359 1245 ι
374 1191 408 1246 Ει
421 1184 632 1256 insequentibus
645 1199 651 1234 :
668 1199 676 1230 ι
691 1177 815 1232 bitenim
826 1175 919 1244 etipse
968 1172 1028 1237 Dei,
1043 1174 1088 1241 qtri
1102 1188 1135 1228 ex
1149 1190 1181 1230 ea
1196 1184 1275 1230 natus
1288 1186 1329 1231 est
1341 1177 1489 1242 divinitate,
1503 1186 1680 1232 coissentanea
1692 1191 1754 1230 san-

126 1287 256 1344 ctu-istus
277 1283 310 1339 de
325 1279 425 1336 sanctis
447 1273 594 1346 prophetis,
614 1271 671 1325 sive
684 1267 718 1321 de
740 1264 851 1328 sanctis,
872 1262 919 1332 qui
969 1265 1020 1321 etis
1041 1261 1178 1328 Patribus,
1201 1279 1316 1333 quorum
1330 1267 1400 1321 dieta
1420 1267 1587 1322 abundanter
1606 1267 1754 1338 posuimus,

125 1378 206 1452 prius
220 1375 348 1429 luerunt:
366 1369 396 1424 Si
406 1367 465 1421 illes
478 1363 544 1418 dicit
557 1362 630 1424 deos,
643 1358 677 1412 cd
697 1373 761 1423 quoa
775 1368 859 1408 sermo
872 1351 920 1406 Det'
968 1351 1071 1422 prulert
1086 1355 1253 1420 testimonia,
1269 1356 1361 1411 dicens
1376 1375 1382 1408 :
1401 1375 1410 1406 ι
1428 1357 1496 1411 Dum
1510 1355 1698 1426 inunigenito,
1712 1355 1754 1409 in-

125 1471 217 1542 factus
230 1474 291 1521 eat:
310 1478 385 1533 quem
406 1459 487 1513 Peter
498 1451 669 1521 sanctificarit
687 1458 710 1503 et
725 1447 830 1502 mititte
844 1460 920 1497 mua·
970 1443 1047 1511 quit,
1065 1445 1132 1498 duas
1147 1453 1256 1499 naturas
1274 1445 1432 1501 confitemur
1443 1447 1564 1518 duasque
1580 1447 1756 1510 substantias,

126 1561 206 1624 dunt,
231 1572 275 1612 nes
294 1554 380 1608 dicitis
394 1551 457 1620 qaia
476 1545 650 1610 blasphemus,
667 1541 729 1613 quin
750 1538 817 1603 dial,
835 1534 858 1588 F
859 1535 921 1589 ilias
970 1532 1097 1602 objicitur
1110 1535 1179 1602 quod
1193 1533 1306 1589 altemm
1319 1536 1440 1590 dieamus
1454 1535 1501 1592 Dei
1515 1535 1756 1602 Filium,.altemm

125 1648 179 1706 Μ
192 1664 252 1704 ,nm
272 1644 363 1717 (ioan.
379 1658 407 1707 1,
421 1639 464 1702 56,
480 1635 536 1708 bl).
559 1635 611 1691 Sed
635 1648 688 1687 non
712 1631 781 1686 sicut
794 1629 822 1683 iu
843 1626 921 1681 nobis
972 1621 1197 1676 liliumbemiuis.
1210 1621 1264 1678 llos
1283 1630 1373 1677 autem
1386 1626 1545 1680 auctoritate
1559 1625 1677 1695 Apostoli
1690 1626 1757 1680 diei·

128 1737 266 1798 inhabitat
287 1734 367 1795 Deus,
393 1732 471 1785 itaet
486 1727 513 1780 in
533 1723 661 1780 Christe:
684 1720 756 1775 Deus
776 1718 848 1772 euim
863 1722 923 1770 erat
937 1711 960 1770 tt
973 1727 1033 1766 mus
1048 1736 1054 1766 ;
1070 1712 1140 1766 Deus
1157 1723 1213 1766 erat
1228 1714 1257 1768 in
1270 1712 1512 1768 Claristomundum
1527 1715 1759 1771 reconciliantem

127 1827 293 1887 naturaliter
306 1836 437 1895 apparens
456 1815 602 1874 secundum
620 1829 679 1874 nes.
692 1824 819 1879 unusque
836 1814 864 1862 et
878 1821 921 1861 so-
972 1798 1090 1872 (istor.
1106 1817 1133 1865 r,
1150 1801 1203 1872 ta).
1225 1801 1253 1856 Si
1273 1802 1345 1856 enim
1363 1804 1492 1859 muudum
1508 1805 1704 1869 reconciliarit,
1722 1807 1758 1860 ita

126 1918 174 1974 lus
186 1915 270 1980 lilius,
284 1923 311 1969 et
324 1909 430 1982 quando
445 1907 532 1962 lactus
542 1912 584 1960 est
596 1916 671 1958 care.
695 1900 746 1968 Qut
759 1899 842 1970 igitur
853 1912 923 1969 prae-
971 1897 1003 1943 ut
1016 1888 1158 1945 credentes
1171 1890 1198 1944 iu
1210 1905 1240 1946 se
1252 1890 1321 1946 lilius
1339 1891 1386 1947 Dei
1400 1890 1500 1948 iaceret
1515 1895 1648 1961 hemines,
1668 1895 1760 1964 utique

113 1998 242 2068 mum
260 2007 349 2061 dicere
371 2001 508 2057 „efferum
523 1997 659 2053 hominem
681 2009 753 2058 eum,
767 2000 795 2048 ei
808 2008 860 2047 110„
874 2006 922 2062 po.
972 1987 1068 2034 natura
1083 1995 1186 2046 seruos,
1200 1996 1253 2037 non
1264 1980 1312 2037 Dei
1324 1981 1404 2044 lilios.
1418 1993 1478 2040 actu
1491 1986 1572 2040 etiam
1587 2002 1659 2053 reos,
1670 1996 1698 2042 et
1711 1986 1765 2060 pei

127 2101 185 2156 tius
211 2098 415 2153 inhumanatum
441 2090 538 2153 Deum,
565 2086 719 2144 necessario
745 2083 923 2139 succumbant
972 2071 1219 2141 praevaricationem
1232 2073 1312 2144 primi
1325 2074 1441 2130 hominis
1458 2076 1566 2132 inimico
1583 2079 1690 2149 generis
1707 2079 1759 2134 bu·

128 2185 358 2246 anathematismo
376 2181 524 2253 proposito.
541 2199 550 2232 ι
566 2176 633 2233 Ιιοιιι
647 2176 690 2231 ille
703 2176 761 2245 ipse
774 2173 820 2243 qui
831 2186 922 2242 supra,
973 2162 1052 2217 mani
1066 2161 1219 2218 obnoxios:
1240 2171 1330 2219 tamen
1346 2181 1396 2235 per
1413 2182 1490 2221 suam
1510 2170 1625 2238 gratiana
1642 2171 1691 2226 laos
1712 2171 1760 2226 Dei

127 2279 245 2352 epistola
256 2277 291 2332 ad
307 2273 454 2331 monachos
468 2271 587 2326 directa:
605 2285 614 2319 ι
639 2266 707 2321 Cum
720 2265 803 2329 enlm,
825 2261 922 2330 inquit,
974 2252 1043 2308 filios
1056 2253 1129 2308 lecit.
1150 2253 1212 2326 [Qui
1226 2270 1291 2327 ergo
1305 2254 1372 2311 alios
1384 2257 1430 2313 Dei
1446 2258 1514 2315 filies
1527 2260 1614 2334 lecit,]
1626 2265 1768 2332 qaromedo-

127 2371 264 2443 probatur
277 2367 340 2437 qnia
362 2365 433 2420 Deus
447 2360 592 2418 secundum
612 2365 736 2413 naturam
749 2363 800 2418 est,
829 2353 875 2423 qui
890 2365 924 2406 ex
973 2343 1031 2413 ipse
1045 2358 1097 2398 non
1115 2351 1157 2399 est
1175 2343 1259 2399 Pilius
1279 2345 1326 2401 Dei
1345 2346 1477 2404 adunatus
1495 2365 1556 2405 οιιιιι
1576 2351 1671 2416 Verbo,
1688 2353 1760 2423 quod

129 2467 226 2517 aneta
251 2458 363 2528 Virgine
386 2463 465 2509 natus
488 2461 553 2516 est;
578 2449 679 2505 nullum
703 2463 750 2503 eos
774 2443 834 2518 [F.,
850 2444 922 2516 rear]
973 2449 1037 2489 caro
1054 2433 1153 2489 laetum
1170 2433 1285 2506 legitur?
1301 2458 1309 2487 ι
1331 2437 1364 2492 Et
1379 2448 1440 2510 post
1457 2457 1541 2510 pauca
1560 2461 1567 2497 :
1591 2462 1600 2496 t
1619 2443 1671 2500 Per
1684 2462 1761 2502 suam

129 2566 241 2623 segnem
260 2548 412 2617 intelligere
426 2561 458 2600 ae
482 2543 568 2614 loqui,
592 2541 654 2612 quia
675 2539 723 2595 Dei
746 2538 868 2593 Genitrix
889 2538 924 2592 sit
973 2541 1037 2597 0¹80
1058 2526 1288 2596 ⁰¹¹¹¹¹ll³0l0¹¹ll³ffi2
1310 2544 1371 2584 0¹¹¹¹¹
1394 2532 1588 2599 mistirium
1611 2537 1767 2602 hominem.-

129 2641 257 2698 dicenda.
270 2660 279 2692 ι
300 2639 333 2693 Et
345 2639 444 2693 itemm
461 2653 467 2689 :
486 2653 495 2687 t
511 2634 712 2695 liemmtamen,
735 2629 832 2699 inquit,
855 2644 925 2683 unus
974 2615 1077 2690 [quem]
1091 2620 1246 2688 assumpsit,
1259 2621 1310 2675 boe
1323 2621 1421 2687 lacere,
1434 2633 1572 2695 assumpto
1584 2625 1706 2698 [.lrnel.,
1717 2645 1761 2684 as·

130 2729 268 2786 Dominus
289 2724 368 2781 lesus
383 2723 520 2789 Christus,
543 2735 664 2791 unusque
682 2727 709 2774 et
730 2733 810 2773 verus
829 2716 922 2778 Filius,
974 2708 1115 2779 sumemloi
1137 2725 1169 2764 ex
1191 2718 1323 2780 ternpore,
1342 2713 1414 2783 quod
1435 2715 1492 2784 ipse
1510 2732 1617 2786 semper
1635 2718 1686 2774 luit
1704 2721 1775 2774 sine·

130 2819 204 2876 Deus
228 2816 309 2873 simul
331 2825 360 2872 et
382 2816 482 2878 home;
508 2819 536 2867 et
559 2826 612 2865 non
637 2810 718 2864 homo
740 2807 811 2862 Deus
836 2804 924 2861 lactus
974 2807 1105 2870 tempore,
1121 2810 1151 2856 ut
1163 2817 1216 2856 ιιοιι
1230 2802 1334 2870 possint
1347 2803 1398 2859 diei
1412 2806 1464 2860 duo
1477 2805 1523 2860 lilii
1538 2806 1600 2872 Dei,
1616 2808 1688 2864 alius
1700 2817 1762 2865 ante

130 2906 254 2982 tticum,
273 2901 426 2975 Deilicatus]
446 2902 496 2957 sub
518 2898 670 2970 squalitate
693 2896 789 2953 borum
808 2894 855 2964 qui
875 2908 925 2963 per
974 2899 1107 2961 tempora,
1128 2900 1155 2946 et
1176 2892 1244 2946 alius
1262 2902 1341 2948 natus
1356 2909 1389 2949 ex
1409 2903 1529 2966 tertapere
1543 2916 1550 2951 ι
1566 2901 1613 2954 sed
1630 2916 1702 2956 ιιιιιιι
1714 2901 1775 2957 θοι.

130 3000 264 3072 gratiam,
286 2997 334 3054 sed
358 2996 429 3050 Deus
449 2994 539 3064 potius
551 3006 632 3046 venas
656 2990 683 3044 in
698 2989 814 3043 bumana
838 2987 924 3042 lorma
975 2981 1058 3038 Filius
1070 2981 1199 3039 Dominus
1211 2980 1289 3039 lesus
1304 2983 1437 3041 Christus.
1449 2985 1513 3042 inde
1523 2998 1564 3043 est
1577 2990 1648 3059 qued
1661 2991 1762 3047 dietum

130 3107 270 3164 apparens
280 3098 391 3160 pmpter
405 3103 464 3142 nos.
478 3107 487 3139 ι
511 3087 544 3141 Et
558 3086 585 3140 in
610 3082 783 3152 sequentibus
806 3079 925 3149 ejusdem
937 3074 962 3136 C
976 3082 1019 3129 est
1031 3072 1065 3128 ab
1077 3073 1204 3143 apostolo
1219 3092 1225 3126 :
1242 3072 1272 3129 Si
1284 3075 1448 3144 reparavimus
1464 3075 1604 3132 Dominum
1616 3077 1706 3133 lesam
1720 3097 1763 3134 ss·

130 3183 255 3254 epistolae
270 3199 277 3236 ι
291 3200 301 3233 ι
326 3178 392 3251 alge,
415 3193 474 3248 age,
495 3183 677 3231 monstremus
701 3186 734 3226 ex
757 3171 822 3241 ipsis
836 3179 926 3224 osten·
979 3165 1093 3221 carreiam
1107 3182 1221 3231 caruem,
1239 3166 1285 3220 aed
1297 3184 1365 3221 nunc
1379 3166 1438 3238 jam
1451 3184 1502 3222 nen
1515 3170 1631 3225 nouimus
1645 3169 1762 3243 (11c0r.

131 3277 230 3331 dentes
244 3273 324 3328 lldem
338 3272 423 3328 sacris
435 3270 533 3324 litteris
544 3268 606 3338 quia
621 3265 693 3320 Deus
707 3261 854 3320 secuudum
875 3277 923 3315 na·
974 3275 1003 3324 v,
1018 3259 1061 3329 lli)
1080 3277 1086 3312 :
1106 3260 1184 3328 quasi
1203 3260 1250 3330 qui
1270 3260 1343 3315 dicat
1365 3280 1371 3313 :
1392 3268 1421 3316 et
1441 3261 1464 3315 si
1483 3261 1657 3332 cognorimus
1673 3262 1764 3320 lanam

131 3375 223 3421 turam
237 3371 290 3427 est,
304 3362 353 3417 etsi
367 3359 401 3415 ad
415 3358 545 3415 unitatem
559 3355 693 3425 copulavit
714 3353 765 3409 sibi
789 3352 925 3422 propriam
974 3349 1132 3422 priusquam
1143 3350 1303 3406 almistione
1316 3351 1456 3422 sanguinis
1468 3351 1601 3423 conchylii
1612 3352 1691 3409 lieret
1701 3370 1765 3425 pura

132 3471 258 3521 caracam
272 3468 326 3526 que
338 3453 429 3508 virere
451 3452 563 3521 probato
584 3447 700 3521 [Cyrill.,
714 3462 767 3518 quo
780 3443 924 3518 patefacto]
975 3457 1052 3513 pura;
1063 3441 1600 3513 seduuncjamnorreoguorimuslanam,
1610 3446 1657 3501 sed
1667 3461 1767 3518 purpu-

133 3546 182 3604 Dei
197 3545 324 3602 Genitrix
337 3544 435 3599 dieitur
447 3557 462 3594 a
475 3540 564 3603 nobis,
584 3537 690 3592 elsatia
713 3537 810 3590 merite
833 3542 925 3590 saneta
977 3548 1051 3597 ratu,
1071 3547 1122 3602 qua
1143 3533 1215 3589 iuter
1231 3549 1326 3590 omnes
1347 3535 1470 3591 hemines
1494 3536 1583 3593 nullus
1605 3538 1764 3610 utipussit,

136 3638 254 3708 Virgo.»
278 3634 345 3690 item
360 3634 387 3688 ln
400 3632 512 3689 eadem:
528 3649 537 3683 t
565 3629 704 3697 Quomodo
724 3642 789 3698 ergo
802 3627 927 3697 proprius
976 3623 1027 3677 uisi
1046 3624 1165 3695 Augusta
1191 3624 1314 3698 iarael„
1334 3627 1459 3700 Augusti]
1479 3629 1561 3686 luerit
1577 3633 1704 3702 praeditus
1722 3635 1766 3689 di·

133 3727 183 3785 Dei
197 3727 283 3783 Filius
295 3726 448 3781 nominatus
460 3731 502 3779 est
513 3722 645 3786 Christus,
660 3721 706 3790 qul
720 3719 801 3775 etiam
812 3719 928 3775 traditus
976 3715 1088 3784 gnitate·
1111 3715 1271 3786 Depingitur
1292 3718 1344 3772 hoc
1367 3717 1448 3774 loto:
1468 3734 1533 3791 ergo
1552 3721 1613 3777 tilis
1634 3724 1695 3778 lana
1716 3723 1767 3778 luit
1806 3762 1810 3771 .

131 3831 176 3876 est
188 3837 204 3875 a
217 3820 274 3875 Dee
292 3818 382 3880 Patre,
395 3831 476 3872 causa
489 3813 608 3870 omnium
624 3811 717 3867 salutis
729 3819 756 3866 et
769 3809 928 3865 ritmiTra-
975 3805 1052 3874 prius
1070 3801 1158 3868 lesus,
1176 3812 1203 3859 et
1223 3806 1336 3861 dealitas
1359 3806 1467 3881 [deitas]
1490 3812 1682 3880 superveniens
1702 3812 1766 3868 lecit

131 3915 262 3969 ditusest
275 3910 347 3964 enim
360 3914 592 3979 propterpeccata
604 3915 706 3968 nestra,
721 3912 748 3959 et
762 3904 819 3974 ipse
830 3903 928 3973 iniqui-
977 3910 1038 3950 etim
1061 3896 1225 3966 purpuram?
1249 3895 1308 3951 lion
1331 3897 1368 3951 ita
1390 3897 1534 3955 dicimus:
1553 3901 1599 3955 sed
1623 3912 1765 3971 autequam

133 4011 208 4056 tates
227 3999 376 4054 multomm
397 3997 479 4070 0135
500 3996 618 4066 portarit
640 3995 667 4049 iu
690 4009 803 4064 corpore
828 4008 877 4048 suo
900 3995 927 4047 in
978 3987 1095 4057 Spiritus
1108 3987 1331 4044 sanetustenlret
1345 3990 1562 4059 superbiariam,
1576 4001 1604 4047 et
1617 3994 1702 4050 uirtus
1718 3997 1765 4050 all·

134 4091 220 4161 ligno,
245 4088 393 4144 secundum
417 4087 555 4156 prophetae
572 4097 665 4139 vocem
688 4081 765 4155 (lsai.
784 4098 843 4147 ιιιι,
863 4081 926 4153 ta);
977 4080 1073 4135 tissimi
1086 4079 1270 4144 obumbraret,
1287 4089 1314 4133 et
1328 4081 1379 4135 boo
1391 4081 1544 4150 conciperet
1558 4085 1629 4153 quod
1643 4095 1765 4142 sanetum

134 4181 227 4252 palam
240 4193 305 4250 ergo
318 4187 361 4232 est
371 4178 434 4247 quia
458 4177 532 4230 unita
556 4191 600 4230 res
620 4183 757 4244 assumpta
777 4175 928 4229 necessarie
976 4180 1120 4226 uocaretur
1132 4168 1216 4226 Filius
1230 4169 1277 4226 Dei
1298 4171 1372 4242 (λιιι.
1388 4188 1413 4236 t,
1430 4173 1474 4239 55,
1487 4175 1550 4247 56);
1566 4186 1629 4232 ante
1641 4178 1702 4245 boe,
1722 4181 1765 4235 in-

134 4271 277 4340 proprium
288 4268 385 4322 titium
408 4267 555 4322 declararit
574 4265 633 4330 Dei,
647 4265 693 4336 qul
714 4281 747 4320 er
761 4275 853 4321 saneta
868 4267 928 4322 Vir·
977 4278 1071 4334 quam,
1095 4264 1151 4334 ipse
1172 4272 1264 4320 uterus
1279 4264 1380 4330 llariae,
1400 4269 1523 4337 quamtis
1536 4270 1651 4326 mundus
1664 4283 1764 4327 esssta

103 4415 110 4433 ,
136 4363 200 4432 rinc
221 4355 394 4431 est[Cpn'll.,
425 4358 538 4412 Planum
559 4357 691 4426 estquod
714 4357 748 4410 ad
769 4367 927 4412 naturarum
978 4363 1130 4426 peccateet
1146 4367 1272 4424 sanetus;
1287 4360 1494 4416 tameat-tinae
1512 4361 1687 4418 humanitatis
1702 4362 1765 4435 [Aa

135 4453 265 4505 unionem
279 4450 425 4518 respiciens
440 4446 650 4511 Emmanuelem,
664 4446 709 4515 qui
722 4460 756 4500 ex
776 4462 852 4501 sacra
862 4447 928 4519 ,vir-
944 4419 1053 4509 1latei„
1076 4447 1246 4521 humilitatis]
1257 4457 1316 4504 erat
1328 4458 1357 4505 ut
1371 4451 1432 4506 lana
1446 4453 1546 4522 optima
1559 4463 1587 4509 et
1598 4454 1767 4524 incompara-

137 4542 200 4612 gine
212 4548 326 4595 exortus
338 4549 391 4603 est,
410 4538 458 4593 Dei
479 4539 577 4593 Filium
591 4537 721 4610 definisti.
738 4537 842 4608 Corpus
855 4539 928 4593 enim
979 4535 1041 4590 bilis
1057 4537 1189 4593 universis
1202 4554 1261 4608 quae
1273 4548 1351 4594 erant
1365 4541 1415 4595 sub
1428 4541 1497 4597 eoelo
1511 4542 1658 4612 virginibus
1673 4561 1679 4597 z
1695 4554 1766 4599 erat·

137 4641 196 4686 erat
209 4644 266 4686 non
279 4627 388 4685 alterius
402 4628 550 4700 cujuspiam
571 4628 716 4684 seeundum
738 4643 797 4691 nes,
813 4629 860 4684 sed
872 4643 929 4683 ma·
979 4645 1032 4700 que
1053 4630 1114 4685 talis
1135 4647 1166 4684 ac
1189 4639 1271 4696 tanta,
1287 4648 1347 4701 quae
1362 4633 1489 4687 decentor
1508 4633 1537 4688 in
1562 4650 1591 4689 se
1613 4636 1765 4692 dealitatem

138 4723 180 4794 gis
191 4721 332 4792 proprium
342 4736 376 4775 ex
385 4720 466 4775 Patre
477 4719 618 4774 existentis
629 4718 710 4773 Verbi
721 4726 814 4773 natum
824 4733 857 4773 ex
867 4733 925 4772 ea.»
979 4719 1041 4776 Filii
1056 4721 1112 4784 Dei,
1129 4723 1197 4775 sieut
1211 4720 1271 4774 lana
1286 4721 1422 4791 conchylii
1434 4723 1590 4793 sanguinem
1606 4730 1764 4799 susciperet,

140 4810 217 4868 liade
231 4810 292 4876 tibi,
306 4824 323 4864 ο
335 4810 429 4865 Felix!
443 4817 504 4880 pest
519 4817 594 4863 tauta
606 4808 689 4863 eliam
701 4807 852 4863 clarissima
867 4823 929 4861 san·
980 4821 1007 4867 et
1020 4813 1077 4882 ipsa
1090 4813 1150 4866 lana
1163 4828 1221 4867 esse
1234 4822 1363 4877 cessaret,
1376 4815 1423 4868 sed
1435 4830 1498 4870 tera
1512 4832 1631 4887 purpura
1642 4837 1690 4891 per
1701 4839 1764 4877 san.-

141 4910 246 4955 etomm
267 4897 379 4954 Patrem
407 4899 638 4953 testimonialem
665 4897 773 4951 inimica
795 4897 930 4965 subrepsit
980 4905 1085 4976 guinem
1100 4903 1177 4958 tieret
1191 4914 1378 4958 memoratum.
1395 4903 1453 4960 Nou
1467 4908 1540 4962 enim
1553 4909 1613 4964 lana
1627 4912 1698 4974 vilis,
1718 4912 1766 4966 sed

142 4991 290 5056 tementes,
304 4995 334 5043 ut
345 4989 481 5045 Christum
500 5003 599 5059 negare
612 4990 711 5043 audeas
723 4989 859 5058 pmprium
881 4987 929 5043 Dei
978 4994 1095 5062 pretiosa
1113 4992 1192 5061 hujus
1206 5000 1248 5047 est
1262 4994 1398 5062 sanguinis
1410 5012 1502 5066 capax.
1519 4997 1595 5064 Qtrotl
1615 5001 1636 5053 si
1656 5000 1766 5070 sanguis

141 5078 248 5145 Filium,
265 5079 308 5133 rel
330 5093 424 5159 verum
448 5078 594 5134 Dominum
613 5092 683 5142 esse,
702 5077 744 5131 rel
769 5077 797 5131 ia
821 5078 929 5148 proprio
980 5083 1024 5138 liic
1037 5082 1124 5137 lanam
1146 5092 1218 5138 tanta
1238 5083 1377 5152 majestate
1397 5088 1550 5145 sublimarit
1567 5104 1616 5158 per
1628 5105 1704 5144 suam
1718 5091 1767 5146 ad·

142 5187 254 5243 corpore
278 5170 418 5242 passiones
443 5179 542 5225 nemra
567 5169 662 5225 salutis
686 5184 766 5223 eausa
792 5168 930 5223 subiisse?
980 5174 1147 5241 mistionem,
1162 5185 1191 5230 ut
1203 5176 1268 5232 nulli
1282 5177 1332 5233 hac
1342 5176 1421 5233 liceat
1431 5180 1482 5243 uti,
1495 5180 1546 5233 uisi
1559 5180 1621 5234 huic
1634 5181 1680 5249 qui
1693 5181 1766 5251 regia

142 5261 236 5318 Nonne
248 5263 355 5317 cautim
369 5262 416 5317 tibi
428 5269 500 5317 esset
511 5261 581 5316 iutra
593 5277 699 5315 murum
714 5261 853 5315 catholicae
868 5261 928 5315 fidei
980 5264 1061 5321 luerit
1082 5266 1209 5337 praeditus
1232 5269 1362 5338 dignitate
1385 5287 1392 5323 :
1417 5277 1517 5337 quanto
1539 5269 1634 5338 tnagis,
1658 5271 1766 5340 quando

142 5357 258 5425 teipsum
272 5355 390 5410 retinere
401 5369 482 5424 quarn
497 5370 547 5426 per
558 5355 634 5409 deria
648 5353 812 5409 infidelitatis
824 5355 932 5409 errare?
981 5357 1099 5428 Spiritus
1113 5367 1222 5412 satiamus
1234 5359 1344 5413 renitiu
1359 5357 1479 5422 llariam,
1495 5367 1522 5411 et
1536 5357 1620 5413 virtus
1635 5358 1765 5413 altissimi

142 5443 212 5512 Quid
230 5443 264 5500 de
284 5445 378 5500 ovinus
396 5446 580 5501 :estimandum
606 5454 657 5512 est,
676 5445 739 5501 dum
761 5447 817 5516 ipse
841 5454 932 5517 pastor
980 5449 1150 5504 obumbravit
1163 5463 1232 5512 eam,
1254 5449 1305 5503 hoc
1318 5448 1390 5516 qued
1409 5456 1500 5501 tratum
1516 5457 1557 5502 est
1576 5464 1609 5503 οιι
1631 5464 1662 5504 ea
1675 5449 1708 5503 tle
1724 5464 1766 5505 se-

142 5552 237 5593 errare
251 5537 399 5606 probatur:
423 5538 509 5607 etqui
522 5537 617 5594 ductor
630 5537 721 5592 debuit
740 5552 800 5594 esse
815 5539 847 5593 ad
862 5538 932 5592 salu·
981 5540 1052 5595 mine
1066 5530 1147 5594 David
1162 5540 1307 5594 sectandum
1320 5553 1428 5593 carnem
1447 5548 1568 5594 sarnetum
1586 5538 1709 5612 iarael„
1724 5554 1767 5595 ss-

144 5638 210 5696 tam,
225 5629 321 5688 doctor
341 5629 428 5688 laetm
441 5637 482 5688 est
503 5629 536 5686 etl
557 5631 759 5702 perditioneml
775 5630 811 5689 De
834 5631 931 5688 talibus
981 5630 1064 5701 cumi,
1082 5630 1144 5686 lecit
1157 5629 1253 5686 Filium
1264 5629 1329 5698 Del,
1344 5638 1373 5684 ut
1384 5631 1421 5685 sic
1436 5641 1506 5687 esset
1520 5630 1602 5686 liaris
1616 5631 1765 5688 christato-
