3780 6120
309 208 315 241 Ι

48 293 51 296 ⁴
79 295 139 354 Ya'a
347 295 554 353 bduhailcn.
575 325 610 335 —
628 295 709 354 tbi.
728 289 926 351 subinnuit
944 293 1033 348 libili
1054 294 1097 347 li'.
1118 323 1153 333 -
1170 291 1279 347 aelst.
1300 291 1463 349 PRAEVIAE.
1664 296 1718 354 ‘tit

79 431 112 470 se
124 410 267 477 offerebat,
285 412 447 481 quibusdam
460 413 485 467 in
501 412 567 467 locis
582 412 737 467 durioribus
750 410 877 480 respondi
891 414 915 469 ll
1100 409 1206 480 862⁰
1222 408 1389 464 [Pisidia
1407 408 1544 463 tinniit

80 504 184 568 serbis,
210 502 370 572 quibusdam
386 503 485 556 lterum
510 503 537 556 in
559 503 626 557 locis
640 516 736 557 suaves
747 500 878 556 admiscui
1240 517 1274 554 tn
1292 516 1404 556 rosana.

81 594 171 667 icoo.
197 590 271 657 unt,
297 593 485 665 intermiscui]
510 593 734 658 admonitiones,
749 605 784 645 ne
808 591 879 645 illias
966 592 1114 647 litlebatur
1137 592 1203 647 mibi
1226 593 1389 663 condignum
1412 607 1569 664 praeponere
1591 595 1721 666 opusculo

76 685 290 741 infestissimam
312 684 430 738 animam
450 683 494 737 ecl
513 698 637 738 meorum
657 682 807 736 amaritudo
818 696 879 736 rer-
930 680 994 736 huie
1014 690 1107 735 ttttstro
1121 681 1272 751 epistolam,
1292 698 1373 752 quam
1389 684 1530 739 charitatis
1544 685 1634 742 ollteio
1646 687 1722 743 Patri

80 777 181 832 boram
203 783 389 843 exasperaret,
412 774 455 827 rel
477 774 576 828 iterum
598 773 685 828 mellis
699 772 812 828 dulcedo
830 787 879 826 see·
930 772 1062 843 Elipando
1080 773 1144 829 olim
1157 772 1170 811 ¹¹
1185 775 1283 840 direxi,
1301 790 1351 845 per
1369 784 1487 831 vestram
1507 781 1722 838 sanctonicae

80 884 145 922 ram
164 867 302 922 fastidiret
316 875 445 921 mentun.
469 866 526 922 Nee
544 864 665 935 precius
683 865 876 929 tantummodo,
931 864 1033 920 tionem
1051 874 1078 921 et
1098 867 1153 921 Deo
1170 866 1321 937 placentem
1343 869 1519 933 charitatem:
1540 872 1611 927 illius
1624 873 1722 930 litteris

80 969 112 1013 ιιι
126 958 195 1020 dixi,
217 957 339 1011 laborari
358 956 454 1020 salute,
477 971 559 1025 quent
576 956 667 1019 timeo,
690 954 781 1010 forsan
800 955 880 1009 citius
931 971 999 1024 quas
1019 973 1082 1012 meo
1097 957 1198 1011 nomini
1218 958 1334 1028 dirigere
1354 960 1465 1026 studuit,
1489 964 1650 1018 subnectere
1670 965 1722 1019 ha-

79 1050 235 1122 (oaeneon,
265 1046 423 1119 forsantius]
451 1047 493 1101 rel
518 1056 605 1102 morte
632 1054 796 1115 prereptum
820 1059 880 1100 esse
931 1046 999 1101 bens
1013 1061 1133 1101 mearum
1151 1050 1339 1118 responsiones
1352 1050 1527 1121 syllabarum,
1544 1062 1574 1106 ut
1590 1053 1722 1126 intelligat

78 1148 194 1210 pnrptcr
210 1137 375 1208 decrepitam
397 1137 426 1191 in
451 1152 483 1192 eo
508 1146 689 1200 senectutem,
715 1136 758 1192 uel
775 1137 812 1191 ob
826 1137 881 1190 dis·
930 1137 976 1205 qtd
1000 1137 1080 1208 legat,
1102 1154 1154 1208 qua
1168 1140 1302 1195 charitate
1322 1140 1394 1196 illius
1416 1145 1576 1198 venerande
1598 1145 1722 1216 dignitati

80 1230 226 1284 sensiones
247 1228 418 1298 populorum,
435 1228 462 1281 in
481 1225 540 1295 eius
554 1232 608 1281 non
632 1242 712 1298 posse
739 1230 881 1296 peruenire
932 1229 1155 1297 scripserim,ch
1174 1245 1227 1298 qno
1250 1231 1340 1285 animo
1365 1233 1526 1302 recepissem
1542 1233 1669 1290 fraterna¹
1684 1237 1723 1291 di·

80 1336 161 1375 nteas
174 1319 346 1389 presentiam
358 1318 490 1390 syllabas,
510 1318 558 1372 sed
574 1319 660 1389 magis
676 1319 702 1372 in
717 1318 880 1387 arbutei-ium
932 1317 1054 1372 lectionis
1065 1318 1196 1373 alliciam:
1209 1336 1240 1375 ac
1251 1321 1347 1376 deinde
1359 1325 1547 1393 responsiones
1564 1327 1724 1390 catholicas,

78 1410 215 1479 piissimae
230 1407 432 1478 predicationis
450 1415 557 1472 testrae,
572 1416 655 1477 atque
669 1407 794 1463 solatium
809 1409 882 1464 viro-
930 1425 1000 1478 quas
1014 1426 1045 1463 ex
1065 1422 1221 1466 sanctorum
1241 1412 1352 1467 Petrum
1376 1414 1456 1470 dictis
1479 1425 1572 1470 eontra
1587 1418 1657 1473 illias
1673 1419 1725 1473 int-

81 1515 157 1563 ratu,
181 1497 225 1552 ael
242 1496 408 1551 feminarum
432 1497 602 1551 morantibus
627 1496 723 1551 vicinis
744 1496 881 1566 lllspanlat
932 1502 1004 1569 plain
1026 1501 1221 1571 professionem
1246 1501 1341 1573 cobegi
1361 1503 1504 1571 subiicete.
1519 1505 1597 1572 Quod
1608 1520 1679 1578 opus
1694 1509 1723 1563 itt

81 1592 219 1662 partibus.
239 1591 430 1660 lmptoperatts
442 1596 470 1644 et
483 1589 551 1643 milti
567 1589 640 1643 idem
658 1589 786 1659 praefatas
798 1588 882 1645 Pater
933 1599 1049 1660 (quattuor
1060 1592 1136 1647 libris
1154 1593 1368 1648 terminavimus.
1382 1594 1484 1649 Deinde
1496 1597 1636 1664 epistolam
1650 1599 1724 1656 illius

81 1685 244 1740 diritimum
269 1681 482 1746 multitudinem,
510 1695 651 1736 serrorum
678 1697 764 1751 usque
787 1682 822 1736 ad
845 1696 882 1736 xit
933 1683 1057 1754 Elipandi
1071 1684 1105 1737 ad
1119 1682 1235 1738 Felicem
1249 1684 1384 1752 quondam
1400 1685 1471 1740 illius
1493 1686 1660 1743 defensorem
1682 1704 1725 1745 se·

78 1776 172 1831 titillia
195 1775 438 1834 numerositatem:
468 1773 608 1844 ignorans,
632 1788 687 1842 quo
709 1773 801 1828 animo
819 1772 881 1842 quis
895 1771 918 1831 tt
932 1783 993 1839 ctae,
1010 1790 1083 1829 nurte
1095 1789 1161 1830 uero
1176 1775 1232 1829 ileo
1247 1777 1365 1831 donante
1377 1776 1538 1834 Christiane
1553 1779 1614 1836 fidei
1626 1783 1726 1851 pradi-

80 1869 186 1923 habcat
207 1866 347 1922 secudum.
371 1865 452 1919 hbui
474 1873 515 1920 est
539 1866 638 1920 habere
653 1865 790 1929 sacculum,
810 1865 883 1920 aliud
932 1872 1070 1928 eatorem;
1094 1863 1205 1934 eiusque
1224 1866 1409 1922 conversionis
1424 1869 1457 1922 ati
1470 1869 1550 1924 fidem
1562 1871 1725 1929 catholicam

81 1968 128 2014 est
154 1958 277 2013 baberia
300 1957 409 2012 saeculo.
433 1957 483 2012 Est
501 1957 546 2027 qui
568 1957 651 2012 hahet
669 1958 777 2013 diuitias
790 1966 818 2012 et
830 1974 882 2013 nott
932 1953 1071 2023 epistolam
1084 1955 1222 2025 imponere
1239 1959 1403 2021 curarimus,
1417 1967 1552 2029 quatenus
1565 1977 1598 2016 cx
1611 1963 1653 2019 bis
1667 1979 1726 2020 om-

83 2050 181 2115 babet,
206 2049 306 2118 estqui
324 2063 378 2102 non
400 2049 484 2103 habet
504 2056 531 2103 et
548 2049 640 2103 babet.
661 2048 802 2104 flaminem
817 2064 883 2104 tero
933 2046 1012 2099 tubus
1025 2045 1086 2114 pius
1111 2046 1195 2101 lector
1217 2048 1335 2118 seipsum
1357 2050 1511 2105 consideret
1524 2061 1551 2107 ct
1567 2063 1671 2120 caveat,
1686 2057 1727 2111 di·

86 2142 123 2197 ad
137 2157 232 2197 meum
247 2156 385 2210 nunquam
400 2141 554 2212 comparavi
569 2142 719 2207 seruitium,
738 2142 785 2197 sed
798 2141 884 2210 masis
933 2136 995 2190 rina
1009 2135 1157 2206 opitulante
1169 2139 1267 2207 gratia,
1289 2154 1322 2193 ne
1339 2140 1437 2210 laqueo
1459 2141 1597 2213 llispanlci
1623 2148 1727 2203 erroris

84 2233 186 2289 &rota
210 2234 343 2288 charitate
364 2233 491 2311 omnibus
514 2232 617 2290 Christi
640 2232 687 2289 bei
709 2235 762 2289 mei
778 2233 884 2290 famulis
934 2235 1068 2281 tencatur.
1093 2226 1127 2281 Et
1141 2235 1172 2281 ut
1186 2228 1274 2292 tideo,
1291 2231 1409 2285 maxime
1421 2232 1498 2302 origo
1515 2235 1594 2303 huius
1606 2237 1727 2305 perfidiae

84 2325 191 2381 sennim
205 2324 381 2389 desidem„
401 2325 436 2380 sn
448 2323 527 2393 eujus
539 2324 644 2380 seri-inq
659 2323 828 2390 iacuissem,
845 2325 885 2380 n.
934 2319 968 2371 tie
982 2316 1089 2371 cordua
1099 2317 1213 2372 civitate
1227 2321 1368 2388 processit,
1389 2321 1461 2377 sicut
1479 2324 1505 2377 in
1523 2325 1638 2395 epistola
1655 2326 1728 2384 illias

86 2417 161 2479 nina,
189 2416 340 2482 uldredo,
359 2415 471 2484 jubente
493 2415 702 2485 dispensatione,
733 2417 767 2471 ad
785 2415 886 2488 gloi'ifl-
934 2407 1058 2478 Eiipandi
1072 2409 1106 2464 itti
1121 2409 1238 2466 Felicem
1251 2411 1392 2482 ptaesaltttn
1417 2415 1521 2471 directa
1547 2418 1659 2490 intelligi
1676 2436 1727 2490 po·

86 2521 148 2560 sitiit
164 2515 193 2562 st
212 2507 284 2561 omni
302 2507 405 2561 honore
420 2507 614 2562 niminnndum
626 2507 708 2576 hujus
723 2509 797 2579 pegni
812 2509 886 2578 prin·
935 2509 999 2566 lesl,
1016 2502 1079 2556 dum
1089 2504 1214 2558 eumdem
1225 2503 1344 2560 Felicem
1355 2507 1442 2562 adhuc
1456 2509 1496 2562 siti
1510 2511 1612 2566 erroris
1624 2513 1728 2568 catenis

86 2597 178 2668 elpettt
199 2605 228 2653 et
246 2613 338 2668 regem
352 2596 478 2654 Carolum
492 2605 603 2654 vocabis
616 2599 721 2664 adveni,
736 2599 806 2654 sicut
819 2599 886 2654 mibi
935 2593 1112 2647 constrictum
1125 2608 1185 2650 esse
1196 2596 1389 2651 arbitrabatur.
1413 2597 1466 2653 Sed
1489 2599 1544 2655 lieo
1563 2601 1660 2657 melius
1675 2603 1726 2658 ali·

88 2688 200 2760 quidam
223 2689 412 2744 sanctissimus
426 2690 478 2755 tir,
491 2689 696 2760 prophetiaeque
709 2683 804 2760 spiritu
815 2705 885 2760 prae-
936 2684 1000 2753 quid
1016 2684 1049 2738 de
1062 2700 1095 2739 eo
1107 2685 1291 2755 dispensante,
1304 2702 1354 2743 cor
1369 2688 1440 2744 illius
1456 2698 1485 2743 ut
1499 2689 1588 2746 lumen
1605 2694 1729 2749 veritatis

88 2780 172 2844 ditus,
185 2781 233 2836 llci
245 2796 305 2838 esse
318 2782 484 2836 uoluntatem
495 2783 522 2837 in
535 2798 594 2837 ntea
607 2783 769 2853 prmdixerat
780 2783 884 2853 patria;
936 2792 1086 2847 agnoscens
1107 2778 1210 2833 rediret
1230 2780 1257 2833 in
1280 2789 1382 2836 sancta
1402 2784 1499 2839 matris
1522 2784 1650 2842 Ecclesia
1669 2801 1731 2859 gre-

87 2872 175 2927 gum
200 2880 230 2927 et
253 2881 284 2927 nt
304 2874 347 2928 vir
367 2873 532 2929 venerabilis
552 2882 678 2944 totusque
702 2874 757 2930 Deo
782 2875 888 2930 deditus
937 2870 1032 2934 titium,
1049 2869 1117 2926 dans
1136 2871 1248 2942 gloriam
1272 2873 1338 2940 Deo,
1364 2875 1409 2943 qui
1429 2887 1571 2947 sperantes
1594 2880 1619 2934 in
1633 2896 1662 2936 sc
1676 2896 1729 2936 nott

91 2980 169 3021 meas
191 2965 258 3020 mibi
282 2966 439 3021 mandatam
460 2966 574 3022 dederat
597 2966 737 3036 magister,
757 2967 822 3021 atsi
839 2966 887 3021 ali»
938 2959 1054 3027 describ
1079 2963 1149 3017 sicut
1163 2964 1190 3018 in
1205 2964 1383 3033 suistitteris,
1408 2983 1476 3037 quas
1499 2971 1642 3025 adnectere
1664 2974 1728 3031 huic

90 3061 154 3116 cubi
177 3076 263 3117 noras
284 3063 405 3117 audirem
420 3063 486 3117 oriri
500 3073 597 3128 sectas,
614 3072 642 3118 ct
655 3064 810 3133 apostolicis
821 3079 887 3119 con·
939 3062 1032 3108 '¹⁰⁵1l0
1053 3055 1183 3122 0llu⁵⁰¹¹¹⁰
1204 3055 1286 3122 l0¹l¹in
1306 3066 1418 3128 Ρῐθβῑθΐ
1430 3060 1536 3115 liudem
1549 3052 1666 3118 ¹¹0issi¹¹is
1678 3065 1731 3120 Do-

89 3154 190 3208 nnn-ias
214 3153 355 3220 noetianis,
371 3170 432 3210 mni
450 3164 537 3210 sotum
559 3171 603 3209 mn
627 3156 654 3210 qn
678 3156 819 3212 canoncie
838 3157 885 3212 ne.
939 3144 1006 3198 mini
1021 3146 1106 3199 nostri
1120 3144 1183 3201 lesu
1196 3145 1309 3213 Christi,
1333 3158 1361 3204 et
1373 3150 1488 3206 salutem
1503 3151 1660 3222 legentium,
1673 3170 1732 3209 nta-

13 3310 20 3323 α
90 3243 215 3299 tensione
235 3245 298 3300 ndei
317 3245 460 3300 dedissem,
477 3245 554 3312 Quod
570 3248 695 3317 quamvis
716 3248 751 3303 οι)
776 3247 886 3319 imperi.
937 3233 1035 3290 nileste
1055 3235 1189 3307 intelligit,
1213 3237 1259 3308 qui
1282 3239 1373 3294 sobrio
1392 3255 1472 3295 sensu
1497 3243 1605 3297 easdem
1624 3242 1730 3299 litteras

91 3334 157 3389 cisni
172 3335 318 3404 panvinus
340 3351 407 3391 mne
429 3336 520 3391 minus
535 3337 647 3392 idoneus
662 3336 771 3402 inciam,
793 3344 885 3392 nmen
937 3325 1027 3395 legere
1050 3336 1130 3381 curat
1143 3345 1150 3379 ε
1164 3336 1298 3397 quantenus
1319 3329 1341 3383 si
1365 3330 1426 3399 quis
1448 3331 1551 3387 dubitet
1572 3314 1606 3387 de
1624 3334 1731 3390 ratione

91 3428 295 3497 promptissima
317 3436 419 3493 mente,
438 3437 569 3498 qnantum
587 3443 630 3483 me
644 3428 733 3484 divina
753 3427 887 3500 adjuverit
937 3419 1078 3475 calholicae
1094 3421 1165 3485 fidei,
1187 3421 1259 3477 iliius
1271 3423 1387 3494 religiosi
1402 3426 1453 3480 i'il‘i
1466 3428 1597 3498 elmdgni
1612 3431 1731 3485 nominis

91 3519 190 3587 gutia,
213 3519 278 3574 huis
295 3519 500 3588 pernecessario
518 3520 593 3589 operi
607 3533 650 3574 me
664 3520 887 3590 mansipnnssin-
938 3513 1010 3567 intel·
1031 3527 1095 3568 silos
1116 3514 1228 3569 edoctus
1250 3516 1381 3586 exemplo,
1406 3518 1464 3572 sine
1485 3520 1538 3574 illia
1564 3521 1732 3579 dubitatione

92 3610 216 3665 (ieonum
229 3609 388 3664 melioribus
400 3609 477 3676 mnis,
492 3610 656 3680 optimisque
670 3610 798 3666 Ecclesiae
809 3609 888 3666 Chri.
939 3602 1101 3657 universalis
1121 3603 1249 3659 Ecclesia!
1265 3620 1380 3675 sequens
1392 3611 1575 3674 concordiam,
1601 3612 1691 3668 laudet
1704 3622 1733 3668 01

92 3703 128 3756 sn
142 3702 312 3768 nonoribus,
329 3718 443 3772 qnorum
458 3704 529 3758 nona
545 3704 720 3768 nnunnannn,
736 3717 786 3775 per
799 3703 889 3759 diver.
937 3694 1068 3763 praedicet
1087 3695 1302 3750 misericordiam
1324 3698 1371 3751 Dei
1388 3701 1596 3768 omnipotentis,
1615 3703 1661 3773 qai
1678 3718 1732 3756 nott

92 3810 139 3850 ms
162 3794 264 3850 christi
295 3795 440 3860 Ecclesiae,
465 3795 494 3849 in
522 3795 574 3850 nnc
601 3796 728 3864 ppaesenn
753 3795 889 3864 reperitur
939 3782 994 3838 uult
1017 3792 1128 3837 mortem
1150 3786 1303 3854 peccatoris,
1323 3788 1369 3840 ted
1391 3797 1420 3841 ut
1443 3799 1609 3843 cottvertutttr
1623 3801 1648 3844 et
1663 3793 1733 3846 vitat

93 3902 187 3958 regno,
208 3886 265 3941 Nec
285 3901 319 3941 ep
340 3886 407 3940 milli
426 3886 514 3955 inagis
530 3886 676 3941 tacendum
689 3894 741 3951 esi,
766 3886 890 3955 quamvis
941 3876 1050 3948 (Emit.
1073 3893 1170 3942 xxiiii,
1186 3876 1241 3949 Η).
1261 3879 1316 3934 Vos
1335 3895 1411 3944 l'el'l),
1436 3879 1603 3936 dileciissimi
1622 3882 1732 3949 fraires,

93 3978 222 4034 meliores
242 3977 311 4032 mibi
331 3978 431 4032 babeat
452 3977 573 4032 Ecclesia
589 3976 637 4031 bei
654 3978 789 4042 doctores,
809 3985 890 4045 atque
941 3969 1033 4025 sedula
1047 3969 1189 4025 devotione
1203 3970 1333 4041 perlegite
1347 3972 1518 4037 haecomnia,
1531 3974 1688 4046 priusquam
1703 3976 1732 4031 ln

93 4071 157 4125 tidei
175 4069 317 4125 catholicae
337 4068 502 4125 defensores.
528 4069 719 4139 Unusquisque
740 4084 890 4139 prosena·
940 4061 1065 4131 pubiicas
1085 4063 1233 4131 procedere
1256 4079 1335 4119 aures
1360 4064 1456 4119 hitlini
1476 4066 1560 4120 siries
1583 4066 1734 4125 litterarum

92 4164 198 4218 tionem
220 4161 376 4217 redditurus
400 4161 463 4225 erit,
486 4168 515 4215 et
538 4161 585 4229 qui
608 4161 669 4229 plus
693 4160 809 4224 laborat,
831 4158 892 4229 plns
942 4152 1057 4207 faciatis.
1072 4153 1273 4223 Egosiquidem
1288 4155 1314 4208 ln
1327 4156 1477 4225 procinctu,
1490 4159 1617 4212 obtestri
1631 4159 1736 4217 itineris

92 4250 233 4307 ntercetlis
247 4253 371 4321 accipiet.
386 4252 510 4337 ldeireo,·
519 4250 684 4306 sanctissimi
699 4250 793 4305 Patres
810 4260 838 4304 et
852 4250 893 4305 di·
944 4244 1156 4311 festinationem,
1173 4245 1229 4300 haec
1242 4246 1438 4317 qualiacunque
1464 4256 1537 4314 sunt,
1562 4248 1673 4316 dictari,
1697 4251 1735 4306 lta

93 4343 241 4400 lectissimi
266 4344 375 4407 fratres,
403 4342 495 4397 sedula
521 4342 670 4396 intentione
695 4347 777 4410 atquo
798 4337 893 4395 indell-
943 4343 974 4390 ut
988 4336 1053 4390 mibi
1075 4345 1181 4406 tempus
1197 4336 1332 4408 relegendi
1354 4339 1396 4392 rel
1423 4340 1584 4395 emendandi
1605 4356 1657 4395 non
1680 4339 1732 4396 luit

91 4437 181 4493 eiertti
201 4437 299 4491 sudore
312 4436 339 4490 in
352 4435 546 4506 praedicatione
560 4435 635 4489 uerbi
651 4433 699 4489 bei
719 4443 747 4488 et
769 4433 893 4489 veritatis
946 4427 1081 4490 idoneum,
1104 4436 1201 4483 uestrae
1224 4429 1366 4484 cltaritatls
1388 4439 1531 4486 contentus
1549 4431 1737 4487 tantummodo

93 4529 301 4595 testificatione,
315 4529 462 4584 secundum
473 4529 590 4599 gratiam
602 4526 680 4583 vobis
691 4542 706 4581 a
718 4525 775 4582 Deo
789 4526 892 4590 datam,
945 4518 1059 4572 lectione
1074 4527 1156 4588 atque
1170 4520 1369 4574 emendatione.
1386 4519 1415 4574 si
1429 4520 1538 4589 dignum
1559 4527 1658 4575 vestre
1674 4536 1738 4576 con·

92 4622 275 4681 &vuambae
294 4622 417 4677 lalmrate
438 4640 445 4676 :
469 4622 630 4677 exhibentes
657 4621 835 4690 nosmetipsos
865 4619 892 4674 in
944 4611 1102 4666 siderationi
1129 4611 1269 4675 uideatur,
1298 4611 1418 4665 fraterno
1441 4610 1575 4665 ostendite
1602 4619 1737 4666 contentu

91 4714 303 4773 anniversatioae
320 4715 446 4786 religiosa
465 4714 590 4768 omnibus
608 4713 772 4783 exemplum,
792 4713 819 4767 in
833 4711 894 4767 ofli-
943 4701 1030 4774 [laeto
1046 4701 1218 4774 contenluiit
1234 4702 1276 4756 sin
1302 4710 1391 4755 alitem
1412 4699 1463 4755 sub
1483 4701 1586 4770 gremio
1608 4701 1737 4771 piissimae

92 4808 141 4862 cio
155 4804 267 4876 pietatis
280 4805 407 4860 omnibus
421 4813 520 4874 patres,
539 4804 568 4857 in
587 4802 715 4858 fraterrae
740 4803 893 4859 dilectionis
944 4794 1087 4849 charitatis
1114 4802 1211 4848 vestra}
1236 4792 1404 4858 ³b⁵⁰0nffil⁰t
1437 4795 1523 4848 donec
1550 4794 1624 4848 0¹1¹ni
1650 4793 1737 4865 [laesio

94 4895 286 4953 admonitione
311 4897 438 4950 omnibns
461 4894 578 4959 iratres,
605 4896 632 4950 in
656 4895 893 4951 administratione
945 4885 1095 4957 cammunti
1110 4884 1223 4940 consilio
1238 4892 1395 4950 coaeternos,
1414 4884 1479 4955 qoiu
1494 4885 1527 4940 de
1540 4885 1593 4940 noc
1606 4883 1739 4955 agennum

93 4998 176 5053 terte
197 4984 358 5039 humilitatis
384 4985 510 5039 omnibus
534 4983 623 5050 filios;
651 4984 778 5038 omnibus
803 4985 894 5039 omnia
945 4979 981 5034 sit
991 4992 1082 5047 opere.
1099 4976 1201 5031 Tamen
1228 4975 1344 5030 ftrmitcr
1365 4976 1468 5045 absque
1494 4974 1547 5029 ulla
1571 4973 1740 5028 dubitatione

94 5073 181 5138 faeti,
195 5083 226 5129 ut
236 5074 358 5128 omnium
372 5072 445 5128 salus
460 5082 488 5127 et
499 5073 638 5143 profectus
652 5073 679 5127 in
694 5081 794 5128 aeterna
809 5072 895 5128 beati·
946 5080 1101 5127 sanctorum
1117 5068 1261 5139 sequimini
1274 5068 1386 5139 vestigia
1398 5068 1521 5131 Patrem,
1536 5074 1563 5121 et
1578 5064 1739 5119 catholicam

94 5167 207 5230 tudine,
219 5163 297 5238 [lieo]
309 5165 436 5229 donante,
452 5165 592 5236 multiplici
607 5181 655 5220 ros
667 5165 791 5219 mercede
800 5165 896 5232 distros
948 5163 1036 5227 fidem,
1053 5177 1133 5233 qttam
1152 5161 1244 5215 multis
1259 5162 1413 5216 roboratam
1429 5157 1590 5213 testimoniis
1607 5156 1738 5226 aspicitis,

91 5256 215 5315 efficiat.
235 5255 401 5312 lneolumem
419 5265 447 5311 et
464 5257 650 5327 proficientem
665 5256 692 5311 ln
704 5256 896 5326 praedicatione
947 5261 1038 5308 tenete
1053 5261 1080 5306 et
1091 5252 1237 5322 praedicate
1254 5266 1324 5306 :nec
1346 5258 1451 5304 tantum
1471 5247 1674 5302 considerantes
1690 5247 1741 5301 im-

93 5350 180 5408 terltt
202 5348 252 5403 llei
273 5349 363 5405 divina
385 5359 502 5404 nestram
517 5351 689 5405 sanctitatem
701 5349 788 5421 qratia
805 5358 896 5405 custo-
949 5346 1043 5416 perita
1063 5344 1160 5415 linguae
1180 5343 1206 5396 in
1227 5356 1270 5396 me
1292 5341 1458 5404 tarditatem,
1473 5342 1604 5408 quantum
1623 5336 1650 5390 in
1666 5335 1742 5391 testi-

93 5444 171 5504 diat,
188 5441 351 5497 sanctissimi
367 5441 474 5498 fratres.
950 5437 1048 5493 moniis
1059 5435 1170 5491 Patram
1183 5432 1325 5488 catholicae
1337 5429 1399 5484 fidei
1411 5428 1563 5484 ceritatem.
1583 5423 1636 5481 Sed
1650 5432 1677 5480 et
1690 5424 1742 5480 hoe

132 5593 152 5622 ⁸
168 5574 798 5704 lhancepistolam,seulirioris'additamentum
813 5578 897 5647 Quor·
950 5578 1009 5648 ipso
1034 5573 1113 5643 liujus
1136 5569 1313 5652 additamenti
1336 5566 1664 5651 tenorendeprornptam3
1694 5560 1743 5617 de·

93 5652 322 5711 oemauslaline
344 5649 458 5706 istorum
489 5651 609 5711 lbtotum
631 5651 761 5706 adversas
786 5650 896 5720 Elipaa-
951 5648 1128 5718 dimossapra
1143 5644 1170 5699 in
1184 5635 1636 5723 llonttoprmrto,circa'tnedtant.

95 5728 169 5781 ttutn
180 5722 313 5777 exhibuit.
328 5719 469 5776 Rationem
492 5722 588 5778 mutati
602 5722 708 5778 anobis
728 5721 841 5788 ordinis,
861 5735 895 5776 ex
987 5719 1001 5760 b
1014 5713 1456 5786 tnnoite,tuntprtmonent1n
1471 5705 1639 5778 llttpantatn.

304 5814 430 5878 enitor.
459 5811 508 5894 CI.
943 5849 959 5860 --
1516 5798 1542 5862 8
