<?xml version="1.0" encoding="UTF-8"?>
<!DOCTYPE html PUBLIC "-//W3C//DTD XHTML 1.0 Transitional//EN"
    "http://www.w3.org/TR/xhtml1/DTD/xhtml1-transitional.dtd">
<html xmlns="http://www.w3.org/1999/xhtml" xml:lang="en" lang="en">
 <head>
  <title>
</title>
<meta http-equiv="Content-Type" content="text/html;charset=utf-8" />
  <meta name='ocr-system' content='tesseract 3.04.00' />
  <meta name='ocr-capabilities' content='ocr_page ocr_carea ocr_par ocr_line ocrx_word'/>
</head>
<body>
  <div class='ocr_page' id='page_1' title='image "./patrologiaecurs25goog/patrologiaecurs25goog_0736.png"; bbox 0 0 3780 6120; ppageno 0'>
   <div class='ocr_carea' id='block_1_1' title="bbox 123 297 189 354">
    <p class='ocr_par' dir='ltr' id='par_1_1' title="bbox 123 297 189 354">
     <span class='ocr_line' id='line_1_1' title="bbox 123 297 189 354; baseline 0.03 -2"><span class='ocrx_word' id='word_1_1' title='bbox 123 297 189 354; x_wconf 73' lang='lat' dir='ltr'>libi</span> 
     </span>
    </p>
   </div>
   <div class='ocr_carea' id='block_1_2' title="bbox 614 291 1241 352">
    <p class='ocr_par' dir='ltr' id='par_1_2' title="bbox 614 291 1241 352">
     <span class='ocr_line' id='line_1_2' title="bbox 614 291 1241 352; baseline 0.002 -4"><span class='ocrx_word' id='word_1_2' title='bbox 614 292 785 351; x_wconf 70' lang='lat' dir='ltr'>serbabis</span> <span class='ocrx_word' id='word_1_3' title='bbox 803 291 847 348; x_wconf 88' lang='lat' dir='ltr'>lll.</span> <span class='ocrx_word' id='word_1_4' title='bbox 867 322 902 334; x_wconf 90' lang='lat'><em>-</em></span> <span class='ocrx_word' id='word_1_5' title='bbox 920 292 1074 352; x_wconf 75' lang='lat' dir='ltr'>atocttltt</span> <span class='ocrx_word' id='word_1_6' title='bbox 1093 292 1241 352; x_wconf 69' lang='lat' dir='ltr'>esculat.</span> 
     </span>
    </p>
   </div>
   <div class='ocr_carea' id='block_1_3' title="bbox 1673 296 1741 357">
    <p class='ocr_par' dir='ltr' id='par_1_3' title="bbox 1673 296 1741 357">
     <span class='ocr_line' id='line_1_3' title="bbox 1673 296 1741 357; baseline -0.044 0"><span class='ocrx_word' id='word_1_7' title='bbox 1673 296 1741 357; x_wconf 71' lang='grc'>1158</span> 
     </span>
    </p>
   </div>
   <div class='ocr_carea' id='block_1_4' title="bbox 121 403 1739 478">
    <p class='ocr_par' dir='ltr' id='par_1_4' title="bbox 121 403 1739 478">
     <span class='ocr_line' id='line_1_4' title="bbox 121 403 1739 478; baseline -0.001 -13"><span class='ocrx_word' id='word_1_8' title='bbox 121 426 187 465; x_wconf 80' lang='lat' dir='ltr'>tiore</span> <span class='ocrx_word' id='word_1_9' title='bbox 204 409 335 478; x_wconf 86' lang='lat' dir='ltr'>condigno</span> <span class='ocrx_word' id='word_1_10' title='bbox 359 417 467 463; x_wconf 88' lang='lat' dir='ltr'>maneat</span> <span class='ocrx_word' id='word_1_11' title='bbox 493 419 585 460; x_wconf 82' lang='lat' dir='ltr'>mensa</span> <span class='ocrx_word' id='word_1_12' title='bbox 603 404 750 459; x_wconf 84' lang='lat' dir='ltr'>Donriui&#39;in</span> <span class='ocrx_word' id='word_1_13' title='bbox 767 404 827 460; x_wconf 89' lang='lat' dir='ltr'>ioco</span> <span class='ocrx_word' id='word_1_14' title='bbox 842 420 901 466; x_wconf 86' lang='lat' dir='ltr'>suo,</span> <span class='ocrx_word' id='word_1_15' title='bbox 917 404 1024 467; x_wconf 78' lang='lat' dir='ltr'>Adicto</span> <span class='ocrx_word' id='word_1_16' title='bbox 1037 405 1122 458; x_wconf 82' lang='lat' dir='ltr'>eoacti</span> <span class='ocrx_word' id='word_1_17' title='bbox 1136 403 1269 458; x_wconf 77' lang='lat' dir='ltr'><em>Benedicti</em></span> <span class='ocrx_word' id='word_1_18' title='bbox 1278 421 1358 474; x_wconf 75' lang='lat' dir='ltr'>puero</span> <span class='ocrx_word' id='word_1_19' title='bbox 1375 403 1490 471; x_wconf 83' lang='lat' dir='ltr'>licere,</span> <span class='ocrx_word' id='word_1_20' title='bbox 1510 407 1537 462; x_wconf 89' lang='lat' dir='ltr'>id</span> <span class='ocrx_word' id='word_1_21' title='bbox 1561 418 1600 463; x_wconf 88' lang='lat' dir='ltr'>est</span> <span class='ocrx_word' id='word_1_22' title='bbox 1617 407 1739 474; x_wconf 82' lang='lat' dir='ltr'>ltabauo,</span> 
     </span>
    </p>
   </div>
   <div class='ocr_carea' id='block_1_5' title="bbox 118 473 904 1451">
    <p class='ocr_par' dir='ltr' id='par_1_5' title="bbox 118 473 904 1451">
     <span class='ocr_line' id='line_1_5' title="bbox 121 473 904 550; baseline -0.003 -19"><span class='ocrx_word' id='word_1_23' title='bbox 121 481 162 534; x_wconf 90' lang='lat' dir='ltr'>vel</span> <span class='ocrx_word' id='word_1_24' title='bbox 175 488 295 550; x_wconf 87' lang='lat' dir='ltr'>portetur</span> <span class='ocrx_word' id='word_1_25' title='bbox 315 478 343 533; x_wconf 92' lang='lat' dir='ltr'>iu</span> <span class='ocrx_word' id='word_1_26' title='bbox 357 476 497 533; x_wconf 85' lang='lat' dir='ltr'>ecelesiam</span> <span class='ocrx_word' id='word_1_27' title='bbox 523 473 662 546; x_wconf 85' lang='lat' dir='ltr'>majorem,</span> <span class='ocrx_word' id='word_1_28' title='bbox 680 475 827 530; x_wconf 86' lang='lat' dir='ltr'>secundum</span> <span class='ocrx_word' id='word_1_29' title='bbox 842 489 904 529; x_wconf 86' lang='lat' dir='ltr'>san-</span> 
     </span>
     <span class='ocr_line' id='line_1_6' title="bbox 120 542 904 616; baseline -0.003 -13"><span class='ocrx_word' id='word_1_30' title='bbox 120 558 193 607; x_wconf 88' lang='lat' dir='ltr'>ctam</span> <span class='ocrx_word' id='word_1_31' title='bbox 208 548 376 604; x_wconf 89' lang='lat' dir='ltr'>sacerdotum</span> <span class='ocrx_word' id='word_1_32' title='bbox 402 547 449 601; x_wconf 85' lang='lat' dir='ltr'>Dei</span> <span class='ocrx_word' id='word_1_33' title='bbox 468 545 675 616; x_wconf 87' lang='lat' dir='ltr'>providentiam.</span> <span class='ocrx_word' id='word_1_34' title='bbox 696 542 730 598; x_wconf 83' lang='lat' dir='ltr'>Et</span> <span class='ocrx_word' id='word_1_35' title='bbox 752 543 904 601; x_wconf 86' lang='lat' dir='ltr'>honorilice</span> 
     </span>
     <span class='ocr_line' id='line_1_7' title="bbox 122 614 903 682; baseline -0.005 -10"><span class='ocrx_word' id='word_1_36' title='bbox 122 627 261 682; x_wconf 73' lang='lat' dir='ltr'>tractetur,</span> <span class='ocrx_word' id='word_1_37' title='bbox 277 633 324 672; x_wconf 86' lang='lat' dir='ltr'>seu</span> <span class='ocrx_word' id='word_1_38' title='bbox 336 617 422 672; x_wconf 89' lang='lat' dir='ltr'>altare</span> <span class='ocrx_word' id='word_1_39' title='bbox 439 614 552 678; x_wconf 86' lang='lat' dir='ltr'>Christi,</span> <span class='ocrx_word' id='word_1_40' title='bbox 578 629 625 668; x_wconf 90' lang='lat' dir='ltr'>seu</span> <span class='ocrx_word' id='word_1_41' title='bbox 651 614 818 668; x_wconf 86' lang='lat' dir='ltr'>consecratio</span> <span class='ocrx_word' id='word_1_42' title='bbox 841 629 903 669; x_wconf 89' lang='lat' dir='ltr'>eor·</span> 
     </span>
     <span class='ocr_line' id='line_1_8' title="bbox 121 683 904 758; baseline -0.006 -15"><span class='ocrx_word' id='word_1_43' title='bbox 121 690 193 758; x_wconf 91' lang='lat' dir='ltr'>poris</span> <span class='ocrx_word' id='word_1_44' title='bbox 206 696 232 743; x_wconf 86' lang='lat' dir='ltr'>et</span> <span class='ocrx_word' id='word_1_45' title='bbox 249 687 386 758; x_wconf 90' lang='lat' dir='ltr'>sanguinis</span> <span class='ocrx_word' id='word_1_46' title='bbox 409 685 479 739; x_wconf 90' lang='lat' dir='ltr'>illius</span> <span class='ocrx_word' id='word_1_47' title='bbox 495 703 501 737; x_wconf 81' lang='lat' dir='ltr'><strong><em>z</em></strong></span> <span class='ocrx_word' id='word_1_48' title='bbox 518 690 544 737; x_wconf 91' lang='lat' dir='ltr'>et</span> <span class='ocrx_word' id='word_1_49' title='bbox 557 683 722 753; x_wconf 71' lang='lat' dir='ltr'>praecipuum</span> <span class='ocrx_word' id='word_1_50' title='bbox 747 683 842 738; x_wconf 86' lang='lat' dir='ltr'>salutis</span> <span class='ocrx_word' id='word_1_51' title='bbox 856 700 904 738; x_wconf 82' lang='lat' dir='ltr'>rto-</span> 
     </span>
     <span class='ocr_line' id='line_1_9' title="bbox 121 752 901 816; baseline -0.005 -6"><span class='ocrx_word' id='word_1_52' title='bbox 121 766 185 814; x_wconf 75' lang='lat' dir='ltr'>straa</span> <span class='ocrx_word' id='word_1_53' title='bbox 197 765 392 812; x_wconf 90' lang='lat' dir='ltr'>sacramentum</span> <span class='ocrx_word' id='word_1_54' title='bbox 419 755 492 809; x_wconf 90' lang='lat' dir='ltr'>omni</span> <span class='ocrx_word' id='word_1_55' title='bbox 518 752 691 807; x_wconf 87' lang='lat' dir='ltr'>veneratione</span> <span class='ocrx_word' id='word_1_56' title='bbox 718 760 901 816; x_wconf 87' lang='lat' dir='ltr'>consecretur,</span> 
     </span>
     <span class='ocr_line' id='line_1_10' title="bbox 121 820 903 889; baseline -0.008 -9"><span class='ocrx_word' id='word_1_57' title='bbox 121 827 250 883; x_wconf 80' lang='lat' dir='ltr'>habeatur</span> <span class='ocrx_word' id='word_1_58' title='bbox 267 835 293 882; x_wconf 91' lang='lat' dir='ltr'>et</span> <span class='ocrx_word' id='word_1_59' title='bbox 305 824 480 880; x_wconf 85' lang='lat' dir='ltr'>custodiatur.</span> <span class='ocrx_word' id='word_1_60' title='bbox 510 841 519 874; x_wconf 83' lang='grc' dir='ltr'>ι</span> <span class='ocrx_word' id='word_1_61' title='bbox 538 821 607 889; x_wconf 83' lang='lat' dir='ltr'>Quid</span> <span class='ocrx_word' id='word_1_62' title='bbox 631 822 664 876; x_wconf 90' lang='lat' dir='ltr'>de</span> <span class='ocrx_word' id='word_1_63' title='bbox 679 820 832 877; x_wconf 80' lang='lat' dir='ltr'>relaxandis</span> <span class='ocrx_word' id='word_1_64' title='bbox 856 822 903 875; x_wconf 89' lang='lat' dir='ltr'>de-</span> 
     </span>
     <span class='ocr_line' id='line_1_11' title="bbox 120 889 901 966; baseline -0.006 -15"><span class='ocrx_word' id='word_1_65' title='bbox 120 898 209 962; x_wconf 88' lang='lat' dir='ltr'>cimis,</span> <span class='ocrx_word' id='word_1_66' title='bbox 241 911 334 966; x_wconf 82' lang='lat' dir='ltr'>quasa</span> <span class='ocrx_word' id='word_1_67' title='bbox 350 894 456 948; x_wconf 83' lang='lat' dir='ltr'>saevitiis</span> <span class='ocrx_word' id='word_1_68' title='bbox 473 891 634 949; x_wconf 84' lang='lat' dir='ltr'>Christianis</span> <span class='ocrx_word' id='word_1_69' title='bbox 660 889 783 945; x_wconf 83' lang='lat' dir='ltr'>Saxonici</span> <span class='ocrx_word' id='word_1_70' title='bbox 812 892 901 962; x_wconf 89' lang='lat' dir='ltr'>populi</span> 
     </span>
     <span class='ocr_line' id='line_1_12' title="bbox 120 960 901 1035; baseline -0.006 -14"><span class='ocrx_word' id='word_1_71' title='bbox 120 968 191 1035; x_wconf 81' lang='lat' dir='ltr'>erigi</span> <span class='ocrx_word' id='word_1_72' title='bbox 201 966 305 1021; x_wconf 90' lang='lat' dir='ltr'>volebat</span> <span class='ocrx_word' id='word_1_73' title='bbox 318 964 439 1026; x_wconf 89' lang='lat' dir='ltr'>Carolus,</span> <span class='ocrx_word' id='word_1_74' title='bbox 454 963 569 1018; x_wconf 81' lang='lat' dir='ltr'>senserit</span> <span class='ocrx_word' id='word_1_75' title='bbox 579 963 621 1014; x_wconf 90' lang='lat' dir='ltr'>vir</span> <span class='ocrx_word' id='word_1_76' title='bbox 632 960 702 1030; x_wconf 91' lang='lat' dir='ltr'>pius,</span> <span class='ocrx_word' id='word_1_77' title='bbox 715 962 830 1030; x_wconf 84' lang='lat' dir='ltr'>probant</span> <span class='ocrx_word' id='word_1_78' title='bbox 842 962 901 1031; x_wconf 86' lang='lat' dir='ltr'>epi-</span> 
     </span>
     <span class='ocr_line' id='line_1_13' title="bbox 121 1029 901 1129; baseline -0.003 -40"><span class='ocrx_word' id='word_1_79' title='bbox 121 1037 194 1090; x_wconf 71' lang='lat' dir='ltr'>stolae</span> <span class='ocrx_word' id='word_1_80' title='bbox 208 1036 223 1088; x_wconf 82' lang='lat' dir='ltr'>t</span> <span class='ocrx_word' id='word_1_81' title='bbox 237 1045 263 1089; x_wconf 90' lang='lat' dir='ltr'>et</span> <span class='ocrx_word' id='word_1_82' title='bbox 283 1036 312 1088; x_wconf 89' lang='grc'>11</span> <span class='ocrx_word' id='word_1_83' title='bbox 330 1033 412 1106; x_wconf 83' lang='lat' dir='ltr'>(ntrnc</span> <span class='ocrx_word' id='word_1_84' title='bbox 436 1035 470 1089; x_wconf 76' lang='lat'>33</span> <span class='ocrx_word' id='word_1_85' title='bbox 484 1031 577 1129; x_wconf 43' lang='grc'>(0951.</span> <span class='ocrx_word' id='word_1_86' title='bbox 605 1029 634 1085; x_wconf 91' lang='lat' dir='ltr'>ln</span> <span class='ocrx_word' id='word_1_87' title='bbox 649 1030 812 1086; x_wconf 87' lang='lat' dir='ltr'>simoniacos</span> <span class='ocrx_word' id='word_1_88' title='bbox 827 1032 901 1087; x_wconf 88' lang='lat' dir='ltr'>inve-</span> 
     </span>
     <span class='ocr_line' id='line_1_14' title="bbox 121 1100 901 1173; baseline -0.003 -15"><span class='ocrx_word' id='word_1_89' title='bbox 121 1105 193 1158; x_wconf 88' lang='lat' dir='ltr'>hitur</span> <span class='ocrx_word' id='word_1_90' title='bbox 218 1106 244 1160; x_wconf 90' lang='lat' dir='ltr'>iu</span> <span class='ocrx_word' id='word_1_91' title='bbox 269 1103 381 1173; x_wconf 88' lang='lat' dir='ltr'>epistola</span> <span class='ocrx_word' id='word_1_92' title='bbox 405 1103 439 1158; x_wconf 89' lang='lat'>88</span> <span class='ocrx_word' id='word_1_93' title='bbox 465 1100 603 1173; x_wconf 74' lang='lat' dir='ltr'>(nuncsi)</span> <span class='ocrx_word' id='word_1_94' title='bbox 627 1109 654 1155; x_wconf 91' lang='lat' dir='ltr'>et</span> <span class='ocrx_word' id='word_1_95' title='bbox 668 1100 694 1154; x_wconf 93' lang='lat' dir='ltr'>in</span> <span class='ocrx_word' id='word_1_96' title='bbox 707 1100 901 1172; x_wconf 87' lang='lat' dir='ltr'>epigrammate</span> 
     </span>
     <span class='ocr_line' id='line_1_15' title="bbox 119 1169 899 1244; baseline -0.001 -16"><span class='ocrx_word' id='word_1_97' title='bbox 119 1174 167 1228; x_wconf 78' lang='lat' dir='ltr'>att</span> <span class='ocrx_word' id='word_1_98' title='bbox 199 1173 281 1244; x_wconf 84' lang='lat' dir='ltr'>(riunc</span> <span class='ocrx_word' id='word_1_99' title='bbox 309 1173 381 1243; x_wconf 74' lang='lat' dir='ltr'>tet).</span> <span class='ocrx_word' id='word_1_100' title='bbox 398 1172 426 1227; x_wconf 95' lang='lat' dir='ltr'>ln</span> <span class='ocrx_word' id='word_1_101' title='bbox 449 1171 560 1241; x_wconf 86' lang='lat' dir='ltr'>epistola</span> <span class='ocrx_word' id='word_1_102' title='bbox 588 1169 715 1225; x_wconf 81' lang='lat' dir='ltr'>veroltli</span> <span class='ocrx_word' id='word_1_103' title='bbox 743 1172 826 1241; x_wconf 78' lang='lat' dir='ltr'>(arurae</span> <span class='ocrx_word' id='word_1_104' title='bbox 840 1170 899 1243; x_wconf 80' lang='grc'>180)</span> 
     </span>
     <span class='ocr_line' id='line_1_16' title="bbox 118 1238 900 1298; baseline 0.003 -4"><span class='ocrx_word' id='word_1_105' title='bbox 118 1242 262 1298; x_wconf 78' lang='lat' dir='ltr'>Antonium</span> <span class='ocrx_word' id='word_1_106' title='bbox 286 1259 333 1297; x_wconf 90' lang='lat' dir='ltr'>seu</span> <span class='ocrx_word' id='word_1_107' title='bbox 361 1241 542 1296; x_wconf 83' lang='lat' dir='ltr'>hdalhardum</span> <span class='ocrx_word' id='word_1_108' title='bbox 562 1241 685 1295; x_wconf 81' lang='lat' dir='ltr'>abbatem</span> <span class='ocrx_word' id='word_1_109' title='bbox 710 1238 900 1296; x_wconf 72' lang='lat' dir='ltr'>corbeiensem</span> 
     </span>
     <span class='ocr_line' id='line_1_17' title="bbox 119 1310 898 1394; baseline 0 -29"><span class='ocrx_word' id='word_1_110' title='bbox 119 1323 203 1381; x_wconf 83' lang='lat' dir='ltr'>rogat,</span> <span class='ocrx_word' id='word_1_111' title='bbox 215 1324 245 1366; x_wconf 94' lang='lat' dir='ltr'>ut</span> <span class='ocrx_word' id='word_1_112' title='bbox 273 1313 416 1366; x_wconf 88' lang='lat' dir='ltr'>llomerum</span> <span class='ocrx_word' id='word_1_113' title='bbox 433 1311 470 1394; x_wconf 85' lang='lat' dir='ltr'>(iu</span> <span class='ocrx_word' id='word_1_114' title='bbox 482 1311 636 1381; x_wconf 82' lang='lat' dir='ltr'>Angilbcrto</span> <span class='ocrx_word' id='word_1_115' title='bbox 658 1311 773 1364; x_wconf 88' lang='lat' dir='ltr'>alterum</span> <span class='ocrx_word' id='word_1_116' title='bbox 790 1310 898 1382; x_wconf 87' lang='lat' dir='ltr'>nomen)</span> 
     </span>
     <span class='ocr_line' id='line_1_18' title="bbox 118 1380 900 1451; baseline -0.001 -16"><span class='ocrx_word' id='word_1_117' title='bbox 118 1391 256 1438; x_wconf 88' lang='lat' dir='ltr'>revocaret</span> <span class='ocrx_word' id='word_1_118' title='bbox 271 1399 286 1449; x_wconf 77' lang='lat' dir='ltr'>a</span> <span class='ocrx_word' id='word_1_119' title='bbox 300 1382 458 1451; x_wconf 83' lang='lat' dir='ltr'>spectaculis</span> <span class='ocrx_word' id='word_1_120' title='bbox 475 1381 622 1445; x_wconf 80' lang='lat' dir='ltr'>theatricis,</span> <span class='ocrx_word' id='word_1_121' title='bbox 645 1382 684 1434; x_wconf 91' lang='lat' dir='ltr'>uti</span> <span class='ocrx_word' id='word_1_122' title='bbox 698 1380 724 1434; x_wconf 89' lang='lat' dir='ltr'>id</span> <span class='ocrx_word' id='word_1_123' title='bbox 742 1382 798 1449; x_wconf 91' lang='lat' dir='ltr'>ipso</span> <span class='ocrx_word' id='word_1_124' title='bbox 813 1387 900 1434; x_wconf 90' lang='lat' dir='ltr'>tenta·</span> 
     </span>
    </p>
   </div>
   <div class='ocr_carea' id='block_1_6' title="bbox 118 1449 999 1521">
    <p class='ocr_par' dir='ltr' id='par_1_6' title="bbox 118 1449 999 1521">
     <span class='ocr_line' id='line_1_19' title="bbox 118 1449 999 1521; baseline 0.002 -17"><span class='ocrx_word' id='word_1_125' title='bbox 118 1460 193 1506; x_wconf 89' lang='lat' dir='ltr'>verat</span> <span class='ocrx_word' id='word_1_126' title='bbox 221 1453 320 1521; x_wconf 90' lang='lat' dir='ltr'>scripta</span> <span class='ocrx_word' id='word_1_127' title='bbox 339 1453 389 1506; x_wconf 89' lang='lat' dir='ltr'>hac</span> <span class='ocrx_word' id='word_1_128' title='bbox 411 1452 443 1506; x_wconf 91' lang='lat' dir='ltr'>dc</span> <span class='ocrx_word' id='word_1_129' title='bbox 468 1467 496 1506; x_wconf 91' lang='lat' dir='ltr'>rc</span> <span class='ocrx_word' id='word_1_130' title='bbox 519 1451 632 1519; x_wconf 88' lang='lat' dir='ltr'>epistola</span> <span class='ocrx_word' id='word_1_131' title='bbox 659 1449 692 1503; x_wconf 92' lang='lat' dir='ltr'>ad</span> <span class='ocrx_word' id='word_1_132' title='bbox 710 1450 898 1520; x_wconf 84' lang='lat' dir='ltr'>hugilbertum</span> <span class='ocrx_word' id='word_1_133' title='bbox 991 1495 999 1506; x_wconf 85' lang='lat'>.</span> 
     </span>
    </p>
   </div>
   <div class='ocr_carea' id='block_1_7' title="bbox 117 1520 899 1730">
    <p class='ocr_par' dir='ltr' id='par_1_7' title="bbox 117 1520 899 1730">
     <span class='ocr_line' id='line_1_20' title="bbox 117 1520 899 1647; baseline 0.003 -74"><span class='ocrx_word' id='word_1_134' title='bbox 117 1531 209 1576; x_wconf 82' lang='lat' dir='ltr'>eontra</span> <span class='ocrx_word' id='word_1_135' title='bbox 226 1522 376 1647; x_wconf 57' lang='lat' dir='ltr'>ageectacula</span> <span class='ocrx_word' id='word_1_136' title='bbox 391 1530 418 1576; x_wconf 89' lang='lat' dir='ltr'>et</span> <span class='ocrx_word' id='word_1_137' title='bbox 430 1520 559 1603; x_wconf 74' lang='lat' dir='ltr'>diabolica</span> <span class='ocrx_word' id='word_1_138' title='bbox 582 1521 718 1591; x_wconf 88' lang='lat' dir='ltr'>tigmeuta,</span> <span class='ocrx_word' id='word_1_139' title='bbox 733 1536 793 1589; x_wconf 73' lang='lat' dir='ltr'>quae</span> <span class='ocrx_word' id='word_1_140' title='bbox 805 1535 899 1575; x_wconf 78' lang='lat' dir='ltr'>omnies</span> 
     </span>
     <span class='ocr_line' id='line_1_21' title="bbox 117 1591 568 1663; baseline -0.007 -18"><span class='ocrx_word' id='word_1_141' title='bbox 117 1601 216 1647; x_wconf 72' lang='lat' dir='ltr'>soractae</span> <span class='ocrx_word' id='word_1_142' title='bbox 269 1593 377 1663; x_wconf 80' lang='lat' dir='ltr'>ripturte</span> <span class='ocrx_word' id='word_1_143' title='bbox 389 1591 540 1659; x_wconf 85' lang='lat' dir='ltr'>prohibent.</span> <span class='ocrx_word' id='word_1_144' title='bbox 559 1610 568 1642; x_wconf 81' lang='lat' dir='ltr'>s</span> 
     </span>
     <span class='ocr_line' id='line_1_22' title="bbox 152 1659 895 1730; baseline -0.001 -17"><span class='ocrx_word' id='word_1_145' title='bbox 152 1661 195 1714; x_wconf 82' lang='grc'>70.</span> <span class='ocrx_word' id='word_1_146' title='bbox 216 1661 300 1728; x_wconf 87' lang='lat' dir='ltr'>Quam</span> <span class='ocrx_word' id='word_1_147' title='bbox 316 1662 434 1716; x_wconf 78' lang='lat' dir='ltr'>modeste</span> <span class='ocrx_word' id='word_1_148' title='bbox 460 1661 560 1730; x_wconf 86' lang='lat' dir='ltr'>scripta</span> <span class='ocrx_word' id='word_1_149' title='bbox 584 1675 643 1723; x_wconf 87' lang='lat' dir='ltr'>sua,</span> <span class='ocrx_word' id='word_1_150' title='bbox 662 1667 708 1713; x_wconf 90' lang='lat' dir='ltr'>ant</span> <span class='ocrx_word' id='word_1_151' title='bbox 737 1659 895 1730; x_wconf 88' lang='lat' dir='ltr'>corrigeret,</span> 
     </span>
    </p>
   </div>
   <div class='ocr_carea' id='block_1_8' title="bbox 950 470 1741 1307">
    <p class='ocr_par' dir='ltr' id='par_1_8' title="bbox 950 470 1741 1307">
     <span class='ocr_line' id='line_1_23' title="bbox 955 470 1740 545; baseline 0.005 -16"><span class='ocrx_word' id='word_1_152' title='bbox 955 474 1067 538; x_wconf 88' lang='lat' dir='ltr'>directa,</span> <span class='ocrx_word' id='word_1_153' title='bbox 1082 489 1141 542; x_wconf 77' lang='lat' dir='ltr'>que</span> <span class='ocrx_word' id='word_1_154' title='bbox 1153 471 1221 528; x_wconf 85' lang='lat' dir='ltr'>laiso</span> <span class='ocrx_word' id='word_1_155' title='bbox 1237 474 1271 526; x_wconf 86' lang='lat' dir='ltr'>ad</span> <span class='ocrx_word' id='word_1_156' title='bbox 1293 470 1462 529; x_wconf 74' lang='lat' dir='ltr'>benedictum</span> <span class='ocrx_word' id='word_1_157' title='bbox 1489 477 1588 545; x_wconf 89' lang='lat' dir='ltr'>scripta</span> <span class='ocrx_word' id='word_1_158' title='bbox 1612 479 1639 532; x_wconf 92' lang='lat' dir='ltr'>in</span> <span class='ocrx_word' id='word_1_159' title='bbox 1658 478 1740 534; x_wconf 86' lang='lat' dir='ltr'>editis</span> 
     </span>
     <span class='ocr_line' id='line_1_24' title="bbox 954 542 1740 615; baseline 0.008 -19"><span class='ocrx_word' id='word_1_160' title='bbox 954 544 1061 599; x_wconf 80' lang='lat' dir='ltr'>elicitur.</span> <span class='ocrx_word' id='word_1_161' title='bbox 1075 543 1102 598; x_wconf 91' lang='lat' dir='ltr'>lu</span> <span class='ocrx_word' id='word_1_162' title='bbox 1113 558 1144 597; x_wconf 91' lang='lat' dir='ltr'>ea</span> <span class='ocrx_word' id='word_1_163' title='bbox 1161 544 1200 598; x_wconf 92' lang='lat' dir='ltr'>sic</span> <span class='ocrx_word' id='word_1_164' title='bbox 1213 542 1342 598; x_wconf 79' lang='lat' dir='ltr'>Alcainus</span> <span class='ocrx_word' id='word_1_165' title='bbox 1354 543 1476 598; x_wconf 88' lang='lat' dir='ltr'>llaurum</span> <span class='ocrx_word' id='word_1_166' title='bbox 1491 546 1644 615; x_wconf 81' lang='lat' dir='ltr'>alloquitur.</span> <span class='ocrx_word' id='word_1_167' title='bbox 1670 566 1680 598; x_wconf 86' lang='grc' dir='ltr'>ι</span> <span class='ocrx_word' id='word_1_168' title='bbox 1694 545 1740 602; x_wconf 81' lang='lat' dir='ltr'>ta-</span> 
     </span>
     <span class='ocr_line' id='line_1_25' title="bbox 953 613 1741 735; baseline 0.008 -69"><span class='ocrx_word' id='word_1_169' title='bbox 953 613 1063 678; x_wconf 89' lang='lat' dir='ltr'>bellum,</span> <span class='ocrx_word' id='word_1_170' title='bbox 1080 627 1160 682; x_wconf 91' lang='lat' dir='ltr'>quem</span> <span class='ocrx_word' id='word_1_171' title='bbox 1172 627 1214 668; x_wconf 90' lang='lat' dir='ltr'>me</span> <span class='ocrx_word' id='word_1_172' title='bbox 1230 621 1351 735; x_wconf 73' lang='lat' dir='ltr'>rogante,</span> <span class='ocrx_word' id='word_1_173' title='bbox 1363 614 1446 669; x_wconf 85' lang='lat' dir='ltr'>scribi</span> <span class='ocrx_word' id='word_1_174' title='bbox 1460 617 1617 684; x_wconf 89' lang='lat' dir='ltr'>promisisti,</span> <span class='ocrx_word' id='word_1_175' title='bbox 1630 632 1695 686; x_wconf 85' lang='lat' dir='ltr'>rogo</span> <span class='ocrx_word' id='word_1_176' title='bbox 1710 625 1741 672; x_wconf 87' lang='lat' dir='ltr'>ut</span> 
     </span>
     <span class='ocr_line' id='line_1_26' title="bbox 953 682 1737 752; baseline 0.006 -17"><span class='ocrx_word' id='word_1_177' title='bbox 953 688 999 737; x_wconf 88' lang='lat' dir='ltr'>tua</span> <span class='ocrx_word' id='word_1_178' title='bbox 1010 682 1091 737; x_wconf 86' lang='lat' dir='ltr'>iaciat</span> <span class='ocrx_word' id='word_1_179' title='bbox 1100 683 1244 752; x_wconf 89' lang='lat' dir='ltr'>promissio</span> <span class='ocrx_word' id='word_1_180' title='bbox 1264 699 1342 745; x_wconf 84' lang='lat' dir='ltr'>arma,</span> <span class='ocrx_word' id='word_1_181' title='bbox 1355 691 1382 738; x_wconf 90' lang='lat' dir='ltr'>et</span> <span class='ocrx_word' id='word_1_182' title='bbox 1394 697 1452 737; x_wconf 89' lang='lat' dir='ltr'>mea</span> <span class='ocrx_word' id='word_1_183' title='bbox 1463 685 1606 752; x_wconf 84' lang='lat' dir='ltr'>impleatur</span> <span class='ocrx_word' id='word_1_184' title='bbox 1615 686 1737 741; x_wconf 65' lang='lat' dir='ltr'>lautitias</span> 
     </span>
     <span class='ocr_line' id='line_1_27' title="bbox 952 751 1740 824; baseline 0.005 -18"><span class='ocrx_word' id='word_1_185' title='bbox 952 751 1017 816; x_wconf 81' lang='lat' dir='ltr'>Quae</span> <span class='ocrx_word' id='word_1_186' title='bbox 1029 753 1108 806; x_wconf 85' lang='lat' dir='ltr'>rerba</span> <span class='ocrx_word' id='word_1_187' title='bbox 1122 752 1214 805; x_wconf 90' lang='lat' dir='ltr'>nonde</span> <span class='ocrx_word' id='word_1_188' title='bbox 1225 752 1287 815; x_wconf 91' lang='lat' dir='ltr'>alio,</span> <span class='ocrx_word' id='word_1_189' title='bbox 1302 768 1381 821; x_wconf 88' lang='lat' dir='ltr'>quam</span> <span class='ocrx_word' id='word_1_190' title='bbox 1397 754 1430 807; x_wconf 90' lang='lat' dir='ltr'>de</span> <span class='ocrx_word' id='word_1_191' title='bbox 1442 751 1536 809; x_wconf 86' lang='lat' dir='ltr'>Crucis</span> <span class='ocrx_word' id='word_1_192' title='bbox 1547 770 1627 824; x_wconf 88' lang='lat' dir='ltr'>opere</span> <span class='ocrx_word' id='word_1_193' title='bbox 1641 756 1740 810; x_wconf 81' lang='lat' dir='ltr'>intelli-</span> 
     </span>
     <span class='ocr_line' id='line_1_28' title="bbox 952 821 1740 900; baseline 0.008 -25"><span class='ocrx_word' id='word_1_194' title='bbox 952 823 1037 900; x_wconf 89' lang='lat' dir='ltr'>genda</span> <span class='ocrx_word' id='word_1_195' title='bbox 1051 830 1113 876; x_wconf 91' lang='lat' dir='ltr'>sunt</span> <span class='ocrx_word' id='word_1_196' title='bbox 1127 839 1134 875; x_wconf 92' lang='lat'>:</span> <span class='ocrx_word' id='word_1_197' title='bbox 1151 821 1222 890; x_wconf 90' lang='lat' dir='ltr'>qnod</span> <span class='ocrx_word' id='word_1_198' title='bbox 1230 821 1332 876; x_wconf 84' lang='lat' dir='ltr'>Rabani</span> <span class='ocrx_word' id='word_1_199' title='bbox 1340 823 1455 892; x_wconf 90' lang='lat' dir='ltr'>primum</span> <span class='ocrx_word' id='word_1_200' title='bbox 1469 839 1528 878; x_wconf 88' lang='lat' dir='ltr'>esse</span> <span class='ocrx_word' id='word_1_201' title='bbox 1539 833 1653 878; x_wconf 87' lang='lat' dir='ltr'>constat.</span> <span class='ocrx_word' id='word_1_202' title='bbox 1665 826 1740 896; x_wconf 78' lang='lat' dir='ltr'>Opus</span> 
     </span>
     <span class='ocr_line' id='line_1_29' title="bbox 952 889 1737 963; baseline 0.008 -20"><span class='ocrx_word' id='word_1_203' title='bbox 952 892 1024 944; x_wconf 83' lang='lat' dir='ltr'>istud</span> <span class='ocrx_word' id='word_1_204' title='bbox 1034 892 1067 946; x_wconf 91' lang='lat' dir='ltr'>ab</span> <span class='ocrx_word' id='word_1_205' title='bbox 1079 889 1265 961; x_wconf 84' lang='lat' dir='ltr'>seperieetum</span> <span class='ocrx_word' id='word_1_206' title='bbox 1278 890 1403 946; x_wconf 74' lang='lat' dir='ltr'>[tribanus</span> <span class='ocrx_word' id='word_1_207' title='bbox 1416 903 1509 947; x_wconf 88' lang='lat' dir='ltr'>sancto</span> <span class='ocrx_word' id='word_1_208' title='bbox 1521 893 1635 948; x_wconf 88' lang='lat' dir='ltr'>llartino</span> <span class='ocrx_word' id='word_1_209' title='bbox 1643 903 1737 963; x_wconf 87' lang='lat' dir='ltr'>postea</span> 
     </span>
     <span class='ocr_line' id='line_1_30' title="bbox 951 960 1737 1029; baseline 0.009 -17"><span class='ocrx_word' id='word_1_210' title='bbox 951 962 1124 1029; x_wconf 86' lang='lat' dir='ltr'>nuncuparit,</span> <span class='ocrx_word' id='word_1_211' title='bbox 1140 961 1259 1016; x_wconf 87' lang='lat' dir='ltr'>carmine</span> <span class='ocrx_word' id='word_1_212' title='bbox 1269 960 1340 1015; x_wconf 85' lang='lat' dir='ltr'>edito</span> <span class='ocrx_word' id='word_1_213' title='bbox 1353 962 1460 1016; x_wconf 83' lang='lat' dir='ltr'>nomme</span> <span class='ocrx_word' id='word_1_214' title='bbox 1475 963 1579 1017; x_wconf 81' lang='lat' dir='ltr'>hicuini</span> <span class='ocrx_word' id='word_1_215' title='bbox 1597 963 1659 1017; x_wconf 87' lang='lat' dir='ltr'>illud</span> <span class='ocrx_word' id='word_1_216' title='bbox 1671 963 1737 1019; x_wconf 83' lang='lat' dir='ltr'>otle-</span> 
     </span>
     <span class='ocr_line' id='line_1_31' title="bbox 952 1030 1735 1100; baseline 0.005 -18"><span class='ocrx_word' id='word_1_217' title='bbox 952 1030 1046 1084; x_wconf 81' lang='lat' dir='ltr'>rentis</span> <span class='ocrx_word' id='word_1_218' title='bbox 1061 1031 1136 1097; x_wconf 84' lang='lat' dir='ltr'>Quod</span> <span class='ocrx_word' id='word_1_219' title='bbox 1147 1044 1230 1100; x_wconf 87' lang='lat' dir='ltr'>genus</span> <span class='ocrx_word' id='word_1_220' title='bbox 1247 1033 1486 1087; x_wconf 83' lang='lat' dir='ltr'>commendationis</span> <span class='ocrx_word' id='word_1_221' title='bbox 1499 1049 1552 1087; x_wconf 91' lang='lat' dir='ltr'>uon</span> <span class='ocrx_word' id='word_1_222' title='bbox 1564 1034 1614 1087; x_wconf 91' lang='lat' dir='ltr'>nisi</span> <span class='ocrx_word' id='word_1_223' title='bbox 1631 1035 1656 1086; x_wconf 90' lang='lat' dir='ltr'>in</span> <span class='ocrx_word' id='word_1_224' title='bbox 1722 1065 1735 1075; x_wconf 94' lang='lat'>-</span> 
     </span>
     <span class='ocr_line' id='line_1_32' title="bbox 950 1101 1739 1158; baseline 0.005 -5"><span class='ocrx_word' id='word_1_225' title='bbox 950 1114 1017 1153; x_wconf 90' lang='lat' dir='ltr'>sona</span> <span class='ocrx_word' id='word_1_226' title='bbox 1033 1101 1149 1155; x_wconf 73' lang='lat' dir='ltr'>tronariis</span> <span class='ocrx_word' id='word_1_227' title='bbox 1169 1101 1282 1154; x_wconf 79' lang='lat' dir='ltr'>uirentis</span> <span class='ocrx_word' id='word_1_228' title='bbox 1294 1102 1374 1155; x_wconf 84' lang='lat' dir='ltr'>scribi</span> <span class='ocrx_word' id='word_1_229' title='bbox 1391 1102 1468 1156; x_wconf 90' lang='lat' dir='ltr'>solet.</span> <span class='ocrx_word' id='word_1_230' title='bbox 1482 1101 1597 1157; x_wconf 89' lang='lat' dir='ltr'>Carmen</span> <span class='ocrx_word' id='word_1_231' title='bbox 1613 1105 1676 1157; x_wconf 85' lang='lat' dir='ltr'>istu..</span> <span class='ocrx_word' id='word_1_232' title='bbox 1697 1105 1739 1158; x_wconf 85' lang='lat' dir='ltr'>in-</span> 
     </span>
     <span class='ocr_line' id='line_1_33' title="bbox 950 1169 1737 1240; baseline 0.005 -18"><span class='ocrx_word' id='word_1_233' title='bbox 950 1169 1015 1237; x_wconf 88' lang='lat' dir='ltr'>cipit</span> <span class='ocrx_word' id='word_1_234' title='bbox 1030 1171 1080 1224; x_wconf 90' lang='lat' dir='ltr'>hoc</span> <span class='ocrx_word' id='word_1_235' title='bbox 1094 1171 1183 1233; x_wconf 72' lang='lat' dir='ltr'>morlo,</span> <span class='ocrx_word' id='word_1_236' title='bbox 1199 1171 1337 1240; x_wconf 78' lang='lat' dir='ltr'>premisso</span> <span class='ocrx_word' id='word_1_237' title='bbox 1350 1172 1399 1226; x_wconf 91' lang='lat' dir='ltr'>hoc</span> <span class='ocrx_word' id='word_1_238' title='bbox 1413 1173 1508 1226; x_wconf 89' lang='lat' dir='ltr'>titulo:</span> <span class='ocrx_word' id='word_1_239' title='bbox 1523 1171 1680 1229; x_wconf 77' lang='lat' dir='ltr'>intercessio</span> <span class='ocrx_word' id='word_1_240' title='bbox 1690 1172 1737 1230; x_wconf 79' lang='lat' dir='ltr'>dl·</span> 
     </span>
     <span class='ocr_line' id='line_1_34' title="bbox 950 1238 1192 1307; baseline 0.004 -16"><span class='ocrx_word' id='word_1_241' title='bbox 950 1238 1005 1292; x_wconf 76' lang='lat' dir='ltr'>ltint&#39;</span> <span class='ocrx_word' id='word_1_242' title='bbox 1014 1256 1062 1307; x_wconf 87' lang='lat' dir='ltr'>pro</span> <span class='ocrx_word' id='word_1_243' title='bbox 1079 1240 1192 1293; x_wconf 85' lang='lat' dir='ltr'>llrroro:</span> 
     </span>
    </p>
   </div>
   <div class='ocr_carea' id='block_1_9' title="bbox 978 1372 1676 1680">
    <p class='ocr_par' dir='ltr' id='par_1_9' title="bbox 980 1372 1586 1437">
     <span class='ocr_line' id='line_1_35' title="bbox 980 1372 1586 1437; baseline 0.005 -16"><span class='ocrx_word' id='word_1_244' title='bbox 980 1372 1069 1422; x_wconf 83' lang='lat' dir='ltr'>Sancte</span> <span class='ocrx_word' id='word_1_245' title='bbox 1082 1373 1127 1423; x_wconf 85' lang='lat' dir='ltr'>Dei</span> <span class='ocrx_word' id='word_1_246' title='bbox 1142 1373 1240 1434; x_wconf 82' lang='lat' dir='ltr'>praesul,</span> <span class='ocrx_word' id='word_1_247' title='bbox 1251 1375 1344 1423; x_wconf 84' lang='lat' dir='ltr'>meritis</span> <span class='ocrx_word' id='word_1_248' title='bbox 1355 1375 1379 1423; x_wconf 86' lang='lat' dir='ltr'>in</span> <span class='ocrx_word' id='word_1_249' title='bbox 1391 1375 1478 1423; x_wconf 74' lang='lat' dir='ltr'>secula</span> <span class='ocrx_word' id='word_1_250' title='bbox 1492 1379 1586 1437; x_wconf 78' lang='lat' dir='ltr'>steens,</span> 
     </span>
    </p>

    <p class='ocr_par' dir='ltr' id='par_1_10' title="bbox 1012 1434 1563 1497">
     <span class='ocr_line' id='line_1_36' title="bbox 1012 1434 1563 1497; baseline 0.005 -14"><span class='ocrx_word' id='word_1_251' title='bbox 1012 1434 1112 1484; x_wconf 73' lang='lat' dir='ltr'>Caricam</span> <span class='ocrx_word' id='word_1_252' title='bbox 1125 1449 1196 1496; x_wconf 90' lang='lat' dir='ltr'>quam</span> <span class='ocrx_word' id='word_1_253' title='bbox 1207 1435 1306 1483; x_wconf 84' lang='lat' dir='ltr'>ieririnrs</span> <span class='ocrx_word' id='word_1_254' title='bbox 1314 1438 1410 1495; x_wconf 75' lang='lat' dir='ltr'>suscipe</span> <span class='ocrx_word' id='word_1_255' title='bbox 1424 1447 1506 1485; x_wconf 87' lang='lat' dir='ltr'>ruente</span> <span class='ocrx_word' id='word_1_256' title='bbox 1517 1441 1563 1497; x_wconf 85' lang='lat' dir='ltr'>pia.</span> 
     </span>
    </p>

    <p class='ocr_par' dir='ltr' id='par_1_11' title="bbox 978 1495 1676 1620">
     <span class='ocr_line' id='line_1_37' title="bbox 978 1495 1676 1559; baseline 0.004 -15"><span class='ocrx_word' id='word_1_257' title='bbox 978 1495 1073 1554; x_wconf 77' lang='lat' dir='ltr'>hemps</span> <span class='ocrx_word' id='word_1_258' title='bbox 1085 1509 1131 1557; x_wconf 85' lang='lat' dir='ltr'>ego</span> <span class='ocrx_word' id='word_1_259' title='bbox 1143 1509 1196 1544; x_wconf 90' lang='lat' dir='ltr'>cum</span> <span class='ocrx_word' id='word_1_260' title='bbox 1207 1496 1301 1545; x_wconf 85' lang='lat' dir='ltr'>lucram</span> <span class='ocrx_word' id='word_1_261' title='bbox 1312 1507 1393 1545; x_wconf 81' lang='lat' dir='ltr'>eustos</span> <span class='ocrx_word' id='word_1_262' title='bbox 1405 1498 1551 1559; x_wconf 83' lang='lat' dir='ltr'>hvrmitisqne</span> <span class='ocrx_word' id='word_1_263' title='bbox 1562 1499 1676 1549; x_wconf 88' lang='lat' dir='ltr'>uriulster</span> 
     </span>
     <span class='ocr_line' id='line_1_38' title="bbox 1010 1557 1531 1620; baseline 0.004 -15"><span class='ocrx_word' id='word_1_264' title='bbox 1010 1557 1082 1606; x_wconf 78' lang='lat' dir='ltr'>latius</span> <span class='ocrx_word' id='word_1_265' title='bbox 1094 1557 1217 1617; x_wconf 74' lang='lat' dir='ltr'>ecciesiae,</span> <span class='ocrx_word' id='word_1_266' title='bbox 1228 1558 1340 1616; x_wconf 70' lang='lat' dir='ltr'>dogmm</span> <span class='ocrx_word' id='word_1_267' title='bbox 1349 1568 1416 1606; x_wconf 83' lang='lat' dir='ltr'>sacra</span> <span class='ocrx_word' id='word_1_268' title='bbox 1429 1557 1531 1620; x_wconf 80' lang='lat' dir='ltr'>legens;</span> 
     </span>
    </p>

    <p class='ocr_par' dir='ltr' id='par_1_12' title="bbox 978 1618 1579 1680">
     <span class='ocr_line' id='line_1_39' title="bbox 978 1618 1579 1680; baseline 0.002 -12"><span class='ocrx_word' id='word_1_269' title='bbox 978 1618 1049 1668; x_wconf 87' lang='lat' dir='ltr'>llune</span> <span class='ocrx_word' id='word_1_270' title='bbox 1061 1630 1163 1679; x_wconf 83' lang='lat' dir='ltr'>pueram</span> <span class='ocrx_word' id='word_1_271' title='bbox 1172 1618 1244 1668; x_wconf 84' lang='lat' dir='ltr'>duem</span> <span class='ocrx_word' id='word_1_272' title='bbox 1252 1620 1329 1669; x_wconf 82' lang='lat' dir='ltr'>diruit</span> <span class='ocrx_word' id='word_1_273' title='bbox 1341 1619 1429 1670; x_wconf 66' lang='lat' dir='ltr'>hmine</span> <span class='ocrx_word' id='word_1_274' title='bbox 1441 1620 1519 1680; x_wconf 87' lang='lat' dir='ltr'>verbi,</span> <span class='ocrx_word' id='word_1_275' title='bbox 1529 1625 1579 1670; x_wconf 87' lang='lat' dir='ltr'>ete.</span> 
     </span>
    </p>
   </div>
   <div class='ocr_carea' id='block_1_10' title="bbox 117 1721 1733 1844">
    <p class='ocr_par' dir='ltr' id='par_1_13' title="bbox 117 1721 1733 1844">
     <span class='ocr_line' id='line_1_40' title="bbox 117 1721 1733 1844; baseline 0.002 -60"><span class='ocrx_word' id='word_1_276' title='bbox 117 1740 161 1784; x_wconf 90' lang='lat' dir='ltr'>aut</span> <span class='ocrx_word' id='word_1_277' title='bbox 175 1731 318 1800; x_wconf 87' lang='lat' dir='ltr'>subjiceret</span> <span class='ocrx_word' id='word_1_278' title='bbox 331 1732 444 1786; x_wconf 85' lang='lat' dir='ltr'>aliorum</span> <span class='ocrx_word' id='word_1_279' title='bbox 468 1746 599 1794; x_wconf 75' lang='lat' dir='ltr'>censurae,</span> <span class='ocrx_word' id='word_1_280' title='bbox 618 1729 739 1784; x_wconf 87' lang='lat' dir='ltr'>declarat</span> <span class='ocrx_word' id='word_1_281' title='bbox 758 1731 785 1783; x_wconf 94' lang='lat' dir='ltr'>in</span> <span class='ocrx_word' id='word_1_282' title='bbox 799 1731 895 1812; x_wconf 79' lang='lat' dir='ltr'>primis</span> <span class='ocrx_word' id='word_1_283' title='bbox 912 1747 933 1806; x_wconf 88' lang='lat' dir='ltr'>B</span> <span class='ocrx_word' id='word_1_284' title='bbox 949 1723 1006 1776; x_wconf 73' lang='lat' dir='ltr'>Eril</span> <span class='ocrx_word' id='word_1_285' title='bbox 1017 1722 1107 1778; x_wconf 71' lang='lat' dir='ltr'>fOtSfflt</span> <span class='ocrx_word' id='word_1_286' title='bbox 1120 1723 1165 1844; x_wconf 56' lang='grc' dir='ltr'>(νὴ</span> <span class='ocrx_word' id='word_1_287' title='bbox 1179 1721 1231 1776; x_wconf 69' lang='lat' dir='ltr'>Vim</span> <span class='ocrx_word' id='word_1_288' title='bbox 1242 1721 1325 1777; x_wconf 61' lang='lat' dir='ltr'>saell!</span> <span class='ocrx_word' id='word_1_289' title='bbox 1335 1723 1428 1779; x_wconf 62' lang='lat' dir='ltr'>initiis</span> <span class='ocrx_word' id='word_1_290' title='bbox 1441 1724 1540 1789; x_wconf 63' lang='lat' dir='ltr'>Willis.</span> <span class='ocrx_word' id='word_1_291' title='bbox 1558 1725 1733 1793; x_wconf 63' lang='grc'>0110100001</span> 
     </span>
    </p>
   </div>
   <div class='ocr_carea' id='block_1_11' title="bbox 115 1798 900 2642">
    <p class='ocr_par' dir='ltr' id='par_1_14' title="bbox 115 1798 900 2642">
     <span class='ocr_line' id='line_1_41' title="bbox 116 1798 895 1871; baseline 0.004 -19"><span class='ocrx_word' id='word_1_292' title='bbox 116 1801 258 1869; x_wconf 82' lang='lat' dir='ltr'>epistoia9</span> <span class='ocrx_word' id='word_1_293' title='bbox 286 1803 367 1871; x_wconf 88' lang='lat' dir='ltr'>(nunc</span> <span class='ocrx_word' id='word_1_294' title='bbox 380 1801 424 1870; x_wconf 69' lang='lat'>82)</span> <span class='ocrx_word' id='word_1_295' title='bbox 439 1802 472 1855; x_wconf 90' lang='lat' dir='ltr'>ad</span> <span class='ocrx_word' id='word_1_296' title='bbox 498 1800 633 1855; x_wconf 77' lang='lat' dir='ltr'>carolum.</span> <span class='ocrx_word' id='word_1_297' title='bbox 666 1817 674 1848; x_wconf 91' lang='grc' dir='ltr'>ι</span> <span class='ocrx_word' id='word_1_298' title='bbox 693 1798 769 1865; x_wconf 78' lang='lat' dir='ltr'>errrd</span> <span class='ocrx_word' id='word_1_299' title='bbox 792 1815 856 1853; x_wconf 85' lang='lat' dir='ltr'>vero</span> <span class='ocrx_word' id='word_1_300' title='bbox 869 1817 895 1855; x_wconf 91' lang='lat' dir='ltr'>ro</span> 
     </span>
     <span class='ocr_line' id='line_1_42' title="bbox 116 1868 896 1940; baseline 0.001 -17"><span class='ocrx_word' id='word_1_301' title='bbox 116 1871 169 1925; x_wconf 84' lang='lat' dir='ltr'>bne</span> <span class='ocrx_word' id='word_1_302' title='bbox 181 1871 298 1940; x_wconf 74' lang='lat' dir='ltr'>epistole</span> <span class='ocrx_word' id='word_1_303' title='bbox 315 1887 357 1925; x_wconf 91' lang='lat' dir='ltr'>me</span> <span class='ocrx_word' id='word_1_304' title='bbox 371 1873 515 1926; x_wconf 88' lang='lat' dir='ltr'>admonere</span> <span class='ocrx_word' id='word_1_305' title='bbox 535 1869 661 1933; x_wconf 80' lang='lat' dir='ltr'>mrrrstis,</span> <span class='ocrx_word' id='word_1_306' title='bbox 681 1870 749 1924; x_wconf 79' lang='lat' dir='ltr'>utsi</span> <span class='ocrx_word' id='word_1_307' title='bbox 768 1868 832 1937; x_wconf 87' lang='lat' dir='ltr'>quid</span> <span class='ocrx_word' id='word_1_308' title='bbox 845 1871 896 1924; x_wconf 91' lang='lat' dir='ltr'>hu-</span> 
     </span>
     <span class='ocr_line' id='line_1_43' title="bbox 115 1938 896 2012; baseline 0 -19"><span class='ocrx_word' id='word_1_309' title='bbox 115 1941 215 1996; x_wconf 88' lang='lat' dir='ltr'>militer</span> <span class='ocrx_word' id='word_1_310' title='bbox 231 1943 426 1996; x_wconf 86' lang='lat' dir='ltr'>evvrendandum</span> <span class='ocrx_word' id='word_1_311' title='bbox 444 1942 479 1997; x_wconf 89' lang='lat' dir='ltr'>sit</span> <span class='ocrx_word' id='word_1_312' title='bbox 501 1942 668 2012; x_wconf 90' lang='lat' dir='ltr'>corrigatur;</span> <span class='ocrx_word' id='word_1_313' title='bbox 682 1954 818 2008; x_wconf 84' lang='lat' dir='ltr'>rirvnquam</span> <span class='ocrx_word' id='word_1_314' title='bbox 847 1938 896 2006; x_wconf 87' lang='lat' dir='ltr'>iui,</span> 
     </span>
     <span class='ocr_line' id='line_1_44' title="bbox 116 2006 896 2080; baseline 0.004 -17"><span class='ocrx_word' id='word_1_315' title='bbox 116 2006 170 2066; x_wconf 84' lang='lat' dir='ltr'>Deo</span> <span class='ocrx_word' id='word_1_316' title='bbox 184 2012 309 2078; x_wconf 87' lang='lat' dir='ltr'>donante,</span> <span class='ocrx_word' id='word_1_317' title='bbox 323 2013 349 2066; x_wconf 92' lang='lat' dir='ltr'>in</span> <span class='ocrx_word' id='word_1_318' title='bbox 364 2026 455 2066; x_wconf 91' lang='lat' dir='ltr'>errore</span> <span class='ocrx_word' id='word_1_319' title='bbox 480 2026 540 2065; x_wconf 88' lang='lat' dir='ltr'>meo</span> <span class='ocrx_word' id='word_1_320' title='bbox 564 2010 699 2080; x_wconf 85' lang='lat' dir='ltr'>pertinax,</span> <span class='ocrx_word' id='word_1_321' title='bbox 718 2025 768 2064; x_wconf 89' lang='lat' dir='ltr'>nec</span> <span class='ocrx_word' id='word_1_322' title='bbox 781 2009 814 2062; x_wconf 91' lang='lat' dir='ltr'>de</span> <span class='ocrx_word' id='word_1_323' title='bbox 829 2011 896 2066; x_wconf 91' lang='lat' dir='ltr'>meis</span> 
     </span>
     <span class='ocr_line' id='line_1_45' title="bbox 115 2079 897 2146; baseline -0.001 -12"><span class='ocrx_word' id='word_1_324' title='bbox 115 2081 251 2137; x_wconf 89' lang='lat' dir='ltr'>eonssdcns</span> <span class='ocrx_word' id='word_1_325' title='bbox 266 2082 407 2137; x_wconf 90' lang='lat' dir='ltr'>sensibus:</span> <span class='ocrx_word' id='word_1_326' title='bbox 421 2097 470 2135; x_wconf 91' lang='lat' dir='ltr'>nec</span> <span class='ocrx_word' id='word_1_327' title='bbox 479 2080 552 2146; x_wconf 89' lang='lat' dir='ltr'>talis,</span> <span class='ocrx_word' id='word_1_328' title='bbox 562 2088 590 2133; x_wconf 94' lang='lat' dir='ltr'>ut</span> <span class='ocrx_word' id='word_1_329' title='bbox 599 2080 703 2133; x_wconf 91' lang='lat' dir='ltr'>meliori</span> <span class='ocrx_word' id='word_1_330' title='bbox 712 2079 897 2134; x_wconf 81' lang='lat' dir='ltr'>sentcntiaeia-</span> 
     </span>
     <span class='ocr_line' id='line_1_46' title="bbox 115 2148 897 2220; baseline 0.001 -16"><span class='ocrx_word' id='word_1_331' title='bbox 115 2150 166 2204; x_wconf 89' lang='lat' dir='ltr'>ciic</span> <span class='ocrx_word' id='word_1_332' title='bbox 180 2151 351 2220; x_wconf 84' lang='lat' dir='ltr'>acquiescere</span> <span class='ocrx_word' id='word_1_333' title='bbox 364 2166 418 2204; x_wconf 91' lang='lat' dir='ltr'>uon</span> <span class='ocrx_word' id='word_1_334' title='bbox 429 2151 556 2205; x_wconf 86' lang='lat' dir='ltr'>raterem.</span> <span class='ocrx_word' id='word_1_335' title='bbox 569 2169 577 2201; x_wconf 83' lang='lat' dir='ltr'>r</span> <span class='ocrx_word' id='word_1_336' title='bbox 595 2149 628 2203; x_wconf 84' lang='lat' dir='ltr'>Et</span> <span class='ocrx_word' id='word_1_337' title='bbox 641 2148 754 2217; x_wconf 86' lang='lat' dir='ltr'>epistola</span> <span class='ocrx_word' id='word_1_338' title='bbox 775 2148 897 2216; x_wconf 74' lang='lat' dir='ltr'>ttipiunc</span> 
     </span>
     <span class='ocr_line' id='line_1_47' title="bbox 115 2219 895 2289; baseline 0.003 -19"><span class='ocrx_word' id='word_1_339' title='bbox 115 2219 176 2289; x_wconf 80' lang='grc'>101)</span> <span class='ocrx_word' id='word_1_340' title='bbox 193 2223 226 2274; x_wconf 92' lang='lat' dir='ltr'>ad</span> <span class='ocrx_word' id='word_1_341' title='bbox 241 2220 383 2275; x_wconf 88' lang='lat' dir='ltr'>eumdem:</span> <span class='ocrx_word' id='word_1_342' title='bbox 404 2219 530 2274; x_wconf 79' lang='lat' dir='ltr'>«Gratias</span> <span class='ocrx_word' id='word_1_343' title='bbox 543 2220 648 2289; x_wconf 87' lang='lat' dir='ltr'>agimus</span> <span class='ocrx_word' id='word_1_344' title='bbox 664 2220 824 2274; x_wconf 73' lang='lat' dir='ltr'>venerandae</span> <span class='ocrx_word' id='word_1_345' title='bbox 840 2219 895 2288; x_wconf 84' lang='lat' dir='ltr'>pie-</span> 
     </span>
     <span class='ocr_line' id='line_1_48' title="bbox 115 2289 897 2361; baseline 0.001 -19"><span class='ocrx_word' id='word_1_346' title='bbox 115 2291 165 2343; x_wconf 91' lang='lat' dir='ltr'>tati</span> <span class='ocrx_word' id='word_1_347' title='bbox 178 2298 282 2355; x_wconf 75' lang='lat' dir='ltr'>restrae,</span> <span class='ocrx_word' id='word_1_348' title='bbox 297 2291 367 2361; x_wconf 88' lang='lat' dir='ltr'>quod</span> <span class='ocrx_word' id='word_1_349' title='bbox 378 2289 494 2344; x_wconf 90' lang='lat' dir='ltr'>libellum</span> <span class='ocrx_word' id='word_1_350' title='bbox 506 2289 651 2344; x_wconf 88' lang='lat' dir='ltr'>secundum</span> <span class='ocrx_word' id='word_1_351' title='bbox 661 2296 757 2343; x_wconf 77' lang='lat' dir='ltr'>vestrm</span> <span class='ocrx_word' id='word_1_352' title='bbox 768 2289 897 2358; x_wconf 87' lang='lat' dir='ltr'>jussionis</span> 
     </span>
     <span class='ocr_line' id='line_1_49' title="bbox 115 2358 896 2429; baseline 0.003 -17"><span class='ocrx_word' id='word_1_353' title='bbox 115 2369 277 2429; x_wconf 67' lang='lat' dir='ltr'>praeceptum</span> <span class='ocrx_word' id='word_1_354' title='bbox 296 2362 371 2415; x_wconf 90' lang='lat' dir='ltr'>robis</span> <span class='ocrx_word' id='word_1_355' title='bbox 395 2360 539 2424; x_wconf 88' lang='lat' dir='ltr'>directum,</span> <span class='ocrx_word' id='word_1_356' title='bbox 566 2358 676 2412; x_wconf 88' lang='lat' dir='ltr'>auribus</span> <span class='ocrx_word' id='word_1_357' title='bbox 696 2358 835 2426; x_wconf 74' lang='lat' dir='ltr'>sapientiae</span> <span class='ocrx_word' id='word_1_358' title='bbox 849 2375 896 2414; x_wconf 88' lang='lat' dir='ltr'>re·</span> 
     </span>
     <span class='ocr_line' id='line_1_50' title="bbox 115 2428 896 2499; baseline 0.001 -17"><span class='ocrx_word' id='word_1_359' title='bbox 115 2437 179 2482; x_wconf 81' lang='lat' dir='ltr'>stem</span> <span class='ocrx_word' id='word_1_360' title='bbox 193 2430 301 2484; x_wconf 86' lang='lat' dir='ltr'>recitari</span> <span class='ocrx_word' id='word_1_361' title='bbox 318 2430 439 2486; x_wconf 86' lang='lat' dir='ltr'>lecistis:</span> <span class='ocrx_word' id='word_1_362' title='bbox 458 2429 659 2499; x_wconf 88' lang='lat' dir='ltr'>etquoduotari</span> <span class='ocrx_word' id='word_1_363' title='bbox 671 2428 791 2499; x_wconf 83' lang='lat' dir='ltr'>jussistis</span> <span class='ocrx_word' id='word_1_364' title='bbox 807 2439 896 2483; x_wconf 81' lang='lat' dir='ltr'>errata</span> 
     </span>
     <span class='ocr_line' id='line_1_51' title="bbox 116 2498 898 2570; baseline 0 -17"><span class='ocrx_word' id='word_1_365' title='bbox 116 2498 195 2563; x_wconf 91' lang='lat' dir='ltr'>illius,</span> <span class='ocrx_word' id='word_1_366' title='bbox 210 2509 237 2553; x_wconf 91' lang='lat' dir='ltr'>et</span> <span class='ocrx_word' id='word_1_367' title='bbox 260 2500 399 2556; x_wconf 88' lang='lat' dir='ltr'>remisistis</span> <span class='ocrx_word' id='word_1_368' title='bbox 416 2501 450 2555; x_wconf 88' lang='lat' dir='ltr'>ad</span> <span class='ocrx_word' id='word_1_369' title='bbox 465 2498 670 2570; x_wconf 82' lang='lat' dir='ltr'>corrigendum,</span> <span class='ocrx_word' id='word_1_370' title='bbox 686 2499 836 2569; x_wconf 91' lang='lat' dir='ltr'>quamrisa</span> <span class='ocrx_word' id='word_1_371' title='bbox 852 2514 898 2553; x_wconf 91' lang='lat' dir='ltr'>vo·</span> 
     </span>
     <span class='ocr_line' id='line_1_52' title="bbox 115 2567 900 2642; baseline 0.003 -21"><span class='ocrx_word' id='word_1_372' title='bbox 115 2569 156 2623; x_wconf 90' lang='lat' dir='ltr'>bis</span> <span class='ocrx_word' id='word_1_373' title='bbox 170 2569 265 2624; x_wconf 87' lang='lat' dir='ltr'>melius</span> <span class='ocrx_word' id='word_1_374' title='bbox 282 2571 418 2626; x_wconf 87' lang='lat' dir='ltr'>emendari</span> <span class='ocrx_word' id='word_1_375' title='bbox 446 2571 600 2642; x_wconf 89' lang='lat' dir='ltr'>potuisset:</span> <span class='ocrx_word' id='word_1_376' title='bbox 619 2571 681 2637; x_wconf 91' lang='lat' dir='ltr'>quia</span> <span class='ocrx_word' id='word_1_377' title='bbox 693 2569 805 2623; x_wconf 85' lang='lat' dir='ltr'>alterius</span> <span class='ocrx_word' id='word_1_378' title='bbox 824 2567 900 2638; x_wconf 80' lang='lat' dir='ltr'>judi·</span> 
     </span>
    </p>
   </div>
   <div class='ocr_carea' id='block_1_12' title="bbox 947 1793 1736 2632">
    <p class='ocr_par' dir='ltr' id='par_1_15' title="bbox 947 1793 1736 2632">
     <span class='ocr_line' id='line_1_53' title="bbox 948 1793 1731 1864; baseline 0.008 -19"><span class='ocrx_word' id='word_1_379' title='bbox 948 1803 1033 1847; x_wconf 85' lang='lat' dir='ltr'>custos</span> <span class='ocrx_word' id='word_1_380' title='bbox 1049 1793 1122 1846; x_wconf 81' lang='lat' dir='ltr'>hami</span> <span class='ocrx_word' id='word_1_381' title='bbox 1134 1793 1206 1862; x_wconf 85' lang='lat' dir='ltr'>isqrte</span> <span class='ocrx_word' id='word_1_382' title='bbox 1214 1793 1330 1847; x_wconf 83' lang='lat' dir='ltr'>minister</span> <span class='ocrx_word' id='word_1_383' title='bbox 1341 1793 1415 1846; x_wconf 85' lang='lat' dir='ltr'>istius</span> <span class='ocrx_word' id='word_1_384' title='bbox 1429 1794 1553 1859; x_wconf 77' lang='lat' dir='ltr'>ecclesie,</span> <span class='ocrx_word' id='word_1_385' title='bbox 1576 1795 1653 1864; x_wconf 85' lang='lat' dir='ltr'>quasi</span> <span class='ocrx_word' id='word_1_386' title='bbox 1672 1796 1731 1851; x_wconf 77' lang='lat' dir='ltr'>hacc</span> 
     </span>
     <span class='ocr_line' id='line_1_54' title="bbox 949 1862 1736 1924; baseline 0.008 -9"><span class='ocrx_word' id='word_1_387' title='bbox 949 1877 1002 1915; x_wconf 92' lang='lat' dir='ltr'>non</span> <span class='ocrx_word' id='word_1_388' title='bbox 1019 1862 1129 1924; x_wconf 79' lang='lat' dir='ltr'>virenti,</span> <span class='ocrx_word' id='word_1_389' title='bbox 1155 1863 1202 1916; x_wconf 87' lang='lat' dir='ltr'>scd</span> <span class='ocrx_word' id='word_1_390' title='bbox 1228 1871 1334 1918; x_wconf 91' lang='lat' dir='ltr'>mortno</span> <span class='ocrx_word' id='word_1_391' title='bbox 1357 1864 1528 1918; x_wconf 87' lang='lat' dir='ltr'>conveniant.</span> <span class='ocrx_word' id='word_1_392' title='bbox 1556 1865 1656 1920; x_wconf 80' lang='lat' dir='ltr'>terum</span> <span class='ocrx_word' id='word_1_393' title='bbox 1677 1867 1736 1921; x_wconf 77' lang='lat' dir='ltr'>lime</span> 
     </span>
     <span class='ocr_line' id='line_1_55' title="bbox 948 1931 1735 2005; baseline 0.009 -20"><span class='ocrx_word' id='word_1_394' title='bbox 948 1941 1052 1986; x_wconf 90' lang='lat' dir='ltr'>tautum</span> <span class='ocrx_word' id='word_1_395' title='bbox 1065 1931 1195 1997; x_wconf 84' lang='lat' dir='ltr'>indicant,</span> <span class='ocrx_word' id='word_1_396' title='bbox 1216 1931 1358 1986; x_wconf 81' lang='lat' dir='ltr'>hleuinum</span> <span class='ocrx_word' id='word_1_397' title='bbox 1371 1948 1404 1987; x_wconf 90' lang='lat' dir='ltr'>eo</span> <span class='ocrx_word' id='word_1_398' title='bbox 1420 1941 1540 2003; x_wconf 88' lang='lat' dir='ltr'>tempore</span> <span class='ocrx_word' id='word_1_399' title='bbox 1553 1950 1607 1989; x_wconf 93' lang='lat' dir='ltr'>non</span> <span class='ocrx_word' id='word_1_400' title='bbox 1620 1935 1735 2005; x_wconf 84' lang='lat' dir='ltr'>amplius</span> 
     </span>
     <span class='ocr_line' id='line_1_56' title="bbox 948 2002 1731 2060; baseline 0.006 -5"><span class='ocrx_word' id='word_1_401' title='bbox 948 2002 1031 2057; x_wconf 80' lang='lat' dir='ltr'>sivisse</span> <span class='ocrx_word' id='word_1_402' title='bbox 1055 2008 1190 2057; x_wconf 91' lang='lat' dir='ltr'>rectorem</span> <span class='ocrx_word' id='word_1_403' title='bbox 1215 2017 1261 2058; x_wconf 87' lang='lat' dir='ltr'>scu</span> <span class='ocrx_word' id='word_1_404' title='bbox 1281 2004 1405 2058; x_wconf 87' lang='lat' dir='ltr'>abbatem</span> <span class='ocrx_word' id='word_1_405' title='bbox 1431 2003 1581 2060; x_wconf 85' lang='lat' dir='ltr'>hiartiniani</span> <span class='ocrx_word' id='word_1_406' title='bbox 1595 2006 1731 2060; x_wconf 85' lang='lat' dir='ltr'>cccnobii:</span> 
     </span>
     <span class='ocr_line' id='line_1_57' title="bbox 947 2073 1734 2143; baseline 0.006 -17"><span class='ocrx_word' id='word_1_407' title='bbox 947 2073 1018 2141; x_wconf 88' lang='lat' dir='ltr'>quod</span> <span class='ocrx_word' id='word_1_408' title='bbox 1043 2074 1167 2140; x_wconf 90' lang='lat' dir='ltr'>superins</span> <span class='ocrx_word' id='word_1_409' title='bbox 1183 2075 1324 2143; x_wconf 86' lang='lat' dir='ltr'>probatum</span> <span class='ocrx_word' id='word_1_410' title='bbox 1349 2085 1399 2128; x_wconf 90' lang='lat' dir='ltr'>est.</span> <span class='ocrx_word' id='word_1_411' title='bbox 1415 2073 1495 2143; x_wconf 78' lang='lat' dir='ltr'>Atqui</span> <span class='ocrx_word' id='word_1_412' title='bbox 1510 2075 1635 2128; x_wconf 73' lang='lat' dir='ltr'>[tabanus</span> <span class='ocrx_word' id='word_1_413' title='bbox 1661 2075 1734 2132; x_wconf 90' lang='lat' dir='ltr'>istud</span> 
     </span>
     <span class='ocr_line' id='line_1_58' title="bbox 947 2141 1734 2213; baseline 0.004 -17"><span class='ocrx_word' id='word_1_414' title='bbox 947 2157 1014 2209; x_wconf 90' lang='lat' dir='ltr'>opus</span> <span class='ocrx_word' id='word_1_415' title='bbox 1034 2141 1154 2196; x_wconf 88' lang='lat' dir='ltr'>condidit</span> <span class='ocrx_word' id='word_1_416' title='bbox 1166 2181 1174 2206; x_wconf 94' lang='lat'>,</span> <span class='ocrx_word' id='word_1_417' title='bbox 1188 2142 1232 2194; x_wconf 78' lang='lat' dir='ltr'>obi</span> <span class='ocrx_word' id='word_1_418' title='bbox 1246 2158 1291 2194; x_wconf 83' lang='lat' dir='ltr'>sec</span> <span class='ocrx_word' id='word_1_419' title='bbox 1303 2142 1386 2196; x_wconf 80' lang='lat' dir='ltr'>histro</span> <span class='ocrx_word' id='word_1_420' title='bbox 1408 2144 1471 2197; x_wconf 75' lang='lat' dir='ltr'>vitae</span> <span class='ocrx_word' id='word_1_421' title='bbox 1486 2144 1618 2213; x_wconf 86' lang='lat' dir='ltr'>implevit,</span> <span class='ocrx_word' id='word_1_422' title='bbox 1647 2155 1676 2198; x_wconf 89' lang='lat' dir='ltr'>ut</span> <span class='ocrx_word' id='word_1_423' title='bbox 1698 2159 1734 2200; x_wconf 82' lang='lat' dir='ltr'>ex</span> 
     </span>
     <span class='ocr_line' id='line_1_59' title="bbox 947 2211 1732 2281; baseline 0.004 -15"><span class='ocrx_word' id='word_1_424' title='bbox 947 2213 1040 2266; x_wconf 86' lang='lat' dir='ltr'>eodem</span> <span class='ocrx_word' id='word_1_425' title='bbox 1056 2212 1176 2265; x_wconf 89' lang='lat' dir='ltr'>carmine</span> <span class='ocrx_word' id='word_1_426' title='bbox 1190 2211 1362 2265; x_wconf 78' lang='lat' dir='ltr'>nrarvttcstum</span> <span class='ocrx_word' id='word_1_427' title='bbox 1375 2221 1426 2275; x_wconf 88' lang='lat' dir='ltr'>cst,</span> <span class='ocrx_word' id='word_1_428' title='bbox 1445 2213 1452 2264; x_wconf 93' lang='lat' dir='ltr'>i</span> <span class='ocrx_word' id='word_1_429' title='bbox 1474 2228 1503 2266; x_wconf 92' lang='lat' dir='ltr'>so</span> <span class='ocrx_word' id='word_1_430' title='bbox 1523 2214 1626 2267; x_wconf 87' lang='lat' dir='ltr'>scilicet</span> <span class='ocrx_word' id='word_1_431' title='bbox 1649 2229 1732 2281; x_wconf 91' lang='lat' dir='ltr'>anno,</span> 
     </span>
     <span class='ocr_line' id='line_1_60' title="bbox 947 2227 1732 2353; baseline 0.008 -20"><span class='ocrx_word' id='word_1_432' title='bbox 947 2296 1000 2350; x_wconf 91' lang='lat' dir='ltr'>qno</span> <span class='ocrx_word' id='word_1_433' title='bbox 1018 2281 1159 2350; x_wconf 81' lang='lat' dir='ltr'>presbyter</span> <span class='ocrx_word' id='word_1_434' title='bbox 1173 2282 1312 2335; x_wconf 82' lang='lat' dir='ltr'>ordinatus</span> <span class='ocrx_word' id='word_1_435' title='bbox 1331 2280 1383 2334; x_wconf 85' lang='lat' dir='ltr'>luit</span> <span class='ocrx_word' id='word_1_436' title='bbox 1396 2282 1430 2335; x_wconf 92' lang='lat' dir='ltr'>ab</span> <span class='ocrx_word' id='word_1_437' title='bbox 1444 2227 1556 2351; x_wconf 54' lang='lat' dir='ltr'>(ligario</span> <span class='ocrx_word' id='word_1_438' title='bbox 1575 2283 1732 2353; x_wconf 86' lang='lat' dir='ltr'>hlognmino</span> 
     </span>
     <span class='ocr_line' id='line_1_61' title="bbox 948 2351 1731 2421; baseline 0.005 -16"><span class='ocrx_word' id='word_1_439' title='bbox 948 2351 1160 2421; x_wconf 89' lang='lat' dir='ltr'>archiepiscopo,</span> <span class='ocrx_word' id='word_1_440' title='bbox 1175 2352 1220 2419; x_wconf 91' lang='lat' dir='ltr'>qui</span> <span class='ocrx_word' id='word_1_441' title='bbox 1236 2365 1289 2403; x_wconf 91' lang='lat' dir='ltr'>nnn</span> <span class='ocrx_word' id='word_1_442' title='bbox 1304 2359 1367 2407; x_wconf 87' lang='lat' dir='ltr'>ante</span> <span class='ocrx_word' id='word_1_443' title='bbox 1378 2365 1478 2404; x_wconf 86' lang='lat' dir='ltr'>anorrm</span> <span class='ocrx_word' id='word_1_444' title='bbox 1492 2351 1544 2406; x_wconf 81' lang='grc'>815</span> <span class='ocrx_word' id='word_1_445' title='bbox 1555 2353 1645 2407; x_wconf 91' lang='lat' dir='ltr'>sedem</span> <span class='ocrx_word' id='word_1_446' title='bbox 1659 2354 1731 2409; x_wconf 89' lang='lat' dir='ltr'>iniit.</span> 
     </span>
     <span class='ocr_line' id='line_1_62' title="bbox 948 2419 1735 2491; baseline 0.008 -17"><span class='ocrx_word' id='word_1_447' title='bbox 948 2421 1041 2490; x_wconf 89' lang='lat' dir='ltr'>ltaque</span> <span class='ocrx_word' id='word_1_448' title='bbox 1055 2436 1087 2475; x_wconf 93' lang='lat' dir='ltr'>eo</span> <span class='ocrx_word' id='word_1_449' title='bbox 1101 2436 1171 2474; x_wconf 83' lang='lat' dir='ltr'>arrno</span> <span class='ocrx_word' id='word_1_450' title='bbox 1186 2429 1322 2491; x_wconf 88' lang='lat' dir='ltr'>superstes</span> <span class='ocrx_word' id='word_1_451' title='bbox 1334 2428 1394 2474; x_wconf 90' lang='lat' dir='ltr'>erat</span> <span class='ocrx_word' id='word_1_452' title='bbox 1403 2419 1543 2486; x_wconf 74' lang='lat' dir='ltr'>elicuimus,</span> <span class='ocrx_word' id='word_1_453' title='bbox 1558 2423 1689 2491; x_wconf 85' lang='lat' dir='ltr'>siquidem</span> <span class='ocrx_word' id='word_1_454' title='bbox 1700 2437 1735 2480; x_wconf 83' lang='lat' dir='ltr'>eo</span> 
     </span>
     <span class='ocr_line' id='line_1_63' title="bbox 948 2490 1732 2562; baseline 0.006 -18"><span class='ocrx_word' id='word_1_455' title='bbox 948 2491 1055 2545; x_wconf 84' lang='lat' dir='ltr'>virente</span> <span class='ocrx_word' id='word_1_456' title='bbox 1069 2506 1177 2545; x_wconf 84' lang='lat' dir='ltr'>carruca</span> <span class='ocrx_word' id='word_1_457' title='bbox 1186 2491 1258 2545; x_wconf 85' lang='lat' dir='ltr'>istud</span> <span class='ocrx_word' id='word_1_458' title='bbox 1267 2490 1525 2546; x_wconf 82' lang='lat' dir='ltr'>commendatoriam</span> <span class='ocrx_word' id='word_1_459' title='bbox 1537 2493 1667 2562; x_wconf 88' lang='lat' dir='ltr'>scriptum</span> <span class='ocrx_word' id='word_1_460' title='bbox 1679 2502 1732 2549; x_wconf 87' lang='lat' dir='ltr'>cst.</span> 
     </span>
     <span class='ocr_line' id='line_1_64' title="bbox 949 2559 1734 2632; baseline 0.006 -17"><span class='ocrx_word' id='word_1_461' title='bbox 949 2559 978 2615; x_wconf 85' lang='lat' dir='ltr'>Si</span> <span class='ocrx_word' id='word_1_462' title='bbox 993 2562 1053 2631; x_wconf 90' lang='lat' dir='ltr'>quis</span> <span class='ocrx_word' id='word_1_463' title='bbox 1063 2568 1152 2615; x_wconf 72' lang='lat' dir='ltr'>mmeu</span> <span class='ocrx_word' id='word_1_464' title='bbox 1176 2561 1343 2632; x_wconf 77' lang='lat' dir='ltr'>pervicacius</span> <span class='ocrx_word' id='word_1_465' title='bbox 1357 2564 1515 2624; x_wconf 87' lang='lat' dir='ltr'>contendat,</span> <span class='ocrx_word' id='word_1_466' title='bbox 1534 2577 1645 2617; x_wconf 89' lang='lat' dir='ltr'>carmen</span> <span class='ocrx_word' id='word_1_467' title='bbox 1660 2563 1734 2620; x_wconf 91' lang='lat' dir='ltr'>istud</span> 
     </span>
    </p>
   </div>
   <div class='ocr_carea' id='block_1_13' title="bbox 111 2629 1736 4239">
    <p class='ocr_par' dir='ltr' id='par_1_16' title="bbox 111 2629 1736 4239">
     <span class='ocr_line' id='line_1_65' title="bbox 949 2629 1734 2700; baseline 0.005 -15"><span class='ocrx_word' id='word_1_468' title='bbox 949 2640 1056 2686; x_wconf 93' lang='lat' dir='ltr'>mortuo</span> <span class='ocrx_word' id='word_1_469' title='bbox 1079 2631 1193 2686; x_wconf 77' lang='lat' dir='ltr'>Alcuino</span> <span class='ocrx_word' id='word_1_470' title='bbox 1211 2638 1330 2700; x_wconf 89' lang='lat' dir='ltr'>aptatum</span> <span class='ocrx_word' id='word_1_471' title='bbox 1344 2646 1359 2684; x_wconf 90' lang='lat' dir='ltr'>a</span> <span class='ocrx_word' id='word_1_472' title='bbox 1373 2629 1485 2685; x_wconf 84' lang='lat' dir='ltr'>Rabano</span> <span class='ocrx_word' id='word_1_473' title='bbox 1513 2631 1614 2697; x_wconf 82' lang='lat' dir='ltr'>iuvisse,</span> <span class='ocrx_word' id='word_1_474' title='bbox 1638 2634 1734 2689; x_wconf 88' lang='lat' dir='ltr'>saltem</span> 
     </span>
     <span class='ocr_line' id='line_1_66' title="bbox 949 2701 1735 2774; baseline 0.003 -18"><span class='ocrx_word' id='word_1_475' title='bbox 949 2702 1013 2757; x_wconf 87' lang='lat' dir='ltr'>iliud</span> <span class='ocrx_word' id='word_1_476' title='bbox 1026 2702 1157 2757; x_wconf 88' lang='lat' dir='ltr'>concedat</span> <span class='ocrx_word' id='word_1_477' title='bbox 1169 2717 1279 2757; x_wconf 84' lang='lat' dir='ltr'>necesse</span> <span class='ocrx_word' id='word_1_478' title='bbox 1293 2708 1343 2765; x_wconf 89' lang='lat' dir='ltr'>est,</span> <span class='ocrx_word' id='word_1_479' title='bbox 1354 2701 1496 2755; x_wconf 83' lang='lat' dir='ltr'>Alcvtinum</span> <span class='ocrx_word' id='word_1_480' title='bbox 1505 2702 1659 2770; x_wconf 81' lang='lat' dir='ltr'>perficiendi</span> <span class='ocrx_word' id='word_1_481' title='bbox 1670 2718 1735 2774; x_wconf 87' lang='lat' dir='ltr'>apc-</span> 
     </span>
     <span class='ocr_line' id='line_1_67' title="bbox 949 2771 1735 2840; baseline 0.005 -14"><span class='ocrx_word' id='word_1_482' title='bbox 949 2773 987 2827; x_wconf 90' lang='lat' dir='ltr'>ris</span> <span class='ocrx_word' id='word_1_483' title='bbox 1001 2773 1164 2826; x_wconf 86' lang='lat' dir='ltr'>hortatorem</span> <span class='ocrx_word' id='word_1_484' title='bbox 1178 2771 1301 2827; x_wconf 84' lang='lat' dir='ltr'>brisseeo</span> <span class='ocrx_word' id='word_1_485' title='bbox 1312 2780 1442 2840; x_wconf 89' lang='lat' dir='ltr'>tempore,</span> <span class='ocrx_word' id='word_1_486' title='bbox 1454 2788 1507 2840; x_wconf 95' lang='lat' dir='ltr'>quo</span> <span class='ocrx_word' id='word_1_487' title='bbox 1516 2772 1642 2827; x_wconf 84' lang='lat' dir='ltr'>Rabanus</span> <span class='ocrx_word' id='word_1_488' title='bbox 1655 2776 1735 2829; x_wconf 90' lang='lat' dir='ltr'>sebo·</span> 
     </span>
     <span class='ocr_line' id='line_1_68' title="bbox 949 2841 1733 2915; baseline 0.005 -20"><span class='ocrx_word' id='word_1_489' title='bbox 949 2842 983 2897; x_wconf 93' lang='lat' dir='ltr'>lis</span> <span class='ocrx_word' id='word_1_490' title='bbox 994 2841 1171 2897; x_wconf 85' lang='lat' dir='ltr'>Fuldensibus</span> <span class='ocrx_word' id='word_1_491' title='bbox 1181 2851 1303 2915; x_wconf 74' lang='lat' dir='ltr'>praeerat.</span> <span class='ocrx_word' id='word_1_492' title='bbox 1318 2841 1384 2895; x_wconf 86' lang='lat' dir='ltr'>Nam</span> <span class='ocrx_word' id='word_1_493' title='bbox 1400 2843 1426 2895; x_wconf 94' lang='lat' dir='ltr'>in</span> <span class='ocrx_word' id='word_1_494' title='bbox 1451 2844 1503 2896; x_wconf 90' lang='lat' dir='ltr'>tine</span> <span class='ocrx_word' id='word_1_495' title='bbox 1518 2843 1653 2912; x_wconf 75' lang='lat' dir='ltr'>practicae</span> <span class='ocrx_word' id='word_1_496' title='bbox 1675 2845 1733 2914; x_wconf 90' lang='lat' dir='ltr'>epi-</span> 
     </span>
     <span class='ocr_line' id='line_1_69' title="bbox 949 2910 1730 2984; baseline 0.003 -17"><span class='ocrx_word' id='word_1_497' title='bbox 949 2912 1025 2967; x_wconf 85' lang='lat' dir='ltr'>stolae</span> <span class='ocrx_word' id='word_1_498' title='bbox 1040 2912 1073 2966; x_wconf 69' lang='lat'>55</span> <span class='ocrx_word' id='word_1_499' title='bbox 1084 2910 1166 2984; x_wconf 85' lang='lat' dir='ltr'>(nunc</span> <span class='ocrx_word' id='word_1_500' title='bbox 1177 2912 1238 2982; x_wconf 65' lang='lat'>150,</span> <span class='ocrx_word' id='word_1_501' title='bbox 1253 2912 1373 2965; x_wconf 78' lang='lat' dir='ltr'>blaurum</span> <span class='ocrx_word' id='word_1_502' title='bbox 1387 2912 1559 2979; x_wconf 76' lang='lat' dir='ltr'>valereJ&#39;ubet</span> <span class='ocrx_word' id='word_1_503' title='bbox 1569 2929 1626 2966; x_wconf 87' lang='lat' dir='ltr'>cum</span> <span class='ocrx_word' id='word_1_504' title='bbox 1641 2915 1730 2981; x_wconf 84' lang='lat' dir='ltr'>poerit</span> 
     </span>
     <span class='ocr_line' id='line_1_70' title="bbox 950 2982 1736 3039; baseline 0 -1"><span class='ocrx_word' id='word_1_505' title='bbox 950 2984 1016 3039; x_wconf 87' lang='lat' dir='ltr'>suis.</span> <span class='ocrx_word' id='word_1_506' title='bbox 1033 2983 1173 3037; x_wconf 88' lang='lat' dir='ltr'>Rabanurn</span> <span class='ocrx_word' id='word_1_507' title='bbox 1184 2990 1273 3036; x_wconf 87' lang='lat' dir='ltr'>arrtcm</span> <span class='ocrx_word' id='word_1_508' title='bbox 1287 2998 1338 3036; x_wconf 90' lang='lat' dir='ltr'>uon</span> <span class='ocrx_word' id='word_1_509' title='bbox 1365 2983 1417 3036; x_wconf 90' lang='lat' dir='ltr'>nisi</span> <span class='ocrx_word' id='word_1_510' title='bbox 1432 2983 1465 3036; x_wconf 89' lang='lat' dir='ltr'>ab</span> <span class='ocrx_word' id='word_1_511' title='bbox 1478 2998 1549 3037; x_wconf 90' lang='lat' dir='ltr'>anuo</span> <span class='ocrx_word' id='word_1_512' title='bbox 1570 2984 1621 3037; x_wconf 87' lang='grc'>810</span> <span class='ocrx_word' id='word_1_513' title='bbox 1635 2982 1736 3039; x_wconf 86' lang='lat' dir='ltr'>scholis</span> 
     </span>
     <span class='ocr_line' id='line_1_71' title="bbox 148 3051 1732 3134; baseline 0.002 -30"><span class='ocrx_word' id='word_1_514' title='bbox 148 3052 191 3105; x_wconf 80' lang='lat' dir='ltr'>tt.</span> <span class='ocrx_word' id='word_1_515' title='bbox 211 3052 352 3108; x_wconf 83' lang='lat' dir='ltr'>blcninnm</span> <span class='ocrx_word' id='word_1_516' title='bbox 381 3053 480 3107; x_wconf 90' lang='lat' dir='ltr'>obiisse</span> <span class='ocrx_word' id='word_1_517' title='bbox 500 3069 542 3107; x_wconf 82' lang='lat' dir='ltr'>,rvr</span> <span class='ocrx_word' id='word_1_518' title='bbox 561 3052 695 3107; x_wconf 79' lang='lat' dir='ltr'>Kalendas</span> <span class='ocrx_word' id='word_1_519' title='bbox 717 3051 810 3108; x_wconf 81' lang='lat' dir='ltr'>iunias</span> <span class='ocrx_word' id='word_1_520' title='bbox 834 3053 898 3108; x_wconf 89' lang='lat' dir='ltr'>anni</span> <span class='ocrx_word' id='word_1_521' title='bbox 950 3053 1126 3108; x_wconf 79' lang='lat' dir='ltr'>l&#39;uldensibus</span> <span class='ocrx_word' id='word_1_522' title='bbox 1137 3051 1295 3134; x_wconf 76' lang='lat' dir='ltr'>praetectum</span> <span class='ocrx_word' id='word_1_523' title='bbox 1314 3066 1374 3106; x_wconf 91' lang='lat' dir='ltr'>csse</span> <span class='ocrx_word' id='word_1_524' title='bbox 1394 3051 1505 3106; x_wconf 86' lang='lat' dir='ltr'>iniurius</span> <span class='ocrx_word' id='word_1_525' title='bbox 1527 3067 1576 3107; x_wconf 91' lang='lat' dir='ltr'>suo</span> <span class='ocrx_word' id='word_1_526' title='bbox 1597 3054 1732 3122; x_wconf 80' lang='lat' dir='ltr'>locopro·</span> 
     </span>
     <span class='ocr_line' id='line_1_72' title="bbox 113 3120 1735 3194; baseline 0.002 -20"><span class='ocrx_word' id='word_1_527' title='bbox 113 3120 163 3175; x_wconf 85' lang='grc'>801</span> <span class='ocrx_word' id='word_1_528' title='bbox 179 3123 267 3192; x_wconf 87' lang='lat' dir='ltr'>prodit</span> <span class='ocrx_word' id='word_1_529' title='bbox 279 3121 345 3176; x_wconf 80' lang='lat' dir='ltr'>Vite</span> <span class='ocrx_word' id='word_1_530' title='bbox 353 3124 478 3192; x_wconf 89' lang='lat' dir='ltr'>scriptor,</span> <span class='ocrx_word' id='word_1_531' title='bbox 490 3138 605 3194; x_wconf 89' lang='lat' dir='ltr'>cumque</span> <span class='ocrx_word' id='word_1_532' title='bbox 618 3125 702 3177; x_wconf 86' lang='lat' dir='ltr'>secuti</span> <span class='ocrx_word' id='word_1_533' title='bbox 715 3131 839 3183; x_wconf 86' lang='lat' dir='ltr'>auctores</span> <span class='ocrx_word' id='word_1_534' title='bbox 851 3139 899 3192; x_wconf 91' lang='lat' dir='ltr'>po-</span> <span class='ocrx_word' id='word_1_535' title='bbox 912 3121 935 3182; x_wconf 83' lang='lat' dir='ltr'><strong>G</strong></span> <span class='ocrx_word' id='word_1_536' title='bbox 950 3122 1067 3176; x_wconf 89' lang='lat' dir='ltr'>bandum</span> <span class='ocrx_word' id='word_1_537' title='bbox 1082 3131 1123 3176; x_wconf 90' lang='lat' dir='ltr'>est</span> <span class='ocrx_word' id='word_1_538' title='bbox 1136 3139 1162 3176; x_wconf 91' lang='lat' dir='ltr'>m</span> <span class='ocrx_word' id='word_1_539' title='bbox 1176 3122 1260 3191; x_wconf 89' lang='lat' dir='ltr'>ipsius</span> <span class='ocrx_word' id='word_1_540' title='bbox 1276 3122 1377 3175; x_wconf 81' lang='lat' dir='ltr'>Rabani</span> <span class='ocrx_word' id='word_1_541' title='bbox 1391 3122 1484 3193; x_wconf 85' lang='lat' dir='ltr'>Elegio</span> <span class='ocrx_word' id='word_1_542' title='bbox 1498 3139 1505 3176; x_wconf 77' lang='grc' dir='ltr'><strong><em>ε</em></strong></span> <span class='ocrx_word' id='word_1_543' title='bbox 1522 3137 1553 3178; x_wconf 90' lang='lat' dir='ltr'>ac</span> <span class='ocrx_word' id='word_1_544' title='bbox 1564 3121 1678 3192; x_wconf 83' lang='lat' dir='ltr'>proinde</span> <span class='ocrx_word' id='word_1_545' title='bbox 1687 3121 1735 3178; x_wconf 82' lang='lat' dir='ltr'>hl-</span> 
     </span>
     <span class='ocr_line' id='line_1_73' title="bbox 114 3192 1375 3248; baseline -0.001 -3"><span class='ocrx_word' id='word_1_546' title='bbox 114 3192 251 3246; x_wconf 87' lang='lat' dir='ltr'>steriores.</span> <span class='ocrx_word' id='word_1_547' title='bbox 280 3192 355 3246; x_wconf 88' lang='lat' dir='ltr'>Diem</span> <span class='ocrx_word' id='word_1_548' title='bbox 375 3193 543 3248; x_wconf 88' lang='lat' dir='ltr'>retinendum</span> <span class='ocrx_word' id='word_1_549' title='bbox 567 3208 626 3248; x_wconf 90' lang='lat' dir='ltr'>esse</span> <span class='ocrx_word' id='word_1_550' title='bbox 653 3200 760 3248; x_wconf 89' lang='lat' dir='ltr'>constat</span> <span class='ocrx_word' id='word_1_551' title='bbox 775 3212 780 3246; x_wconf 91' lang='lat'>:</span> <span class='ocrx_word' id='word_1_552' title='bbox 798 3208 898 3247; x_wconf 92' lang='lat' dir='ltr'>annum</span> <span class='ocrx_word' id='word_1_553' title='bbox 949 3194 1044 3247; x_wconf 82' lang='lat' dir='ltr'>cuirrus</span> <span class='ocrx_word' id='word_1_554' title='bbox 1061 3207 1123 3246; x_wconf 91' lang='lat' dir='ltr'>cum</span> <span class='ocrx_word' id='word_1_555' title='bbox 1138 3207 1237 3246; x_wconf 81' lang='lat' dir='ltr'>annium</span> <span class='ocrx_word' id='word_1_556' title='bbox 1250 3193 1375 3247; x_wconf 82' lang='lat' dir='ltr'>excessit.</span> 
     </span>
     <span class='ocr_line' id='line_1_74' title="bbox 114 3261 1727 3333; baseline 0.001 -16"><span class='ocrx_word' id='word_1_557' title='bbox 114 3261 300 3333; x_wconf 87' lang='lat' dir='ltr'>corrigendum</span> <span class='ocrx_word' id='word_1_558' title='bbox 318 3264 476 3333; x_wconf 85' lang='lat' dir='ltr'>argumenta</span> <span class='ocrx_word' id='word_1_559' title='bbox 500 3263 550 3317; x_wconf 90' lang='lat' dir='ltr'>tria</span> <span class='ocrx_word' id='word_1_560' title='bbox 575 3265 738 3333; x_wconf 88' lang='lat' dir='ltr'>persuadere</span> <span class='ocrx_word' id='word_1_561' title='bbox 761 3264 895 3317; x_wconf 82' lang='lat' dir='ltr'>ridentur.</span> <span class='ocrx_word' id='word_1_562' title='bbox 983 3262 1026 3316; x_wconf 78' lang='lat'>73.</span> <span class='ocrx_word' id='word_1_563' title='bbox 1048 3261 1095 3317; x_wconf 91' lang='lat' dir='ltr'>llis</span> <span class='ocrx_word' id='word_1_564' title='bbox 1109 3263 1240 3317; x_wconf 83' lang='lat' dir='ltr'>accedunt</span> <span class='ocrx_word' id='word_1_565' title='bbox 1258 3262 1420 3330; x_wconf 86' lang='lat' dir='ltr'>conjecturae</span> <span class='ocrx_word' id='word_1_566' title='bbox 1431 3271 1487 3319; x_wconf 88' lang='lat' dir='ltr'>tres</span> <span class='ocrx_word' id='word_1_567' title='bbox 1501 3279 1552 3318; x_wconf 88' lang='lat' dir='ltr'>noa</span> <span class='ocrx_word' id='word_1_568' title='bbox 1566 3265 1648 3320; x_wconf 86' lang='lat' dir='ltr'>leres.</span> <span class='ocrx_word' id='word_1_569' title='bbox 1669 3262 1727 3320; x_wconf 88' lang='lat' dir='ltr'>Una</span> 
     </span>
     <span class='ocr_line' id='line_1_75' title="bbox 148 3331 1733 3405; baseline 0.003 -21"><span class='ocrx_word' id='word_1_570' title='bbox 148 3331 191 3385; x_wconf 74' lang='lat' dir='ltr'>te.</span> <span class='ocrx_word' id='word_1_571' title='bbox 212 3331 330 3386; x_wconf 87' lang='lat' dir='ltr'>Primum</span> <span class='ocrx_word' id='word_1_572' title='bbox 350 3341 536 3405; x_wconf 80' lang='lat' dir='ltr'>argumentum</span> <span class='ocrx_word' id='word_1_573' title='bbox 551 3335 651 3402; x_wconf 89' lang='lat' dir='ltr'>petitur</span> <span class='ocrx_word' id='word_1_574' title='bbox 678 3349 711 3388; x_wconf 79' lang='lat' dir='ltr'>es</span> <span class='ocrx_word' id='word_1_575' title='bbox 730 3334 851 3388; x_wconf 86' lang='lat' dir='ltr'>carmine</span> <span class='ocrx_word' id='word_1_576' title='bbox 863 3332 898 3387; x_wconf 76' lang='lat' dir='ltr'>st</span> <span class='ocrx_word' id='word_1_577' title='bbox 948 3331 1157 3401; x_wconf 82' lang='lat' dir='ltr'>quodhlcuinus</span> <span class='ocrx_word' id='word_1_578' title='bbox 1171 3333 1254 3388; x_wconf 92' lang='lat' dir='ltr'>libros</span> <span class='ocrx_word' id='word_1_579' title='bbox 1268 3348 1360 3387; x_wconf 88' lang='lat' dir='ltr'>saeros</span> <span class='ocrx_word' id='word_1_580' title='bbox 1378 3334 1484 3388; x_wconf 83' lang='lat' dir='ltr'>Veteris</span> <span class='ocrx_word' id='word_1_581' title='bbox 1503 3334 1623 3404; x_wconf 83' lang='lat' dir='ltr'>Norique</span> <span class='ocrx_word' id='word_1_582' title='bbox 1637 3334 1733 3389; x_wconf 81' lang='lat' dir='ltr'>Testa·</span> 
     </span>
     <span class='ocr_line' id='line_1_76' title="bbox 113 3401 1732 3474; baseline 0.003 -21"><span class='ocrx_word' id='word_1_583' title='bbox 113 3401 196 3466; x_wconf 84' lang='lat' dir='ltr'>(nuvae</span> <span class='ocrx_word' id='word_1_584' title='bbox 210 3401 254 3473; x_wconf 78' lang='lat' dir='ltr'>aa)</span> <span class='ocrx_word' id='word_1_585' title='bbox 265 3403 334 3471; x_wconf 89' lang='lat' dir='ltr'>quod</span> <span class='ocrx_word' id='word_1_586' title='bbox 345 3402 377 3457; x_wconf 90' lang='lat' dir='ltr'>de</span> <span class='ocrx_word' id='word_1_587' title='bbox 391 3403 475 3458; x_wconf 89' lang='lat' dir='ltr'>suncti</span> <span class='ocrx_word' id='word_1_588' title='bbox 488 3402 601 3458; x_wconf 73' lang='lat' dir='ltr'>rimandi</span> <span class='ocrx_word' id='word_1_589' title='bbox 616 3404 737 3474; x_wconf 90' lang='lat' dir='ltr'>corporis</span> <span class='ocrx_word' id='word_1_590' title='bbox 748 3403 898 3458; x_wconf 84' lang='lat' dir='ltr'>elevatione</span> <span class='ocrx_word' id='word_1_591' title='bbox 948 3403 1030 3457; x_wconf 91' lang='lat' dir='ltr'>menti</span> <span class='ocrx_word' id='word_1_592' title='bbox 1046 3404 1197 3456; x_wconf 87' lang='lat' dir='ltr'>emendarit</span> <span class='ocrx_word' id='word_1_593' title='bbox 1213 3402 1291 3471; x_wconf 87' lang='lat' dir='ltr'>jussu</span> <span class='ocrx_word' id='word_1_594' title='bbox 1312 3402 1400 3457; x_wconf 82' lang='lat' dir='ltr'>Caroli</span> <span class='ocrx_word' id='word_1_595' title='bbox 1416 3403 1515 3474; x_wconf 81' lang='lat' dir='ltr'>Magni,</span> <span class='ocrx_word' id='word_1_596' title='bbox 1532 3413 1561 3458; x_wconf 93' lang='lat' dir='ltr'>ut</span> <span class='ocrx_word' id='word_1_597' title='bbox 1576 3405 1634 3473; x_wconf 87' lang='lat' dir='ltr'>ipse</span> <span class='ocrx_word' id='word_1_598' title='bbox 1646 3413 1732 3458; x_wconf 84' lang='lat' dir='ltr'>testa-</span> 
     </span>
     <span class='ocr_line' id='line_1_77' title="bbox 113 3472 1734 3554; baseline 0.005 -33"><span class='ocrx_word' id='word_1_599' title='bbox 113 3472 153 3540; x_wconf 79' lang='grc' dir='ltr'>(ιιι</span> <span class='ocrx_word' id='word_1_600' title='bbox 166 3472 274 3540; x_wconf 91' lang='lat' dir='ltr'>vocant)</span> <span class='ocrx_word' id='word_1_601' title='bbox 289 3474 395 3554; x_wconf 79' lang='lat' dir='ltr'>scripsit</span> <span class='ocrx_word' id='word_1_602' title='bbox 419 3473 548 3528; x_wconf 80' lang='lat' dir='ltr'>hicuinus</span> <span class='ocrx_word' id='word_1_603' title='bbox 575 3491 627 3528; x_wconf 92' lang='lat' dir='ltr'>non</span> <span class='ocrx_word' id='word_1_604' title='bbox 645 3482 706 3528; x_wconf 88' lang='lat' dir='ltr'>ante</span> <span class='ocrx_word' id='word_1_605' title='bbox 721 3489 820 3528; x_wconf 87' lang='lat' dir='ltr'>anuum</span> <span class='ocrx_word' id='word_1_606' title='bbox 833 3472 896 3538; x_wconf 88' lang='grc'>809,</span> <span class='ocrx_word' id='word_1_607' title='bbox 948 3483 990 3526; x_wconf 89' lang='lat' dir='ltr'>tur</span> <span class='ocrx_word' id='word_1_608' title='bbox 1008 3474 1034 3526; x_wconf 91' lang='lat' dir='ltr'>io</span> <span class='ocrx_word' id='word_1_609' title='bbox 1044 3473 1158 3542; x_wconf 83' lang='lat' dir='ltr'>epistola</span> <span class='ocrx_word' id='word_1_610' title='bbox 1170 3474 1279 3541; x_wconf 73' lang='lat' dir='ltr'>praelixa</span> <span class='ocrx_word' id='word_1_611' title='bbox 1292 3472 1361 3526; x_wconf 89' lang='lat' dir='ltr'>libro</span> <span class='ocrx_word' id='word_1_612' title='bbox 1372 3480 1448 3526; x_wconf 80' lang='lat' dir='ltr'>sexto</span> <span class='ocrx_word' id='word_1_613' title='bbox 1460 3475 1486 3526; x_wconf 89' lang='lat' dir='ltr'>in</span> <span class='ocrx_word' id='word_1_614' title='bbox 1499 3473 1629 3527; x_wconf 83' lang='lat' dir='ltr'>loannem</span> <span class='ocrx_word' id='word_1_615' title='bbox 1643 3493 1649 3526; x_wconf 78' lang='grc' dir='ltr'>ε</span> <span class='ocrx_word' id='word_1_616' title='bbox 1664 3489 1734 3543; x_wconf 88' lang='lat' dir='ltr'>quos</span> 
     </span>
     <span class='ocr_line' id='line_1_78' title="bbox 113 3541 1733 3616; baseline 0.005 -24"><span class='ocrx_word' id='word_1_617' title='bbox 113 3556 165 3608; x_wconf 88' lang='lat' dir='ltr'>quo</span> <span class='ocrx_word' id='word_1_618' title='bbox 180 3542 237 3595; x_wconf 84' lang='lat' dir='ltr'>haec</span> <span class='ocrx_word' id='word_1_619' title='bbox 258 3541 371 3596; x_wconf 82' lang='lat' dir='ltr'>elevatio</span> <span class='ocrx_word' id='word_1_620' title='bbox 385 3542 454 3597; x_wconf 87' lang='lat' dir='ltr'>sacta</span> <span class='ocrx_word' id='word_1_621' title='bbox 470 3551 520 3597; x_wconf 89' lang='lat' dir='ltr'>est.</span> <span class='ocrx_word' id='word_1_622' title='bbox 542 3542 615 3598; x_wconf 81' lang='lat' dir='ltr'>istud</span> <span class='ocrx_word' id='word_1_623' title='bbox 629 3552 818 3616; x_wconf 76' lang='lat' dir='ltr'>argumentum</span> <span class='ocrx_word' id='word_1_624' title='bbox 843 3558 897 3612; x_wconf 87' lang='lat' dir='ltr'>qua</span> <span class='ocrx_word' id='word_1_625' title='bbox 946 3543 1028 3598; x_wconf 90' lang='lat' dir='ltr'>libros</span> <span class='ocrx_word' id='word_1_626' title='bbox 1043 3543 1082 3597; x_wconf 88' lang='lat' dir='ltr'>sic</span> <span class='ocrx_word' id='word_1_627' title='bbox 1094 3543 1251 3597; x_wconf 89' lang='lat' dir='ltr'>emendatos</span> <span class='ocrx_word' id='word_1_628' title='bbox 1264 3542 1361 3595; x_wconf 91' lang='lat' dir='ltr'>obtulit</span> <span class='ocrx_word' id='word_1_629' title='bbox 1382 3541 1479 3596; x_wconf 90' lang='lat' dir='ltr'>Carolo</span> <span class='ocrx_word' id='word_1_630' title='bbox 1493 3558 1553 3597; x_wconf 91' lang='lat' dir='ltr'>cum</span> <span class='ocrx_word' id='word_1_631' title='bbox 1568 3542 1682 3613; x_wconf 87' lang='lat' dir='ltr'>epistola</span> <span class='ocrx_word' id='word_1_632' title='bbox 1697 3545 1733 3600; x_wconf 72' lang='lat'>20</span> 
     </span>
     <span class='ocr_line' id='line_1_79' title="bbox 114 3610 1733 3735; baseline 0.004 -72"><span class='ocrx_word' id='word_1_633' title='bbox 114 3610 216 3663; x_wconf 91' lang='lat' dir='ltr'>ratione</span> <span class='ocrx_word' id='word_1_634' title='bbox 235 3610 304 3664; x_wconf 87' lang='lat' dir='ltr'>eludi</span> <span class='ocrx_word' id='word_1_635' title='bbox 318 3613 402 3679; x_wconf 87' lang='lat' dir='ltr'>possit</span> <span class='ocrx_word' id='word_1_636' title='bbox 416 3628 468 3665; x_wconf 92' lang='lat' dir='ltr'>non</span> <span class='ocrx_word' id='word_1_637' title='bbox 485 3613 571 3666; x_wconf 89' lang='lat' dir='ltr'>video.</span> <span class='ocrx_word' id='word_1_638' title='bbox 589 3613 680 3681; x_wconf 86' lang='lat' dir='ltr'>Neque</span> <span class='ocrx_word' id='word_1_639' title='bbox 692 3616 764 3667; x_wconf 87' lang='lat' dir='ltr'>eninr</span> <span class='ocrx_word' id='word_1_640' title='bbox 781 3613 834 3667; x_wconf 88' lang='lat' dir='ltr'>dici</span> <span class='ocrx_word' id='word_1_641' title='bbox 847 3629 895 3681; x_wconf 90' lang='lat' dir='ltr'>po-</span> <span class='ocrx_word' id='word_1_642' title='bbox 947 3612 1029 3685; x_wconf 81' lang='lat' dir='ltr'>(nune</span> <span class='ocrx_word' id='word_1_643' title='bbox 1044 3612 1116 3735; x_wconf 45' lang='lat'>¹312).</span> <span class='ocrx_word' id='word_1_644' title='bbox 1132 3612 1274 3682; x_wconf 86' lang='lat' dir='ltr'>Theganus</span> <span class='ocrx_word' id='word_1_645' title='bbox 1284 3627 1347 3666; x_wconf 89' lang='lat' dir='ltr'>vcro</span> <span class='ocrx_word' id='word_1_646' title='bbox 1357 3621 1451 3667; x_wconf 87' lang='lat' dir='ltr'>auctor</span> <span class='ocrx_word' id='word_1_647' title='bbox 1463 3619 1515 3677; x_wconf 86' lang='lat' dir='ltr'>est,</span> <span class='ocrx_word' id='word_1_648' title='bbox 1531 3611 1656 3667; x_wconf 83' lang='lat' dir='ltr'>Ceruium</span> <span class='ocrx_word' id='word_1_649' title='bbox 1671 3629 1733 3670; x_wconf 89' lang='lat' dir='ltr'>cor·</span> 
     </span>
     <span class='ocr_line' id='line_1_80' title="bbox 113 3681 1733 3752; baseline 0.006 -21"><span class='ocrx_word' id='word_1_650' title='bbox 113 3686 166 3733; x_wconf 89' lang='lat' dir='ltr'>tcst</span> <span class='ocrx_word' id='word_1_651' title='bbox 181 3693 289 3733; x_wconf 89' lang='lat' dir='ltr'>carrncu</span> <span class='ocrx_word' id='word_1_652' title='bbox 301 3694 347 3732; x_wconf 88' lang='lat' dir='ltr'>seu</span> <span class='ocrx_word' id='word_1_653' title='bbox 369 3681 533 3750; x_wconf 86' lang='lat' dir='ltr'>epigramma</span> <span class='ocrx_word' id='word_1_654' title='bbox 548 3682 620 3735; x_wconf 89' lang='lat' dir='ltr'>istud</span> <span class='ocrx_word' id='word_1_655' title='bbox 632 3696 685 3734; x_wconf 90' lang='lat' dir='ltr'>nun</span> <span class='ocrx_word' id='word_1_656' title='bbox 700 3697 759 3736; x_wconf 88' lang='lat' dir='ltr'>csse</span> <span class='ocrx_word' id='word_1_657' title='bbox 769 3683 894 3736; x_wconf 82' lang='lat' dir='ltr'>hicuinl:</span> <span class='ocrx_word' id='word_1_658' title='bbox 946 3684 1063 3751; x_wconf 78' lang='lat' dir='ltr'>rigandis</span> <span class='ocrx_word' id='word_1_659' title='bbox 1077 3682 1094 3734; x_wconf 92' lang='lat' dir='ltr'>li</span> <span class='ocrx_word' id='word_1_660' title='bbox 1116 3683 1153 3736; x_wconf 90' lang='lat' dir='ltr'>ris</span> <span class='ocrx_word' id='word_1_661' title='bbox 1166 3684 1251 3736; x_wconf 88' lang='lat' dir='ltr'>sacris</span> <span class='ocrx_word' id='word_1_662' title='bbox 1265 3682 1371 3736; x_wconf 88' lang='lat' dir='ltr'>dedisse</span> <span class='ocrx_word' id='word_1_663' title='bbox 1382 3697 1491 3751; x_wconf 86' lang='lat' dir='ltr'>operam</span> <span class='ocrx_word' id='word_1_664' title='bbox 1512 3683 1650 3752; x_wconf 91' lang='lat' dir='ltr'>paululum</span> <span class='ocrx_word' id='word_1_665' title='bbox 1670 3695 1733 3741; x_wconf 89' lang='lat' dir='ltr'>antu</span> 
     </span>
     <span class='ocr_line' id='line_1_81' title="bbox 112 3749 1730 3822; baseline 0.006 -22"><span class='ocrx_word' id='word_1_666' title='bbox 112 3764 283 3802; x_wconf 88' lang='lat' dir='ltr'>eumuomcn</span> <span class='ocrx_word' id='word_1_667' title='bbox 309 3749 433 3817; x_wconf 88' lang='lat' dir='ltr'>ipsiusin</span> <span class='ocrx_word' id='word_1_668' title='bbox 459 3763 491 3803; x_wconf 90' lang='lat' dir='ltr'>eo</span> <span class='ocrx_word' id='word_1_669' title='bbox 506 3758 670 3817; x_wconf 89' lang='lat' dir='ltr'>compareat.</span> <span class='ocrx_word' id='word_1_670' title='bbox 702 3749 794 3822; x_wconf 84' lang='lat' dir='ltr'>Neque</span> <span class='ocrx_word' id='word_1_671' title='bbox 819 3765 897 3805; x_wconf 89' lang='lat' dir='ltr'>error</span> <span class='ocrx_word' id='word_1_672' title='bbox 945 3753 1148 3805; x_wconf 89' lang='lat' dir='ltr'>obitumsaum.</span> <span class='ocrx_word' id='word_1_673' title='bbox 1177 3750 1274 3804; x_wconf 73' lang='lat' dir='ltr'>«Nam</span> <span class='ocrx_word' id='word_1_674' title='bbox 1291 3759 1407 3818; x_wconf 87' lang='lat' dir='ltr'>quatuor</span> <span class='ocrx_word' id='word_1_675' title='bbox 1424 3752 1569 3817; x_wconf 84' lang='lat' dir='ltr'>Evangelia</span> <span class='ocrx_word' id='word_1_676' title='bbox 1581 3752 1683 3807; x_wconf 85' lang='lat' dir='ltr'>Christi</span> <span class='ocrx_word' id='word_1_677' title='bbox 1701 3755 1730 3811; x_wconf 94' lang='lat' dir='ltr'>in</span> 
     </span>
     <span class='ocr_line' id='line_1_82' title="bbox 112 3818 1733 3894; baseline 0.003 -21"><span class='ocrx_word' id='word_1_678' title='bbox 112 3818 203 3873; x_wconf 85' lang='lat' dir='ltr'>lliloni</span> <span class='ocrx_word' id='word_1_679' title='bbox 229 3819 385 3873; x_wconf 89' lang='lat' dir='ltr'>elevationis</span> <span class='ocrx_word' id='word_1_680' title='bbox 411 3826 515 3886; x_wconf 89' lang='lat' dir='ltr'>tempus</span> <span class='ocrx_word' id='word_1_681' title='bbox 538 3820 694 3887; x_wconf 83' lang='lat' dir='ltr'>assignanti,</span> <span class='ocrx_word' id='word_1_682' title='bbox 710 3828 757 3871; x_wconf 91' lang='lat' dir='ltr'>aut</span> <span class='ocrx_word' id='word_1_683' title='bbox 786 3819 896 3872; x_wconf 89' lang='lat' dir='ltr'>librario</span> <span class='ocrx_word' id='word_1_684' title='bbox 944 3819 1115 3873; x_wconf 86' lang='lat' dir='ltr'>ultinioante</span> <span class='ocrx_word' id='word_1_685' title='bbox 1132 3820 1222 3873; x_wconf 87' lang='lat' dir='ltr'>obitus</span> <span class='ocrx_word' id='word_1_686' title='bbox 1243 3820 1284 3872; x_wconf 89' lang='lat' dir='ltr'>sni</span> <span class='ocrx_word' id='word_1_687' title='bbox 1298 3820 1368 3872; x_wconf 88' lang='lat' dir='ltr'>diem</span> <span class='ocrx_word' id='word_1_688' title='bbox 1392 3834 1454 3874; x_wconf 92' lang='lat' dir='ltr'>cum</span> <span class='ocrx_word' id='word_1_689' title='bbox 1485 3819 1586 3875; x_wconf 74' lang='lat' dir='ltr'>Graccis</span> <span class='ocrx_word' id='word_1_690' title='bbox 1605 3829 1633 3875; x_wconf 91' lang='lat' dir='ltr'>et</span> <span class='ocrx_word' id='word_1_691' title='bbox 1655 3822 1733 3894; x_wconf 78' lang='lat' dir='ltr'>Syria</span> 
     </span>
     <span class='ocr_line' id='line_1_83' title="bbox 112 3888 1732 3959; baseline 0.004 -18"><span class='ocrx_word' id='word_1_692' title='bbox 112 3888 272 3944; x_wconf 86' lang='lat' dir='ltr'>describenti</span> <span class='ocrx_word' id='word_1_693' title='bbox 301 3889 426 3958; x_wconf 90' lang='lat' dir='ltr'>imputari</span> <span class='ocrx_word' id='word_1_694' title='bbox 459 3896 556 3955; x_wconf 90' lang='lat' dir='ltr'>potest,</span> <span class='ocrx_word' id='word_1_695' title='bbox 586 3888 718 3957; x_wconf 87' lang='lat' dir='ltr'>siquidem</span> <span class='ocrx_word' id='word_1_696' title='bbox 741 3888 896 3944; x_wconf 74' lang='lat' dir='ltr'>arianismo</span> <span class='ocrx_word' id='word_1_697' title='bbox 944 3889 1045 3958; x_wconf 90' lang='lat' dir='ltr'>optime</span> <span class='ocrx_word' id='word_1_698' title='bbox 1056 3897 1233 3942; x_wconf 82' lang='lat' dir='ltr'>correxerat:</span> <span class='ocrx_word' id='word_1_699' title='bbox 1254 3908 1264 3939; x_wconf 81' lang='lat' dir='ltr'>s</span> <span class='ocrx_word' id='word_1_700' title='bbox 1284 3903 1337 3957; x_wconf 90' lang='lat' dir='ltr'>quo</span> <span class='ocrx_word' id='word_1_701' title='bbox 1353 3897 1494 3959; x_wconf 89' lang='lat' dir='ltr'>tempore,</span> <span class='ocrx_word' id='word_1_702' title='bbox 1513 3899 1544 3943; x_wconf 93' lang='lat' dir='ltr'>ut</span> <span class='ocrx_word' id='word_1_703' title='bbox 1557 3892 1615 3945; x_wconf 89' lang='lat' dir='ltr'>veri</span> <span class='ocrx_word' id='word_1_704' title='bbox 1642 3894 1732 3950; x_wconf 88' lang='lat' dir='ltr'>simila</span> 
     </span>
     <span class='ocr_line' id='line_1_84' title="bbox 111 3957 1731 4027; baseline 0.002 -14"><span class='ocrx_word' id='word_1_705' title='bbox 111 3968 167 4013; x_wconf 91' lang='lat' dir='ltr'>tam</span> <span class='ocrx_word' id='word_1_706' title='bbox 193 3959 220 4012; x_wconf 91' lang='lat' dir='ltr'>in</span> <span class='ocrx_word' id='word_1_707' title='bbox 248 3959 323 4014; x_wconf 91' lang='lat' dir='ltr'>libris</span> <span class='ocrx_word' id='word_1_708' title='bbox 352 3958 441 4021; x_wconf 87' lang='lat' dir='ltr'>editis,</span> <span class='ocrx_word' id='word_1_709' title='bbox 467 3973 549 4027; x_wconf 91' lang='lat' dir='ltr'>quam</span> <span class='ocrx_word' id='word_1_710' title='bbox 569 3959 596 4012; x_wconf 93' lang='lat' dir='ltr'>in</span> <span class='ocrx_word' id='word_1_711' title='bbox 613 3973 678 4012; x_wconf 92' lang='lat' dir='ltr'>mss.</span> <span class='ocrx_word' id='word_1_712' title='bbox 697 3958 894 4027; x_wconf 79' lang='lat' dir='ltr'>exprimiturin</span> <span class='ocrx_word' id='word_1_713' title='bbox 944 3965 1004 4021; x_wconf 87' lang='lat' dir='ltr'>cst,</span> <span class='ocrx_word' id='word_1_714' title='bbox 1022 3957 1271 4011; x_wconf 78' lang='lat' dir='ltr'>hleuinumadsibi</span> <span class='ocrx_word' id='word_1_715' title='bbox 1290 3958 1508 4014; x_wconf 88' lang='lat' dir='ltr'>collaborandum</span> <span class='ocrx_word' id='word_1_716' title='bbox 1534 3961 1672 4015; x_wconf 81' lang='lat' dir='ltr'>excitavit.</span> <span class='ocrx_word' id='word_1_717' title='bbox 1700 3962 1731 4025; x_wconf 88' lang='lat' dir='ltr'>ld</span> 
     </span>
     <span class='ocr_line' id='line_1_85' title="bbox 112 4027 1728 4096; baseline 0.004 -14"><span class='ocrx_word' id='word_1_718' title='bbox 112 4044 235 4083; x_wconf 88' lang='lat' dir='ltr'>sermone</span> <span class='ocrx_word' id='word_1_719' title='bbox 249 4028 355 4084; x_wconf 85' lang='lat' dir='ltr'>llilonis</span> <span class='ocrx_word' id='word_1_720' title='bbox 379 4029 411 4082; x_wconf 87' lang='lat' dir='ltr'>dc</span> <span class='ocrx_word' id='word_1_721' title='bbox 425 4030 475 4082; x_wconf 92' lang='lat' dir='ltr'>hac</span> <span class='ocrx_word' id='word_1_722' title='bbox 489 4027 646 4092; x_wconf 86' lang='lat' dir='ltr'>elevatione,</span> <span class='ocrx_word' id='word_1_723' title='bbox 673 4037 701 4083; x_wconf 90' lang='lat' dir='ltr'>et</span> <span class='ocrx_word' id='word_1_724' title='bbox 715 4028 740 4081; x_wconf 93' lang='lat' dir='ltr'>in</span> <span class='ocrx_word' id='word_1_725' title='bbox 764 4028 825 4081; x_wconf 78' lang='lat' dir='ltr'>t&#39;ita</span> <span class='ocrx_word' id='word_1_726' title='bbox 839 4042 895 4082; x_wconf 87' lang='lat' dir='ltr'>mc-</span> <span class='ocrx_word' id='word_1_727' title='bbox 944 4036 1034 4082; x_wconf 78' lang='lat' dir='ltr'>aumm</span> <span class='ocrx_word' id='word_1_728' title='bbox 1051 4027 1138 4081; x_wconf 87' lang='lat' dir='ltr'>valide</span> <span class='ocrx_word' id='word_1_729' title='bbox 1158 4027 1299 4082; x_wconf 79' lang='lat' dir='ltr'>confirmat</span> <span class='ocrx_word' id='word_1_730' title='bbox 1318 4029 1369 4082; x_wconf 87' lang='lat' dir='ltr'>alia</span> <span class='ocrx_word' id='word_1_731' title='bbox 1390 4028 1544 4096; x_wconf 81' lang='lat' dir='ltr'>coniectura</span> <span class='ocrx_word' id='word_1_732' title='bbox 1565 4048 1572 4084; x_wconf 77' lang='grc' dir='ltr'><strong>ε</strong></span> <span class='ocrx_word' id='word_1_733' title='bbox 1598 4032 1728 4090; x_wconf 84' lang='lat' dir='ltr'>nimirum</span> 
     </span>
     <span class='ocr_line' id='line_1_86' title="bbox 111 4097 1732 4172; baseline 0.005 -21"><span class='ocrx_word' id='word_1_734' title='bbox 111 4099 179 4153; x_wconf 89' lang='lat' dir='ltr'>trica</span> <span class='ocrx_word' id='word_1_735' title='bbox 193 4100 343 4161; x_wconf 89' lang='lat' dir='ltr'>abeodem,</span> <span class='ocrx_word' id='word_1_736' title='bbox 360 4106 386 4152; x_wconf 91' lang='lat' dir='ltr'>et</span> <span class='ocrx_word' id='word_1_737' title='bbox 400 4100 434 4154; x_wconf 92' lang='lat' dir='ltr'>ab</span> <span class='ocrx_word' id='word_1_738' title='bbox 456 4099 516 4152; x_wconf 89' lang='lat' dir='ltr'>aliis</span> <span class='ocrx_word' id='word_1_739' title='bbox 537 4101 693 4153; x_wconf 87' lang='lat' dir='ltr'>auctoribus</span> <span class='ocrx_word' id='word_1_740' title='bbox 706 4097 893 4163; x_wconf 79' lang='lat' dir='ltr'>confirmatur,</span> <span class='ocrx_word' id='word_1_741' title='bbox 944 4098 1015 4167; x_wconf 92' lang='lat' dir='ltr'>quod</span> <span class='ocrx_word' id='word_1_742' title='bbox 1029 4097 1158 4152; x_wconf 83' lang='lat' dir='ltr'>hlcuinus</span> <span class='ocrx_word' id='word_1_743' title='bbox 1173 4099 1360 4152; x_wconf 89' lang='lat' dir='ltr'>commentarii</span> <span class='ocrx_word' id='word_1_744' title='bbox 1383 4100 1423 4153; x_wconf 86' lang='lat' dir='ltr'>soi</span> <span class='ocrx_word' id='word_1_745' title='bbox 1440 4100 1466 4153; x_wconf 92' lang='lat' dir='ltr'>in</span> <span class='ocrx_word' id='word_1_746' title='bbox 1480 4098 1622 4166; x_wconf 82' lang='lat' dir='ltr'>ioannem,</span> <span class='ocrx_word' id='word_1_747' title='bbox 1648 4118 1732 4172; x_wconf 89' lang='lat' dir='ltr'>quem</span> 
     </span>
     <span class='ocr_line' id='line_1_87' title="bbox 111 4167 1733 4239; baseline 0.004 -17"><span class='ocrx_word' id='word_1_748' title='bbox 111 4177 140 4222; x_wconf 92' lang='lat' dir='ltr'>ut</span> <span class='ocrx_word' id='word_1_749' title='bbox 153 4169 275 4239; x_wconf 89' lang='lat' dir='ltr'>superius</span> <span class='ocrx_word' id='word_1_750' title='bbox 304 4177 439 4224; x_wconf 88' lang='lat' dir='ltr'>ostensum</span> <span class='ocrx_word' id='word_1_751' title='bbox 461 4169 494 4222; x_wconf 88' lang='lat' dir='ltr'>ad</span> <span class='ocrx_word' id='word_1_752' title='bbox 511 4183 573 4222; x_wconf 91' lang='lat' dir='ltr'>eum</span> <span class='ocrx_word' id='word_1_753' title='bbox 598 4184 707 4234; x_wconf 88' lang='lat' dir='ltr'>annum,</span> <span class='ocrx_word' id='word_1_754' title='bbox 737 4167 894 4223; x_wconf 89' lang='lat' dir='ltr'>ubidehac</span> <span class='ocrx_word' id='word_1_755' title='bbox 943 4168 1163 4221; x_wconf 86' lang='lat' dir='ltr'>commentarium</span> <span class='ocrx_word' id='word_1_756' title='bbox 1178 4169 1333 4238; x_wconf 80' lang='lat' dir='ltr'>rogantibus</span> <span class='ocrx_word' id='word_1_757' title='bbox 1345 4170 1416 4224; x_wconf 82' lang='lat' dir='ltr'>Gisia</span> <span class='ocrx_word' id='word_1_758' title='bbox 1431 4179 1458 4224; x_wconf 91' lang='lat' dir='ltr'>et</span> <span class='ocrx_word' id='word_1_759' title='bbox 1470 4171 1595 4226; x_wconf 84' lang='lat' dir='ltr'>Rictruda</span> <span class='ocrx_word' id='word_1_760' title='bbox 1616 4187 1662 4227; x_wconf 89' lang='lat' dir='ltr'>seo</span> <span class='ocrx_word' id='word_1_761' title='bbox 1676 4173 1733 4229; x_wconf 67' lang='lat' dir='ltr'>tte</span> 
     </span>
    </p>
   </div>
   <div class='ocr_carea' id='block_1_14' title="bbox 114 2639 898 2906">
    <p class='ocr_par' dir='ltr' id='par_1_17' title="bbox 114 2639 898 2906">
     <span class='ocr_line' id='line_1_88' title="bbox 115 2639 898 2710; baseline 0.001 -18"><span class='ocrx_word' id='word_1_762' title='bbox 115 2640 185 2693; x_wconf 91' lang='lat' dir='ltr'>cium</span> <span class='ocrx_word' id='word_1_763' title='bbox 200 2640 227 2693; x_wconf 93' lang='lat' dir='ltr'>in</span> <span class='ocrx_word' id='word_1_764' title='bbox 241 2641 359 2710; x_wconf 89' lang='lat' dir='ltr'>quolibet</span> <span class='ocrx_word' id='word_1_765' title='bbox 381 2654 460 2709; x_wconf 90' lang='lat' dir='ltr'>opere</span> <span class='ocrx_word' id='word_1_766' title='bbox 474 2641 533 2710; x_wconf 91' lang='lat' dir='ltr'>plus</span> <span class='ocrx_word' id='word_1_767' title='bbox 557 2639 703 2709; x_wconf 72' lang='lat' dir='ltr'>saepissime</span> <span class='ocrx_word' id='word_1_768' title='bbox 715 2639 796 2703; x_wconf 91' lang='lat' dir='ltr'>valet,</span> <span class='ocrx_word' id='word_1_769' title='bbox 816 2654 898 2709; x_wconf 90' lang='lat' dir='ltr'>quam</span> 
     </span>
     <span class='ocr_line' id='line_1_89' title="bbox 116 2708 897 2808; baseline 0.003 -46"><span class='ocrx_word' id='word_1_770' title='bbox 116 2710 217 2808; x_wconf 64' lang='lat' dir='ltr'>prpprii</span> <span class='ocrx_word' id='word_1_771' title='bbox 243 2712 368 2766; x_wconf 89' lang='lat' dir='ltr'>auctoris.</span> <span class='ocrx_word' id='word_1_772' title='bbox 391 2730 400 2762; x_wconf 83' lang='grc' dir='ltr'>ι</span> <span class='ocrx_word' id='word_1_773' title='bbox 422 2709 484 2764; x_wconf 77' lang='lat' dir='ltr'>llaec</span> <span class='ocrx_word' id='word_1_774' title='bbox 497 2711 562 2765; x_wconf 91' lang='lat' dir='ltr'>satis</span> <span class='ocrx_word' id='word_1_775' title='bbox 584 2708 612 2763; x_wconf 89' lang='lat' dir='ltr'>iu</span> <span class='ocrx_word' id='word_1_776' title='bbox 632 2710 768 2779; x_wconf 89' lang='lat' dir='ltr'>specimen</span> <span class='ocrx_word' id='word_1_777' title='bbox 782 2708 897 2764; x_wconf 88' lang='lat' dir='ltr'>aliarum</span> 
     </span>
     <span class='ocr_line' id='line_1_90' title="bbox 114 2788 603 2906; baseline 0.006 -75"><span class='ocrx_word' id='word_1_778' title='bbox 114 2788 254 2834; x_wconf 82' lang='lat' dir='ltr'>virtutum.</span> <span class='ocrx_word' id='word_1_779' title='bbox 402 2848 514 2906; x_wconf 53' lang='lat' dir='ltr'><strong>CAPUT</strong></span> <span class='ocrx_word' id='word_1_780' title='bbox 536 2848 603 2903; x_wconf 40' lang='lat' dir='ltr'>xm.</span> 
     </span>
    </p>
   </div>
   <div class='ocr_carea' id='block_1_15' title="bbox 151 2938 862 3010">
    <p class='ocr_par' dir='ltr' id='par_1_18' title="bbox 151 2938 862 3010">
     <span class='ocr_line' id='line_1_91' title="bbox 151 2938 862 3010; baseline 0 -18"><span class='ocrx_word' id='word_1_781' title='bbox 151 2939 238 3005; x_wconf 71' lang='lat' dir='ltr'>bots,</span> <span class='ocrx_word' id='word_1_782' title='bbox 253 2939 383 3005; x_wconf 82' lang='lat' dir='ltr'>ttrrrtalas,</span> <span class='ocrx_word' id='word_1_783' title='bbox 396 2939 566 3010; x_wconf 82' lang='lat' dir='ltr'>epitaphium,</span> <span class='ocrx_word' id='word_1_784' title='bbox 581 2939 723 3005; x_wconf 87' lang='lat' dir='ltr'>meatort&#39;o,</span> <span class='ocrx_word' id='word_1_785' title='bbox 734 2947 758 2993; x_wconf 91' lang='lat' dir='ltr'>ct</span> <span class='ocrx_word' id='word_1_786' title='bbox 768 2938 862 3010; x_wconf 79' lang='lat' dir='ltr'>elogia.</span> 
     </span>
    </p>
   </div>
   <div class='ocr_carea' id='block_1_16' title="bbox 110 4237 1733 4364">
    <p class='ocr_par' dir='ltr' id='par_1_19' title="bbox 110 4237 1733 4364">
     <span class='ocr_line' id='line_1_92' title="bbox 110 4237 1733 4364; baseline 0.005 -72"><span class='ocrx_word' id='word_1_787' title='bbox 110 4238 259 4294; x_wconf 87' lang='lat' dir='ltr'>elevatione</span> <span class='ocrx_word' id='word_1_788' title='bbox 272 4246 361 4293; x_wconf 88' lang='lat' dir='ltr'>actum</span> <span class='ocrx_word' id='word_1_789' title='bbox 381 4246 446 4292; x_wconf 90' lang='lat' dir='ltr'>est:</span> <span class='ocrx_word' id='word_1_790' title='bbox 467 4252 546 4307; x_wconf 92' lang='lat' dir='ltr'>qncm</span> <span class='ocrx_word' id='word_1_791' title='bbox 573 4245 645 4293; x_wconf 89' lang='lat' dir='ltr'>certe</span> <span class='ocrx_word' id='word_1_792' title='bbox 658 4254 757 4292; x_wconf 89' lang='lat' dir='ltr'>annum</span> <span class='ocrx_word' id='word_1_793' title='bbox 781 4237 843 4292; x_wconf 84' lang='lat' dir='ltr'>ldilo</span> <span class='ocrx_word' id='word_1_794' title='bbox 860 4252 893 4292; x_wconf 83' lang='lat' dir='ltr'>cx</span> <span class='ocrx_word' id='word_1_795' title='bbox 943 4238 1118 4294; x_wconf 81' lang='lat' dir='ltr'>truileCaroli</span> <span class='ocrx_word' id='word_1_796' title='bbox 1134 4238 1239 4292; x_wconf 89' lang='lat' dir='ltr'>liliabns</span> <span class='ocrx_word' id='word_1_797' title='bbox 1250 4239 1606 4364; x_wconf 78' lang='lat' dir='ltr'>religiosisaggressuserat,</span> <span class='ocrx_word' id='word_1_798' title='bbox 1625 4244 1733 4312; x_wconf 68' lang='lat' dir='ltr'>priores,</span> 
     </span>
    </p>
   </div>
   <div class='ocr_carea' id='block_1_17' title="bbox 109 4308 1735 4534">
    <p class='ocr_par' dir='ltr' id='par_1_20' title="bbox 109 4308 1735 4534">
     <span class='ocr_line' id='line_1_93' title="bbox 111 4308 1731 4431; baseline 0.006 -71"><span class='ocrx_word' id='word_1_799' title='bbox 111 4309 224 4362; x_wconf 89' lang='lat' dir='ltr'>testibus</span> <span class='ocrx_word' id='word_1_800' title='bbox 236 4308 348 4363; x_wconf 85' lang='lat' dir='ltr'>oculatis</span> <span class='ocrx_word' id='word_1_801' title='bbox 371 4309 483 4389; x_wconf 80' lang='lat' dir='ltr'>accepit.</span> <span class='ocrx_word' id='word_1_802' title='bbox 500 4308 532 4362; x_wconf 83' lang='lat' dir='ltr'>Et</span> <span class='ocrx_word' id='word_1_803' title='bbox 557 4322 637 4377; x_wconf 91' lang='lat' dir='ltr'>porro</span> <span class='ocrx_word' id='word_1_804' title='bbox 662 4308 790 4363; x_wconf 84' lang='lat' dir='ltr'>Atcuiaus</span> <span class='ocrx_word' id='word_1_805' title='bbox 805 4308 891 4362; x_wconf 90' lang='lat' dir='ltr'>sancti</span> <span class='ocrx_word' id='word_1_806' title='bbox 941 4309 1060 4431; x_wconf 56' lang='lat' dir='ltr'>:latioque</span> <span class='ocrx_word' id='word_1_807' title='bbox 1075 4308 1159 4390; x_wconf 68' lang='lat' dir='ltr'>lituras</span> <span class='ocrx_word' id='word_1_808' title='bbox 1173 4309 1237 4378; x_wconf 89' lang='lat' dir='ltr'>ipsis</span> <span class='ocrx_word' id='word_1_809' title='bbox 1251 4309 1298 4364; x_wconf 88' lang='lat' dir='ltr'>Gis</span> <span class='ocrx_word' id='word_1_810' title='bbox 1309 4326 1331 4364; x_wconf 81' lang='lat' dir='ltr'>e</span> <span class='ocrx_word' id='word_1_811' title='bbox 1344 4319 1372 4364; x_wconf 85' lang='lat' dir='ltr'>et</span> <span class='ocrx_word' id='word_1_812' title='bbox 1392 4311 1527 4392; x_wconf 78' lang='lat' dir='ltr'>hictrrnlee</span> <span class='ocrx_word' id='word_1_813' title='bbox 1547 4312 1670 4367; x_wconf 90' lang='lat' dir='ltr'>inscribit</span> <span class='ocrx_word' id='word_1_814' title='bbox 1697 4329 1731 4369; x_wconf 89' lang='lat' dir='ltr'>ae</span> 
     </span>
     <span class='ocr_line' id='line_1_94' title="bbox 109 4377 1730 4448; baseline 0.003 -17"><span class='ocrx_word' id='word_1_815' title='bbox 109 4377 221 4432; x_wconf 79' lang='lat' dir='ltr'>Amandi</span> <span class='ocrx_word' id='word_1_816' title='bbox 235 4388 426 4433; x_wconf 82' lang='lat' dir='ltr'>monasterium</span> <span class='ocrx_word' id='word_1_817' title='bbox 442 4393 632 4448; x_wconf 89' lang='lat' dir='ltr'>nonnunquam</span> <span class='ocrx_word' id='word_1_818' title='bbox 646 4378 843 4448; x_wconf 79' lang='lat' dir='ltr'>frequentabat,</span> <span class='ocrx_word' id='word_1_819' title='bbox 856 4394 889 4433; x_wconf 83' lang='lat' dir='ltr'>cx</span> <span class='ocrx_word' id='word_1_820' title='bbox 960 4379 1059 4433; x_wconf 82' lang='lat' dir='ltr'>edicat:</span> <span class='ocrx_word' id='word_1_821' title='bbox 1088 4379 1155 4433; x_wconf 90' lang='lat' dir='ltr'>ahos</span> <span class='ocrx_word' id='word_1_822' title='bbox 1183 4395 1246 4434; x_wconf 88' lang='lat' dir='ltr'>rcro</span> <span class='ocrx_word' id='word_1_823' title='bbox 1260 4381 1327 4435; x_wconf 83' lang='lat' dir='ltr'>diros</span> <span class='ocrx_word' id='word_1_824' title='bbox 1349 4397 1433 4434; x_wconf 79' lang='lat' dir='ltr'>sorori</span> <span class='ocrx_word' id='word_1_825' title='bbox 1449 4379 1537 4444; x_wconf 77' lang='lat' dir='ltr'>disice,</span> <span class='ocrx_word' id='word_1_826' title='bbox 1562 4392 1586 4435; x_wconf 90' lang='lat' dir='ltr'>et</span> <span class='ocrx_word' id='word_1_827' title='bbox 1597 4381 1650 4435; x_wconf 80' lang='lat' dir='ltr'>[leo</span> <span class='ocrx_word' id='word_1_828' title='bbox 1664 4392 1730 4438; x_wconf 83' lang='lat' dir='ltr'>eotoe</span> 
     </span>
     <span class='ocr_line' id='line_1_95' title="bbox 109 4448 1735 4534; baseline 0.004 -34"><span class='ocrx_word' id='word_1_829' title='bbox 109 4449 221 4518; x_wconf 87' lang='lat' dir='ltr'>epistola</span> <span class='ocrx_word' id='word_1_830' title='bbox 239 4449 273 4502; x_wconf 84' lang='grc'>06</span> <span class='ocrx_word' id='word_1_831' title='bbox 288 4450 369 4521; x_wconf 88' lang='lat' dir='ltr'>(nune</span> <span class='ocrx_word' id='word_1_832' title='bbox 387 4448 455 4520; x_wconf 76' lang='lat' dir='ltr'>tot).</span> <span class='ocrx_word' id='word_1_833' title='bbox 906 4448 1085 4534; x_wconf 64' lang='lat' dir='ltr'>odalscalc,</span> <span class='ocrx_word' id='word_1_834' title='bbox 1102 4450 1229 4505; x_wconf 81' lang='lat' dir='ltr'>Rictruda</span> <span class='ocrx_word' id='word_1_835' title='bbox 1243 4452 1450 4520; x_wconf 75' lang='lat' dir='ltr'>tpnetermissa;</span> <span class='ocrx_word' id='word_1_836' title='bbox 1476 4452 1547 4520; x_wconf 91' lang='lat' dir='ltr'>quod</span> <span class='ocrx_word' id='word_1_837' title='bbox 1569 4461 1735 4522; x_wconf 61' lang='lat' dir='ltr'>argumento„</span> 
     </span>
    </p>
   </div>
   <div class='ocr_carea' id='block_1_18' title="bbox 106 4516 891 5079">
    <p class='ocr_par' dir='ltr' id='par_1_21' title="bbox 106 4516 891 5079">
     <span class='ocr_line' id='line_1_96' title="bbox 145 4516 891 4588; baseline 0.003 -17"><span class='ocrx_word' id='word_1_838' title='bbox 145 4518 187 4571; x_wconf 81' lang='lat'>75.</span> <span class='ocrx_word' id='word_1_839' title='bbox 206 4518 327 4573; x_wconf 78' lang='lat' dir='ltr'>Alterum</span> <span class='ocrx_word' id='word_1_840' title='bbox 340 4528 502 4573; x_wconf 91' lang='lat' dir='ltr'>momentum</span> <span class='ocrx_word' id='word_1_841' title='bbox 525 4527 576 4583; x_wconf 91' lang='lat' dir='ltr'>est,</span> <span class='ocrx_word' id='word_1_842' title='bbox 592 4519 663 4588; x_wconf 91' lang='lat' dir='ltr'>quod</span> <span class='ocrx_word' id='word_1_843' title='bbox 687 4516 816 4573; x_wconf 86' lang='lat' dir='ltr'>hicuinus</span> <span class='ocrx_word' id='word_1_844' title='bbox 830 4535 891 4574; x_wconf 92' lang='lat' dir='ltr'>eum</span> 
     </span>
     <span class='ocr_line' id='line_1_97' title="bbox 107 4587 890 4659; baseline -0.001 -15"><span class='ocrx_word' id='word_1_845' title='bbox 107 4587 203 4644; x_wconf 84' lang='lat' dir='ltr'>Carolu</span> <span class='ocrx_word' id='word_1_846' title='bbox 216 4589 310 4659; x_wconf 83' lang='lat' dir='ltr'>llagno</span> <span class='ocrx_word' id='word_1_847' title='bbox 323 4589 482 4658; x_wconf 84' lang='lat' dir='ltr'>hquisgrani</span> <span class='ocrx_word' id='word_1_848' title='bbox 497 4597 551 4642; x_wconf 93' lang='lat' dir='ltr'>tum</span> <span class='ocrx_word' id='word_1_849' title='bbox 561 4591 696 4644; x_wconf 77' lang='lat' dir='ltr'>exstitisse</span> <span class='ocrx_word' id='word_1_850' title='bbox 715 4598 890 4657; x_wconf 89' lang='lat' dir='ltr'>memoratur,</span> 
     </span>
     <span class='ocr_line' id='line_1_98' title="bbox 108 4659 890 4729; baseline 0.001 -16"><span class='ocrx_word' id='word_1_851' title='bbox 108 4674 168 4713; x_wconf 90' lang='lat' dir='ltr'>cum</span> <span class='ocrx_word' id='word_1_852' title='bbox 181 4665 290 4713; x_wconf 88' lang='lat' dir='ltr'>sauctus</span> <span class='ocrx_word' id='word_1_853' title='bbox 316 4659 463 4729; x_wconf 87' lang='lat' dir='ltr'>Lindgerus</span> <span class='ocrx_word' id='word_1_854' title='bbox 475 4659 508 4712; x_wconf 90' lang='lat' dir='ltr'>ad</span> <span class='ocrx_word' id='word_1_855' title='bbox 535 4674 646 4729; x_wconf 88' lang='lat' dir='ltr'>superos</span> <span class='ocrx_word' id='word_1_856' title='bbox 660 4659 793 4726; x_wconf 83' lang='lat' dir='ltr'>migravit,</span> <span class='ocrx_word' id='word_1_857' title='bbox 808 4659 890 4714; x_wconf 88' lang='lat' dir='ltr'>idest</span> 
     </span>
     <span class='ocr_line' id='line_1_99' title="bbox 109 4728 889 4799; baseline 0 -18"><span class='ocrx_word' id='word_1_858' title='bbox 109 4729 165 4797; x_wconf 88' lang='lat' dir='ltr'>ipso</span> <span class='ocrx_word' id='word_1_859' title='bbox 179 4743 249 4782; x_wconf 88' lang='lat' dir='ltr'>anuo</span> <span class='ocrx_word' id='word_1_860' title='bbox 263 4728 324 4792; x_wconf 78' lang='grc'>809,</span> <span class='ocrx_word' id='word_1_861' title='bbox 337 4744 391 4799; x_wconf 91' lang='lat' dir='ltr'>quo</span> <span class='ocrx_word' id='word_1_862' title='bbox 405 4728 565 4798; x_wconf 86' lang='lat' dir='ltr'>Liudgerum</span> <span class='ocrx_word' id='word_1_863' title='bbox 579 4730 679 4783; x_wconf 87' lang='lat' dir='ltr'>obiisse</span> <span class='ocrx_word' id='word_1_864' title='bbox 690 4736 765 4783; x_wconf 81' lang='lat' dir='ltr'>extra</span> <span class='ocrx_word' id='word_1_865' title='bbox 781 4739 889 4783; x_wconf 90' lang='lat' dir='ltr'>contro-</span> 
     </span>
     <span class='ocr_line' id='line_1_100' title="bbox 106 4797 889 4868; baseline 0.001 -16"><span class='ocrx_word' id='word_1_866' title='bbox 106 4799 222 4854; x_wconf 89' lang='lat' dir='ltr'>versiam</span> <span class='ocrx_word' id='word_1_867' title='bbox 235 4807 286 4854; x_wconf 86' lang='lat' dir='ltr'>est.</span> <span class='ocrx_word' id='word_1_868' title='bbox 303 4798 364 4853; x_wconf 88' lang='lat' dir='ltr'>Scio</span> <span class='ocrx_word' id='word_1_869' title='bbox 376 4797 520 4852; x_wconf 81' lang='lat' dir='ltr'>hltlridum</span> <span class='ocrx_word' id='word_1_870' title='bbox 543 4800 698 4868; x_wconf 88' lang='lat' dir='ltr'>episcopum</span> <span class='ocrx_word' id='word_1_871' title='bbox 712 4799 738 4851; x_wconf 94' lang='lat' dir='ltr'>in</span> <span class='ocrx_word' id='word_1_872' title='bbox 754 4799 814 4853; x_wconf 82' lang='lat' dir='ltr'>Vita</span> <span class='ocrx_word' id='word_1_873' title='bbox 827 4815 889 4853; x_wconf 91' lang='lat' dir='ltr'>san-</span> 
     </span>
     <span class='ocr_line' id='line_1_101' title="bbox 107 4867 886 4938; baseline 0.001 -16"><span class='ocrx_word' id='word_1_874' title='bbox 107 4870 144 4923; x_wconf 89' lang='lat' dir='ltr'>cti</span> <span class='ocrx_word' id='word_1_875' title='bbox 167 4867 291 4938; x_wconf 79' lang='lat' dir='ltr'>Liudgeri</span> <span class='ocrx_word' id='word_1_876' title='bbox 312 4869 339 4924; x_wconf 92' lang='lat' dir='ltr'>id</span> <span class='ocrx_word' id='word_1_877' title='bbox 353 4869 512 4933; x_wconf 89' lang='lat' dir='ltr'>reticuisse,</span> <span class='ocrx_word' id='word_1_878' title='bbox 537 4870 640 4925; x_wconf 89' lang='lat' dir='ltr'>scilieet</span> <span class='ocrx_word' id='word_1_879' title='bbox 661 4869 803 4924; x_wconf 80' lang='lat' dir='ltr'>himinum</span> <span class='ocrx_word' id='word_1_880' title='bbox 827 4884 886 4923; x_wconf 90' lang='lat' dir='ltr'>mo·</span> 
     </span>
     <span class='ocr_line' id='line_1_102' title="bbox 106 4938 887 5011; baseline 0.003 -19"><span class='ocrx_word' id='word_1_881' title='bbox 106 4940 194 4993; x_wconf 88' lang='lat' dir='ltr'>rientc</span> <span class='ocrx_word' id='word_1_882' title='bbox 207 4939 406 5011; x_wconf 88' lang='lat' dir='ltr'>Liudgerocum</span> <span class='ocrx_word' id='word_1_883' title='bbox 419 4938 514 4993; x_wconf 73' lang='lat' dir='ltr'>carolo</span> <span class='ocrx_word' id='word_1_884' title='bbox 526 4950 598 4993; x_wconf 87' lang='lat' dir='ltr'>astra</span> <span class='ocrx_word' id='word_1_885' title='bbox 610 4939 791 5011; x_wconf 88' lang='lat' dir='ltr'>speculantem</span> <span class='ocrx_word' id='word_1_886' title='bbox 805 4938 887 4994; x_wconf 83' lang='lat' dir='ltr'>biud-</span> 
     </span>
     <span class='ocr_line' id='line_1_103' title="bbox 106 5009 886 5079; baseline -0.004 -14"><span class='ocrx_word' id='word_1_887' title='bbox 106 5011 163 5079; x_wconf 83' lang='lat' dir='ltr'>geri</span> <span class='ocrx_word' id='word_1_888' title='bbox 179 5009 279 5064; x_wconf 92' lang='lat' dir='ltr'>obitum</span> <span class='ocrx_word' id='word_1_889' title='bbox 293 5009 436 5063; x_wconf 85' lang='lat' dir='ltr'>divinasse.</span> <span class='ocrx_word' id='word_1_890' title='bbox 457 5009 492 5062; x_wconf 82' lang='lat' dir='ltr'>ht</span> <span class='ocrx_word' id='word_1_891' title='bbox 508 5019 581 5063; x_wconf 86' lang='lat' dir='ltr'>certe</span> <span class='ocrx_word' id='word_1_892' title='bbox 604 5012 631 5066; x_wconf 88' lang='lat' dir='ltr'>id</span> <span class='ocrx_word' id='word_1_893' title='bbox 646 5009 760 5078; x_wconf 87' lang='lat' dir='ltr'>posteris</span> <span class='ocrx_word' id='word_1_894' title='bbox 773 5010 886 5062; x_wconf 87' lang='lat' dir='ltr'>manda·-</span> 
     </span>
    </p>
   </div>
   <div class='ocr_carea' id='block_1_19' title="bbox 938 4519 1735 5081">
    <p class='ocr_par' dir='ltr' id='par_1_22' title="bbox 938 4519 1735 5081">
     <span class='ocr_line' id='line_1_104' title="bbox 942 4519 1735 4590; baseline 0.006 -18"><span class='ocrx_word' id='word_1_895' title='bbox 942 4527 983 4572; x_wconf 82' lang='lat' dir='ltr'>cst</span> <span class='ocrx_word' id='word_1_896' title='bbox 996 4519 1052 4590; x_wconf 79' lang='lat' dir='ltr'>jam</span> <span class='ocrx_word' id='word_1_897' title='bbox 1064 4530 1119 4576; x_wconf 89' lang='lat' dir='ltr'>tum</span> <span class='ocrx_word' id='word_1_898' title='bbox 1131 4520 1276 4575; x_wconf 87' lang='lat' dir='ltr'>decessisse</span> <span class='ocrx_word' id='word_1_899' title='bbox 1290 4519 1456 4588; x_wconf 79' lang='lat' dir='ltr'>bietrurlam,</span> <span class='ocrx_word' id='word_1_900' title='bbox 1467 4521 1643 4590; x_wconf 82' lang='lat' dir='ltr'>cujnsabitus</span> <span class='ocrx_word' id='word_1_901' title='bbox 1657 4537 1735 4587; x_wconf 36' lang='lat' dir='ltr'>anno,</span> 
     </span>
     <span class='ocr_line' id='line_1_105' title="bbox 941 4589 1728 4659; baseline 0.008 -17"><span class='ocrx_word' id='word_1_902' title='bbox 941 4589 993 4642; x_wconf 88' lang='grc'>810</span> <span class='ocrx_word' id='word_1_903' title='bbox 1007 4591 1176 4659; x_wconf 85' lang='lat' dir='ltr'>contigitvm</span> <span class='ocrx_word' id='word_1_904' title='bbox 1192 4590 1252 4647; x_wconf 90' lang='lat' dir='ltr'>ldus</span> <span class='ocrx_word' id='word_1_905' title='bbox 1267 4589 1349 4657; x_wconf 84' lang='lat' dir='ltr'>lunii,</span> <span class='ocrx_word' id='word_1_906' title='bbox 1367 4600 1396 4644; x_wconf 93' lang='lat' dir='ltr'>ut</span> <span class='ocrx_word' id='word_1_907' title='bbox 1406 4606 1438 4645; x_wconf 87' lang='lat' dir='ltr'>ex</span> <span class='ocrx_word' id='word_1_908' title='bbox 1461 4589 1627 4646; x_wconf 78' lang='lat' dir='ltr'>Francorum</span> <span class='ocrx_word' id='word_1_909' title='bbox 1641 4608 1728 4648; x_wconf 87' lang='lat' dir='ltr'>anna-</span> 
     </span>
     <span class='ocr_line' id='line_1_106' title="bbox 941 4659 1727 4729; baseline 0.006 -18"><span class='ocrx_word' id='word_1_910' title='bbox 941 4659 1010 4715; x_wconf 90' lang='lat' dir='ltr'>libus</span> <span class='ocrx_word' id='word_1_911' title='bbox 1024 4666 1138 4714; x_wconf 89' lang='lat' dir='ltr'>eonstat.</span> <span class='ocrx_word' id='word_1_912' title='bbox 1161 4659 1254 4729; x_wconf 68' lang='lat' dir='ltr'>licque</span> <span class='ocrx_word' id='word_1_913' title='bbox 1277 4660 1349 4718; x_wconf 90' lang='lat' dir='ltr'>enim</span> <span class='ocrx_word' id='word_1_914' title='bbox 1360 4660 1505 4716; x_wconf 89' lang='lat' dir='ltr'>verisimile</span> <span class='ocrx_word' id='word_1_915' title='bbox 1516 4670 1558 4716; x_wconf 90' lang='lat' dir='ltr'>cst</span> <span class='ocrx_word' id='word_1_916' title='bbox 1585 4662 1727 4723; x_wconf 83' lang='lat' dir='ltr'>hlcuinum</span> 
     </span>
     <span class='ocr_line' id='line_1_107' title="bbox 940 4730 1733 4793; baseline 0.01 -12"><span class='ocrx_word' id='word_1_917' title='bbox 940 4731 1008 4784; x_wconf 79' lang='lat' dir='ltr'>ciniis</span> <span class='ocrx_word' id='word_1_918' title='bbox 1052 4730 1198 4784; x_wconf 88' lang='lat' dir='ltr'>osteriores</span> <span class='ocrx_word' id='word_1_919' title='bbox 1223 4730 1306 4793; x_wconf 82' lang='lat' dir='ltr'>libros</span> <span class='ocrx_word' id='word_1_920' title='bbox 1333 4730 1517 4785; x_wconf 88' lang='lat' dir='ltr'>dedicaturum</span> <span class='ocrx_word' id='word_1_921' title='bbox 1536 4731 1619 4787; x_wconf 83' lang='lat' dir='ltr'>inisse</span> <span class='ocrx_word' id='word_1_922' title='bbox 1647 4730 1733 4789; x_wconf 80' lang='lat' dir='ltr'>alteri</span> 
     </span>
     <span class='ocr_line' id='line_1_108' title="bbox 939 4745 1726 4871; baseline 0.006 -19"><span class='ocrx_word' id='word_1_923' title='bbox 939 4815 1018 4868; x_wconf 90' lang='lat' dir='ltr'>quam</span> <span class='ocrx_word' id='word_1_924' title='bbox 1034 4745 1185 4863; x_wconf 67' lang='lat' dir='ltr'>literram,</span> <span class='ocrx_word' id='word_1_925' title='bbox 1209 4800 1340 4855; x_wconf 91' lang='lat' dir='ltr'>condendi</span> <span class='ocrx_word' id='word_1_926' title='bbox 1351 4801 1442 4871; x_wconf 88' lang='lat' dir='ltr'>operis</span> <span class='ocrx_word' id='word_1_927' title='bbox 1459 4801 1610 4863; x_wconf 87' lang='lat' dir='ltr'>hortatrici,</span> <span class='ocrx_word' id='word_1_928' title='bbox 1629 4802 1652 4856; x_wconf 91' lang='lat' dir='ltr'>si</span> <span class='ocrx_word' id='word_1_929' title='bbox 1667 4803 1726 4871; x_wconf 89' lang='lat' dir='ltr'>ipsa</span> 
     </span>
     <span class='ocr_line' id='line_1_109' title="bbox 939 4870 1725 4942; baseline 0.004 -19"><span class='ocrx_word' id='word_1_930' title='bbox 939 4878 995 4923; x_wconf 92' lang='lat' dir='ltr'>tum</span> <span class='ocrx_word' id='word_1_931' title='bbox 1012 4871 1038 4923; x_wconf 94' lang='lat' dir='ltr'>in</span> <span class='ocrx_word' id='word_1_932' title='bbox 1050 4870 1265 4938; x_wconf 84' lang='lat' dir='ltr'>vivissuperstcs</span> <span class='ocrx_word' id='word_1_933' title='bbox 1276 4870 1378 4928; x_wconf 83' lang='lat' dir='ltr'>luisset.</span> <span class='ocrx_word' id='word_1_934' title='bbox 1404 4871 1494 4925; x_wconf 78' lang='lat' dir='ltr'>lertio</span> <span class='ocrx_word' id='word_1_935' title='bbox 1512 4873 1725 4942; x_wconf 79' lang='lat' dir='ltr'>coirjecturaest,</span> 
     </span>
     <span class='ocr_line' id='line_1_110' title="bbox 938 4939 1728 5009; baseline 0.013 -19"><span class='ocrx_word' id='word_1_936' title='bbox 938 4941 1009 5009; x_wconf 91' lang='lat' dir='ltr'>qnod</span> <span class='ocrx_word' id='word_1_937' title='bbox 1027 4939 1156 4994; x_wconf 77' lang='lat' dir='ltr'>dicuinus</span> <span class='ocrx_word' id='word_1_938' title='bbox 1168 4940 1251 4995; x_wconf 88' lang='lat' dir='ltr'>libros</span> <span class='ocrx_word' id='word_1_939' title='bbox 1271 4948 1326 4994; x_wconf 91' lang='lat' dir='ltr'>tres</span> <span class='ocrx_word' id='word_1_940' title='bbox 1346 4939 1568 4996; x_wconf 70' lang='lat' dir='ltr'>derideamus</span> <span class='ocrx_word' id='word_1_941' title='bbox 1585 4942 1728 5001; x_wconf 82' lang='lat' dir='ltr'>Trinitatis</span> 
     </span>
     <span class='ocr_line' id='line_1_111' title="bbox 938 5008 1725 5081; baseline 0.003 -19"><span class='ocrx_word' id='word_1_942' title='bbox 938 5008 1034 5063; x_wconf 81' lang='lat' dir='ltr'>Carula</span> <span class='ocrx_word' id='word_1_943' title='bbox 1048 5011 1202 5080; x_wconf 89' lang='lat' dir='ltr'>imperatori</span> <span class='ocrx_word' id='word_1_944' title='bbox 1225 5010 1375 5065; x_wconf 85' lang='lat' dir='ltr'>transmisit</span> <span class='ocrx_word' id='word_1_945' title='bbox 1393 5029 1402 5060; x_wconf 89' lang='grc' dir='ltr'>ι</span> <span class='ocrx_word' id='word_1_946' title='bbox 1422 5018 1542 5081; x_wconf 87' lang='lat' dir='ltr'>tempore</span> <span class='ocrx_word' id='word_1_947' title='bbox 1554 5012 1725 5074; x_wconf 84' lang='lat' dir='ltr'>celeberrimi</span> 
     </span>
    </p>
   </div>
   <div class='ocr_carea' id='block_1_20' title="bbox 108 5079 887 5151">
    <p class='ocr_par' dir='ltr' id='par_1_23' title="bbox 108 5079 887 5151">
     <span class='ocr_line' id='line_1_112' title="bbox 108 5079 887 5151; baseline -0.001 -18"><span class='ocrx_word' id='word_1_948' title='bbox 108 5082 148 5134; x_wconf 93' lang='lat' dir='ltr'>vit</span> <span class='ocrx_word' id='word_1_949' title='bbox 162 5079 232 5135; x_wconf 87' lang='lat' dir='ltr'>alius</span> <span class='ocrx_word' id='word_1_950' title='bbox 245 5079 363 5147; x_wconf 85' lang='lat' dir='ltr'>ejusdem</span> <span class='ocrx_word' id='word_1_951' title='bbox 379 5079 446 5133; x_wconf 79' lang='lat' dir='ltr'>l&#39;itae</span> <span class='ocrx_word' id='word_1_952' title='bbox 462 5079 578 5148; x_wconf 87' lang='lat' dir='ltr'>scriptor</span> <span class='ocrx_word' id='word_1_953' title='bbox 592 5094 750 5151; x_wconf 77' lang='lat' dir='ltr'>anonymus,</span> <span class='ocrx_word' id='word_1_954' title='bbox 767 5079 812 5148; x_wconf 92' lang='lat' dir='ltr'>qui</span> <span class='ocrx_word' id='word_1_955' title='bbox 826 5088 887 5148; x_wconf 82' lang='lat' dir='ltr'>post</span> 
     </span>
    </p>
   </div>
   <div class='ocr_carea' id='block_1_21' title="bbox 106 5080 1725 5220">
    <p class='ocr_par' dir='ltr' id='par_1_24' title="bbox 106 5080 1725 5220">
     <span class='ocr_line' id='line_1_113' title="bbox 938 5080 1725 5150; baseline 0.009 -17"><span class='ocrx_word' id='word_1_956' title='bbox 938 5087 1097 5144; x_wconf 78' lang='lat' dir='ltr'>castremus,</span> <span class='ocrx_word' id='word_1_957' title='bbox 1110 5095 1163 5150; x_wconf 91' lang='lat' dir='ltr'>qua</span> <span class='ocrx_word' id='word_1_958' title='bbox 1175 5082 1329 5137; x_wconf 88' lang='lat' dir='ltr'>sacerdotes</span> <span class='ocrx_word' id='word_1_959' title='bbox 1342 5080 1424 5137; x_wconf 85' lang='lat' dir='ltr'>beiet</span> <span class='ocrx_word' id='word_1_960' title='bbox 1438 5081 1725 5150; x_wconf 84' lang='lat' dir='ltr'>poptdipraedicatores</span> 
     </span>
     <span class='ocr_line' id='line_1_114' title="bbox 106 5148 1100 5220; baseline 0 -16"><span class='ocrx_word' id='word_1_961' title='bbox 106 5165 191 5205; x_wconf 86' lang='lat' dir='ltr'>sonos</span> <span class='ocrx_word' id='word_1_962' title='bbox 202 5148 258 5203; x_wconf 83' lang='lat' dir='ltr'>lere</span> <span class='ocrx_word' id='word_1_963' title='bbox 274 5149 475 5220; x_wconf 89' lang='lat' dir='ltr'>quinquaginta,</span> <span class='ocrx_word' id='word_1_964' title='bbox 493 5165 573 5219; x_wconf 74' lang='lat' dir='ltr'>equam</span> <span class='ocrx_word' id='word_1_965' title='bbox 600 5151 657 5204; x_wconf 73' lang='lat' dir='ltr'>haec</span> <span class='ocrx_word' id='word_1_966' title='bbox 677 5149 840 5213; x_wconf 86' lang='lat' dir='ltr'>acciderant,</span> <span class='ocrx_word' id='word_1_967' title='bbox 860 5149 886 5204; x_wconf 95' lang='lat' dir='ltr'>id</span> <span class='ocrx_word' id='word_1_968' title='bbox 1075 5149 1100 5160; x_wconf 83' lang='grc'>“’</span> 
     </span>
    </p>
   </div>
   <div class='ocr_carea' id='block_1_22' title="bbox 105 5149 1727 5784">
    <p class='ocr_par' dir='ltr' id='par_1_25' title="bbox 105 5149 1723 5294">
     <span class='ocr_line' id='line_1_115' title="bbox 937 5149 1722 5222; baseline 0.003 -19"><span class='ocrx_word' id='word_1_969' title='bbox 937 5149 1081 5203; x_wconf 82' lang='lat' dir='ltr'>Christiani</span> <span class='ocrx_word' id='word_1_970' title='bbox 1094 5165 1120 5206; x_wconf 87' lang='lat' dir='ltr'>tn</span> <span class='ocrx_word' id='word_1_971' title='bbox 1131 5166 1213 5204; x_wconf 89' lang='lat' dir='ltr'>unum</span> <span class='ocrx_word' id='word_1_972' title='bbox 1222 5150 1352 5221; x_wconf 91' lang='lat' dir='ltr'>imperiali</span> <span class='ocrx_word' id='word_1_973' title='bbox 1366 5160 1722 5222; x_wconf 79' lang='lat' dir='ltr'>praeceptoconronerautts</span> 
     </span>
     <span class='ocr_line' id='line_1_116' title="bbox 105 5219 1723 5294; baseline 0.002 -19"><span class='ocrx_word' id='word_1_974' title='bbox 105 5221 217 5277; x_wconf 87' lang='lat' dir='ltr'>notarit.</span> <span class='ocrx_word' id='word_1_975' title='bbox 937 5219 1008 5287; x_wconf 89' lang='lat' dir='ltr'>quod</span> <span class='ocrx_word' id='word_1_976' title='bbox 1020 5219 1220 5288; x_wconf 84' lang='lat' dir='ltr'>intelligendum</span> <span class='ocrx_word' id='word_1_977' title='bbox 1232 5221 1336 5275; x_wconf 86' lang='lat' dir='ltr'>videtur</span> <span class='ocrx_word' id='word_1_978' title='bbox 1348 5219 1381 5274; x_wconf 89' lang='lat' dir='ltr'>de</span> <span class='ocrx_word' id='word_1_979' title='bbox 1392 5223 1512 5290; x_wconf 77' lang='lat' dir='ltr'>synodis,</span> <span class='ocrx_word' id='word_1_980' title='bbox 1526 5238 1593 5294; x_wconf 89' lang='lat' dir='ltr'>quas</span> <span class='ocrx_word' id='word_1_981' title='bbox 1609 5222 1723 5279; x_wconf 83' lang='lat' dir='ltr'>Carolus</span> 
     </span>
    </p>

    <p class='ocr_par' dir='ltr' id='par_1_26' title="bbox 105 5289 1727 5784">
     <span class='ocr_line' id='line_1_117' title="bbox 141 5289 1723 5361; baseline 0.003 -19"><span class='ocrx_word' id='word_1_982' title='bbox 141 5290 184 5344; x_wconf 82' lang='grc'>71.</span> <span class='ocrx_word' id='word_1_983' title='bbox 206 5289 324 5344; x_wconf 76' lang='lat' dir='ltr'>&#39;sertitem</span> <span class='ocrx_word' id='word_1_984' title='bbox 350 5296 535 5361; x_wconf 85' lang='lat' dir='ltr'>argumentum</span> <span class='ocrx_word' id='word_1_985' title='bbox 558 5289 639 5344; x_wconf 90' lang='lat' dir='ltr'>ctiam</span> <span class='ocrx_word' id='word_1_986' title='bbox 663 5297 761 5357; x_wconf 67' lang='lat' dir='ltr'>preater</span> <span class='ocrx_word' id='word_1_987' title='bbox 784 5304 884 5342; x_wconf 89' lang='lat' dir='ltr'>annum</span> <span class='ocrx_word' id='word_1_988' title='bbox 936 5289 963 5342; x_wconf 89' lang='lat' dir='ltr'>in</span> <span class='ocrx_word' id='word_1_989' title='bbox 979 5304 1060 5358; x_wconf 86' lang='lat' dir='ltr'>regno</span> <span class='ocrx_word' id='word_1_990' title='bbox 1072 5289 1320 5359; x_wconf 77' lang='lat' dir='ltr'>suocogiprccecpit</span> <span class='ocrx_word' id='word_1_991' title='bbox 1332 5293 1474 5346; x_wconf 71' lang='lat' dir='ltr'>annoillb.</span> <span class='ocrx_word' id='word_1_992' title='bbox 1490 5292 1649 5346; x_wconf 74' lang='lat' dir='ltr'>strateium</span> <span class='ocrx_word' id='word_1_993' title='bbox 1661 5307 1723 5360; x_wconf 87' lang='lat' dir='ltr'>pos·</span> 
     </span>
     <span class='ocr_line' id='line_1_118' title="bbox 105 5359 1711 5431; baseline 0 -17"><span class='ocrx_word' id='word_1_994' title='bbox 105 5359 157 5414; x_wconf 79' lang='grc'>800</span> <span class='ocrx_word' id='word_1_995' title='bbox 168 5359 271 5414; x_wconf 64' lang='lat' dir='ltr'>alcuini</span> <span class='ocrx_word' id='word_1_996' title='bbox 292 5359 375 5412; x_wconf 88' lang='lat' dir='ltr'>vitam</span> <span class='ocrx_word' id='word_1_997' title='bbox 394 5374 475 5428; x_wconf 90' lang='lat' dir='ltr'>proro</span> <span class='ocrx_word' id='word_1_998' title='bbox 494 5360 589 5412; x_wconf 91' lang='lat' dir='ltr'>audam</span> <span class='ocrx_word' id='word_1_999' title='bbox 611 5374 671 5413; x_wconf 83' lang='lat' dir='ltr'>csse</span> <span class='ocrx_word' id='word_1_1000' title='bbox 685 5359 793 5413; x_wconf 88' lang='lat' dir='ltr'>evincit.</span> <span class='ocrx_word' id='word_1_1001' title='bbox 815 5359 881 5413; x_wconf 84' lang='lat' dir='ltr'>ilinc</span> <span class='ocrx_word' id='word_1_1002' title='bbox 936 5369 977 5412; x_wconf 90' lang='lat' dir='ltr'>set</span> <span class='ocrx_word' id='word_1_1003' title='bbox 992 5359 1133 5413; x_wconf 87' lang='lat' dir='ltr'>hicuiuum</span> <span class='ocrx_word' id='word_1_1004' title='bbox 1147 5361 1287 5429; x_wconf 88' lang='lat' dir='ltr'>scripsisse</span> <span class='ocrx_word' id='word_1_1005' title='bbox 1300 5360 1398 5413; x_wconf 92' lang='lat' dir='ltr'>librum</span> <span class='ocrx_word' id='word_1_1006' title='bbox 1408 5362 1441 5415; x_wconf 88' lang='lat' dir='ltr'>de</span> <span class='ocrx_word' id='word_1_1007' title='bbox 1457 5362 1516 5415; x_wconf 79' lang='lat' dir='ltr'>Vita</span> <span class='ocrx_word' id='word_1_1008' title='bbox 1526 5363 1615 5416; x_wconf 89' lang='lat' dir='ltr'>Caroli</span> <span class='ocrx_word' id='word_1_1009' title='bbox 1623 5361 1711 5431; x_wconf 82' lang='lat' dir='ltr'>Magni</span> 
     </span>
     <span class='ocr_line' id='line_1_119' title="bbox 105 5427 1725 5498; baseline 0.003 -18"><span class='ocrx_word' id='word_1_1010' title='bbox 105 5444 171 5483; x_wconf 88' lang='lat' dir='ltr'>vero</span> <span class='ocrx_word' id='word_1_1011' title='bbox 187 5427 344 5492; x_wconf 89' lang='lat' dir='ltr'>desumitur,</span> <span class='ocrx_word' id='word_1_1012' title='bbox 368 5428 478 5497; x_wconf 82' lang='lat' dir='ltr'>quodh</span> <span class='ocrx_word' id='word_1_1013' title='bbox 507 5427 726 5482; x_wconf 67' lang='lat' dir='ltr'>rrivursllbabano</span> <span class='ocrx_word' id='word_1_1014' title='bbox 751 5429 882 5498; x_wconf 87' lang='lat' dir='ltr'>discipulo</span> <span class='ocrx_word' id='word_1_1015' title='bbox 933 5428 1210 5496; x_wconf 76' lang='lat' dir='ltr'>qniannoSllobiit.</span> <span class='ocrx_word' id='word_1_1016' title='bbox 1240 5430 1337 5483; x_wconf 76' lang='lat' dir='ltr'>Verum</span> <span class='ocrx_word' id='word_1_1017' title='bbox 1349 5445 1410 5484; x_wconf 91' lang='lat' dir='ltr'>curu</span> <span class='ocrx_word' id='word_1_1018' title='bbox 1421 5430 1553 5485; x_wconf 88' lang='lat' dir='ltr'>incertum</span> <span class='ocrx_word' id='word_1_1019' title='bbox 1566 5433 1601 5486; x_wconf 91' lang='lat' dir='ltr'>sit</span> <span class='ocrx_word' id='word_1_1020' title='bbox 1612 5446 1645 5484; x_wconf 92' lang='lat' dir='ltr'>au</span> <span class='ocrx_word' id='word_1_1021' title='bbox 1656 5431 1725 5486; x_wconf 87' lang='lat' dir='ltr'>liber</span> 
     </span>
     <span class='ocr_line' id='line_1_120' title="bbox 105 5497 1726 5568; baseline 0.004 -18"><span class='ocrx_word' id='word_1_1022' title='bbox 105 5513 155 5552; x_wconf 84' lang='lat' dir='ltr'>sno</span> <span class='ocrx_word' id='word_1_1023' title='bbox 168 5508 261 5552; x_wconf 91' lang='lat' dir='ltr'>auctor</span> <span class='ocrx_word' id='word_1_1024' title='bbox 272 5498 322 5552; x_wconf 87' lang='lat' dir='ltr'>iuit</span> <span class='ocrx_word' id='word_1_1025' title='bbox 335 5498 468 5552; x_wconf 88' lang='lat' dir='ltr'>scribendi</span> <span class='ocrx_word' id='word_1_1026' title='bbox 483 5498 566 5553; x_wconf 87' lang='lat' dir='ltr'>libros</span> <span class='ocrx_word' id='word_1_1027' title='bbox 579 5499 611 5552; x_wconf 88' lang='lat' dir='ltr'>de</span> <span class='ocrx_word' id='word_1_1028' title='bbox 622 5497 708 5552; x_wconf 89' lang='lat' dir='ltr'>Cruce</span> <span class='ocrx_word' id='word_1_1029' title='bbox 721 5499 800 5562; x_wconf 89' lang='lat' dir='ltr'>duos,</span> <span class='ocrx_word' id='word_1_1030' title='bbox 814 5514 881 5567; x_wconf 89' lang='lat' dir='ltr'>quos</span> <span class='ocrx_word' id='word_1_1031' title='bbox 933 5499 975 5552; x_wconf 88' lang='lat' dir='ltr'>itte</span> <span class='ocrx_word' id='word_1_1032' title='bbox 985 5508 1066 5551; x_wconf 82' lang='lat' dir='ltr'>totana</span> <span class='ocrx_word' id='word_1_1033' title='bbox 1080 5497 1168 5553; x_wconf 81' lang='lat' dir='ltr'>Caroli</span> <span class='ocrx_word' id='word_1_1034' title='bbox 1180 5499 1262 5552; x_wconf 81' lang='lat' dir='ltr'>sitam</span> <span class='ocrx_word' id='word_1_1035' title='bbox 1273 5499 1507 5568; x_wconf 83' lang='lat' dir='ltr'>complecteretur,</span> <span class='ocrx_word' id='word_1_1036' title='bbox 1520 5516 1569 5555; x_wconf 91' lang='lat' dir='ltr'>nec</span> <span class='ocrx_word' id='word_1_1037' title='bbox 1579 5501 1652 5556; x_wconf 92' lang='lat' dir='ltr'>aliud</span> <span class='ocrx_word' id='word_1_1038' title='bbox 1663 5517 1726 5557; x_wconf 87' lang='lat' dir='ltr'>essa</span> 
     </span>
     <span class='ocr_line' id='line_1_121' title="bbox 106 5556 1727 5641; baseline 0.002 -19"><span class='ocrx_word' id='word_1_1039' title='bbox 106 5568 233 5623; x_wconf 80' lang='lat' dir='ltr'>Rabanus</span> <span class='ocrx_word' id='word_1_1040' title='bbox 245 5569 270 5622; x_wconf 91' lang='lat' dir='ltr'>io</span> <span class='ocrx_word' id='word_1_1041' title='bbox 285 5583 400 5637; x_wconf 82' lang='lat' dir='ltr'>persona</span> <span class='ocrx_word' id='word_1_1042' title='bbox 414 5567 537 5631; x_wconf 72' lang='lat' dir='ltr'>Aletrini,</span> <span class='ocrx_word' id='word_1_1043' title='bbox 557 5569 639 5623; x_wconf 86' lang='lat' dir='ltr'>etiam</span> <span class='ocrx_word' id='word_1_1044' title='bbox 654 5575 710 5620; x_wconf 92' lang='lat' dir='ltr'>tum</span> <span class='ocrx_word' id='word_1_1045' title='bbox 731 5556 880 5623; x_wconf 84' lang='lat' dir='ltr'>sineduuib</span> <span class='ocrx_word' id='word_1_1046' title='bbox 932 5567 1066 5622; x_wconf 85' lang='lat' dir='ltr'>tronnuilis</span> <span class='ocrx_word' id='word_1_1047' title='bbox 1093 5568 1226 5632; x_wconf 87' lang='lat' dir='ltr'>videatur,</span> <span class='ocrx_word' id='word_1_1048' title='bbox 1249 5585 1329 5638; x_wconf 89' lang='lat' dir='ltr'>quam</span> <span class='ocrx_word' id='word_1_1049' title='bbox 1353 5571 1516 5640; x_wconf 87' lang='lat' dir='ltr'>poematium</span> <span class='ocrx_word' id='word_1_1050' title='bbox 1542 5571 1616 5636; x_wconf 87' lang='lat' dir='ltr'>illud,</span> <span class='ocrx_word' id='word_1_1051' title='bbox 1647 5572 1727 5641; x_wconf 69' lang='lat' dir='ltr'>cnjus</span> 
     </span>
     <span class='ocr_line' id='line_1_122' title="bbox 106 5637 1720 5710; baseline 0.002 -20"><span class='ocrx_word' id='word_1_1052' title='bbox 106 5639 230 5703; x_wconf 77' lang='lat' dir='ltr'>rivensis,</span> <span class='ocrx_word' id='word_1_1053' title='bbox 252 5647 345 5693; x_wconf 85' lang='lat' dir='ltr'>sarrcto</span> <span class='ocrx_word' id='word_1_1054' title='bbox 366 5637 479 5692; x_wconf 83' lang='lat' dir='ltr'>Martino</span> <span class='ocrx_word' id='word_1_1055' title='bbox 503 5637 643 5692; x_wconf 83' lang='lat' dir='ltr'>dedicarit.</span> <span class='ocrx_word' id='word_1_1056' title='bbox 660 5639 697 5692; x_wconf 81' lang='lat' dir='ltr'>lte</span> <span class='ocrx_word' id='word_1_1057' title='bbox 716 5638 880 5706; x_wconf 88' lang='lat' dir='ltr'>perlieieudo</span> <span class='ocrx_word' id='word_1_1058' title='bbox 932 5637 1110 5708; x_wconf 84' lang='lat' dir='ltr'>iragrrreutnm</span> <span class='ocrx_word' id='word_1_1059' title='bbox 1128 5638 1211 5692; x_wconf 82' lang='lat' dir='ltr'>edidit</span> <span class='ocrx_word' id='word_1_1060' title='bbox 1220 5638 1353 5704; x_wconf 78' lang='lat' dir='ltr'>Carisius,</span> <span class='ocrx_word' id='word_1_1061' title='bbox 1369 5647 1396 5694; x_wconf 88' lang='lat' dir='ltr'>et</span> <span class='ocrx_word' id='word_1_1062' title='bbox 1410 5654 1443 5693; x_wconf 85' lang='lat' dir='ltr'>cx</span> <span class='ocrx_word' id='word_1_1063' title='bbox 1457 5640 1516 5710; x_wconf 85' lang='lat' dir='ltr'>ipso</span> <span class='ocrx_word' id='word_1_1064' title='bbox 1529 5640 1670 5702; x_wconf 85' lang='lat' dir='ltr'>Chesuius,</span> <span class='ocrx_word' id='word_1_1065' title='bbox 1690 5641 1720 5699; x_wconf 87' lang='lat' dir='ltr'>in</span> 
     </span>
     <span class='ocr_line' id='line_1_123' title="bbox 106 5707 1723 5784; baseline 0 -18"><span class='ocrx_word' id='word_1_1066' title='bbox 106 5707 719 5784; x_wconf 20' lang='lat' dir='ltr'>bucoperecsstatfhicuiuiepistotab&#39;btnunc</span> <span class='ocrx_word' id='word_1_1067' title='bbox 732 5708 791 5782; x_wconf 75' lang='grc'>150)</span> <span class='ocrx_word' id='word_1_1068' title='bbox 804 5708 879 5764; x_wconf 84' lang='lat' dir='ltr'>irene·</span> <span class='ocrx_word' id='word_1_1069' title='bbox 931 5708 1019 5764; x_wconf 73' lang='lat' dir='ltr'>t&#39;laroli</span> <span class='ocrx_word' id='word_1_1070' title='bbox 1040 5709 1157 5764; x_wconf 84' lang='lat' dir='ltr'>alreutu</span> <span class='ocrx_word' id='word_1_1071' title='bbox 1182 5707 1295 5765; x_wconf 80' lang='lat' dir='ltr'>Romam</span> <span class='ocrx_word' id='word_1_1072' title='bbox 1322 5710 1357 5765; x_wconf 81' lang='lat' dir='ltr'>ad</span> <span class='ocrx_word' id='word_1_1073' title='bbox 1380 5708 1499 5766; x_wconf 79' lang='lat' dir='ltr'>Leonem</span> <span class='ocrx_word' id='word_1_1074' title='bbox 1521 5726 1617 5784; x_wconf 81' lang='lat' dir='ltr'>papam</span> <span class='ocrx_word' id='word_1_1075' title='bbox 1649 5710 1723 5772; x_wconf 57' lang='lat' dir='ltr'>dosia</span> 
     </span>
    </p>
   </div>
   <div class='ocr_carea' id='block_1_23' title="bbox 0 0 1894 6120">
    <p class='ocr_par' dir='ltr' id='par_1_27' title="bbox 0 0 1894 6120">
     <span class='ocr_line' id='line_1_124' title="bbox 0 0 1894 6120; baseline 0 0"><span class='ocrx_word' id='word_1_1076' title='bbox 0 0 1894 6120; x_wconf 95' lang='lat' dir='ltr'> </span> 
     </span>
    </p>
   </div>
  </div>
 </body>
</html>
