3780 6120
159 263 213 321 559
565 259 595 315 b.
616 257 648 314 F.
667 257 779 314 diuidi
798 255 864 313 SEU
885 254 1023 312 dictim
1050 256 1193 314 obtiduit
1214 256 1303 314 PARS
1321 254 1365 312 td.
1738 251 1792 309 aab

159 398 208 439 seu
220 389 250 436 ut
263 379 290 435 id
304 380 376 450 quod
385 379 418 434 de
431 378 598 433 humanitate
613 379 713 434 dietum
727 385 779 441 cst,
795 377 828 431 de
837 390 869 429 ea
890 372 947 428 sola
960 378 985 434 Α
999 373 1166 444 Eutychiana
1183 374 1261 427 alfane
1276 372 1386 453 latebat,
1403 370 1483 452 idque
1496 383 1548 452 iion
1561 374 1666 450 tantum
1679 368 1713 424 de
1722 367 1796 451 diri·

161 458 343 515 asserendum
356 459 384 505 et
399 450 471 519 quod
482 449 515 504 de
525 449 673 513 diuinitate,
687 448 779 502 itidem
799 445 887 499 eidem
899 442 948 498 soli
1001 445 1086 499 nitate
1099 444 1188 505 Verbi,
1209 444 1255 499 sed
1269 444 1301 497 dc
1315 443 1394 510 liiqus
1408 449 1490 494 etiam
1505 446 1691 521 incarnatione
1704 440 1797 511 dispu-

158 521 347 582 ascriberetur,
356 535 409 590 quo
418 518 616 589 quidempii'ori
627 513 948 577 retimdebantiirhriani,
999 515 1074 569 tandi
1086 513 1255 569 occasionem
1269 512 1392 582 piabiitt.
1417 510 1450 564 Et
1468 509 1597 579 Eutychis
1617 509 1726 591 quidem
1748 512 1798 567 du-

160 593 206 664 qui
217 606 279 647 cum
290 592 415 645 humanae
428 597 530 643 naturae
547 587 716 643 infirmitates
727 587 761 640 ad
780 585 949 641 divinitatem
1000 586 1116 640 utrinam
1129 585 1201 654 qaod
1223 590 1336 663 spectat,
1357 580 1439 662 mim.
1449 578 1539 634 verbis
1560 580 1736 702 scyriciitilius
1749 581 1799 636 de-

160 661 349 724 transferreot,
373 658 680 714 consubstantialitatem
695 656 776 710 Verbi
802 655 948 724 negabant;
1001 655 1095 710 scribit
1109 655 1251 712 Liberatus
1272 668 1306 722 in·
1320 651 1459 706 Breriario
1479 664 1569 704 causae
1612 655 1756 704 estoriame
1770 657 1800 705 et

159 733 246 787 altero
259 738 347 785 autem
362 728 547 784 refutabantur
557 726 729 798 Eutychiani,
740 740 854 794 quorum
867 722 949 804 aliqui
1001 724 1174 796 Eutychianos
1188 739 1246 792 eap.
1264 722 1306 776 ll.
1321 740 1330 803 ⁴.
1347 720 1493 791 Eutyches,
1512 719 1608 842 imyuit,
1619 728 1732 843 ”fffiemf
1745 718 1799 775 Sa-

161 800 309 858 divinitatis
322 800 449 853 attributa
463 798 512 866 ipsi
526 798 607 851 etiam
623 797 698 850 carni
720 792 950 856 ascribendo,alii
1002 792 1396 864 tunapraediealiatDominum
1413 800 1534 844 nostruin
1565 804 1641 843 esum
1680 790 1799 845 hristum

159 887 178 927 e
200 871 335 926 contrario
356 868 434 936 liujus
459 868 597 937 passiones
619 874 679 934 post
703 864 830 918 unionem
856 862 952 918 divitii-
1002 863 1259 921 consubstantialem
1270 862 1349 915 nobis
1363 877 1415 943 non
1430 875 1490 914 esse
1511 860 1656 913 seeundum
1673 875 1799 942 earnem,

163 943 213 996 tati
228 939 378 1004 tribuenda,
393 947 552 992 naturarum
564 936 661 990 exinde
676 934 861 989 confusionem
875 933 953 987 indu·
1003 937 1051 990 sed
1067 936 1099 989 de
1112 934 1180 990 eoelo
1195 947 1293 1003 corpas
1305 933 1451 994 habuisse,
1471 944 1617 1009 rursusque
1632 944 1742 1011 varians
1758 930 1801 984 di-

162 1020 269 1066 iicrant.
1003 1007 1099 1061 cahat:
1113 1013 1175 1058 aute
1188 1002 1377 1056 adiiiiatiuiieiii
1394 1001 1462 1056 duas
1477 1001 1503 1054 in
1527 998 1636 1054 Christo
1650 998 1736 1054 fuisse
1752 1016 1802 1053 na·

198 1076 316 1134 xxxid.
341 1075 456 1130 fieretis
497 1090 580 1146 aeque
600 1073 766 1145 Eutychiana
789 1072 835 1126 dia
857 1071 884 1126 ia
903 1070 953 1123 lli·
1004 1085 1088 1136 taras,
1104 1082 1165 1143 post
1188 1072 1376 1126 adunationem
1395 1086 1458 1124 rem
1482 1084 1562 1123 imam
1584 1066 1682 1123 factam
1697 1084 1799 1125 esse.»

159 1151 261 1220 spaniis
276 1165 306 1202 io
325 1156 413 1199 eritas.
426 1175 461 1184 -
479 1092 517 1198 (Et
531 1159 595 1199 iero
609 1161 661 1198 nou
677 1145 759 1199 solius
770 1142 877 1196 Arianae
889 1157 953 1211 pra·
1005 1146 1103 1199 Veram
1117 1159 1181 1213 ergo
1199 1156 1308 1196 earnem
1326 1141 1442 1194 averlio
1462 1139 1545 1220 fuisse
1568 1148 1735 1219 assumptam
1750 1155 1801 1195 ne-

161 1219 253 1272 ritatis
273 1165 400 1270 reffitatio
422 1215 553 1285 Elipando
575 1215 644 1268 iiam
662 1214 767 1277 stravit,
790 1221 819 1266 ut
833 1213 955 1294 adoptio-
1005 1216 1085 1285 gabat
1098 1214 1243 1282 Eutyches,
1258 1221 1287 1265 et
1299 1225 1332 1264 eii
1346 1219 1536 1280 consequentia
1555 1209 1686 1263 doetrinae
1698 1225 1802 1292 negare

161 1303 224 1343 nem
246 1289 273 1342 iii
297 1284 405 1340 Christo
428 1292 571 1349 assereret,
595 1284 641 1338 sed
665 1283 839 1354 Eutychiana
860 1290 953 1344 etiam,
1005 1286 1087 1339 eiiam
1101 1284 1204 1346 debuit,
1221 1281 1318 1350 posito,
1334 1280 1404 1349 quod
1427 1289 1551 1334 naturam
1569 1279 1713 1359 quinariam
1730 1282 1802 1335 adi-

159 1357 238 1426 cujus
249 1356 362 1426 vestigia
374 1356 408 1408 ad
423 1356 467 1409 illa
480 1370 564 1422 usque
575 1364 694 1424 tempora
708 1354 734 1407 in
749 1352 882 1421 llispaniis
894 1367 956 1423 per·
1005 1356 1067 1409 iiiia
1080 1361 1140 1424 post
1154 1352 1342 1431 adunationem
1356 1350 1509 1432 absorptam
1519 1363 1579 1404 esse
1589 1349 1701 1403 diceret.
1715 1348 1802 1432 dorm

163 1429 276 1483 durasse
295 1441 328 1480 eii
348 1424 443 1479 iisdem
456 1425 598 1478 momentis
620 1425 733 1493 probare
746 1430 788 1478 sat
810 1420 888 1476 facile
903 1429 954 1485 est,
1006 1424 1092 1480 simile
1107 1423 1170 1492 quid
1184 1423 1265 1477 etiam
1285 1419 1512 1482 Pria-idianistas,
1527 1433 1640 1486 quorum
1653 1420 1755 1488 placita
1768 1434 1801 1474 ex

161 1514 195 1553 eii
220 1497 317 1567 quibus
343 1511 424 1564 supra
454 1495 634 1547 hriaiiismuiii
669 1493 761 1547 tandiu
785 1490 956 1562 superstitem
1006 1494 1086 1565 paulo
1100 1502 1162 1550 ante
1182 1490 1338 1546 memoratis
1358 1492 1519 1558 sequebatur
1536 1488 1675 1569 hligarius,
1689 1492 1802 1572 dogma·

161 1564 426 1624 fuissedcduiiiiiius.
449 1564 528 1617 Certe
543 1563 569 1616 in
591 1563 716 1618 omnihus
729 1562 850 1617 conciliis
862 1561 957 1629 lfispa·
1007 1566 1117 1625 tirassc,
1139 1578 1173 1615 ex
1195 1570 1288 1616 sancto
1314 1560 1403 1613 Leone
1416 1574 1497 1629 supra
1518 1566 1601 1613 citato
1623 1558 1801 1614 manifestum

162 1639 223 1699 nia,
247 1650 306 1706 quae
339 1634 400 1687 0010
414 1642 477 1687 0010
499 1633 652 1695 citavimus,
676 1632 791 1687 sollicite
812 1631 956 1686 admodum
1008 1643 1058 1689 est.
1079 1632 1172 1702 Capite
1192 1631 1264 1684 eniin
1280 1629 1312 1710 f'l
1328 1630 1448 1697 epistolm
1470 1628 1504 1709 ad
1526 1628 1680 1683 Turribium
1693 1629 1803 1710 Asturi-

163 1709 260 1779 dogma
272 1705 306 1760 de
320 1650 409 1759 ferio
423 1704 561 1758 incarnato
581 1703 739 1771 explicatur,
755 1702 834 1756 acad
848 1701 955 1755 initium
972 1743 994 1801 B
1009 1718 1115 1759 censam
1140 1701 1173 1755 ad
1199 1701 1279 1756 finem
1304 1716 1330 1752 iii
1358 1699 1516 1769 compendio
1539 1713 1644 1780 rausum
1668 1700 1803 1783 exhibens

162 1776 254 1833 saeculi
264 1774 369 1844 septimi
382 1774 474 1828 turbas
481 1773 551 1826 lioud
562 1773 643 1838 leves,
656 1788 723 1842 quas
736 1771 864 1842 singulari
874 1785 954 1840 syno-
1008 1772 1272 1829 Priscilliauisiarum
1293 1785 1401 1824 errores
1420 1770 1475 1823 ait:
1491 1786 1500 1818 a
1522 1767 1571 1849 liei
1592 1767 1677 1823 Filius
1693 1784 1745 1840 per
1761 1769 1801 1833 id,

163 1849 198 1903 do
218 1845 319 1916 llispali
341 1843 475 1899 celebrata
494 1857 664 1914 compescere
684 1845 813 1911 oportuit,
836 1856 885 1910 per
903 1841 957 1894 lue-
1006 1844 1077 1913 qnod
1090 1858 1123 1896 eii
1146 1841 1255 1910 Virgine
1268 1848 1354 1903 ortiis,
1384 1855 1435 1892 non
1451 1853 1498 1906 per
1521 1839 1557 1900 id,
1580 1839 1652 1907 qaod
1671 1854 1704 1894 ea
1719 1838 1803 1894 f‘atrc

163 1919 233 1973 iesis
252 1915 424 1984 Eiityehianae
446 1913 563 1967 asseclas
581 1912 707 1967 fuissem
731 1911 858 1980 llispania
882 1911 956 1963 eiici-
1007 1923 1086 1968 uatus
1100 1919 1151 1975 est,
1168 1911 1322 1981 unigenitus
1336 1910 1496 2030 yrudieatur
1510 1906 1536 1979 (a
1556 1907 1726 1963 Priscilliano
1745 1909 1802 1965 sei-

163 1996 234 2042 tatas
258 1984 379 2040 historici
402 1983 493 2053 plures
514 1991 655 2037 testantur.
676 1981 794 2036 loannes
806 1981 916 2036 visens
930 1980 956 2033 iii
1007 1984 1079 2051 lieet)
1090 1997 1140 2036 nec
1150 1995 1213 2033 aera
1229 1980 1275 2033 llei
1288 1996 1336 2049 pro
1347 1994 1386 2042 es,
1401 1993 1539 2033 iieeierus
1549 1986 1641 2048 partus
1652 1979 1801 2035 asseritur:

163 2057 299 2112 Chronico
323 2053 466 2134 flispaniae,
491 2052 584 2112 tooi,.l
607 2051 706 2122 Seript.
724 2048 956 2119 ilispan.llliistr.,
1006 2061 1036 2108 ui
1061 2066 1110 2122 pei
1137 2049 1231 2103 falsam
1257 2049 1408 2119 passionem
1437 2056 1604 2118 mortemque
1631 2062 1685 2103 non
1707 2064 1803 2131 veram

163 2125 411 2187 indemnitate..
422 2123 458 2176 ita
472 2121 584 2175 scribit:
598 2121 694 2175 «dano
705 2120 821 2175 Sisebuti
832 2118 956 2187 septimo,
1007 2122 1123 2177 mendax
1149 2121 1312 2175 resurreetio
1337 2126 1481 2187 resumptae
1504 2118 1537 2172 de
1561 2118 1685 2188 sepufem
1707 2134 1802 2175 carnis

164 2211 257 2250 mense
279 2192 430 2255 Decembri,
445 2190 608 2245 celebratum
628 2199 669 2244 est
693 2189 793 2259 flispali
816 2188 958 2243 concilium
1007 2193 1175 2247 habemani
1202 2190 1276 2244 Licet
1297 2190 1378 2259 igitur
1400 2187 1529 2269 notabilis
1549 2188 1632 2243 fuerit
1648 2188 1802 2245 differentia

164 2265 314 2321 secuudum
329 2263 363 2316 01)
377 2269 439 2316 0010
461 2261 604 2330 01010000ῑὸ,
621 2260 781 2328 000δί010οῑ0
803 2258 959 2314 0000101δί·
1007 2262 1079 2316 inter
1093 2270 1236 2328 utramque
1256 2260 1421 2324 limieticiim,
1446 2257 1644 2313 Priscillianum
1658 2272 1757 2382 nemye
1770 2274 1803 2315 aa

164 2337 242 2400 (loro,
261 2339 355 2387 eontra
378 2331 530 2400 hcephalos
555 2330 705 2393 haereticos,
731 2329 776 2399 qui
799 2329 914 2383 dirarum
931 2328 958 2382 iii
1007 2331 1157 2402 Eiityelieu,
1173 2345 1233 2384 euni
1246 2330 1321 2399 prior
1335 2329 1431 2383 Filiam
1445 2344 1478 2383 eii
1491 2328 1601 2398 Virgine
1619 2338 1712 2383 natum
1748 2332 1803 2385 atri

163 2405 271 2461 Christo
285 2409 441 2456 naturarum
454 2401 646 2470 proprietatem
662 2399 796 2470 negabant
809 2400 845 2453 ita
858 2398 957 2462 dictos,
1007 2411 1109 2456 aeterno
1122 2399 1386 2462 consubstantialem,
1405 2413 1554 2479 yeriimque
1576 2397 1661 2480 Deum
1679 2413 1805 2461 essene·

185 2476 236 2530 uod
249 2473 338 2528 nullus
352 2471 504 2525 inveniatur
517 2479 621 2534 auctor,
635 2485 650 2522 a
665 2485 718 2539 quo
730 2470 784 2523 sint
797 2469 860 2522 orti.
875 2467 960 2521 luter·
1007 2473 1110 2542 garcrit
1129 2487 1136 2537 ;
1159 2469 1227 2525 alwr
1247 2485 1312 2523 iero
1333 2471 1366 2524 de
1387 2469 1527 2523 divinitate
1550 2468 1631 2524 Verbi
1651 2470 1803 2527 orthodoxe

162 2492 217 2599 fuit
228 2544 291 2598 huic
306 2541 407 2610 synodo
422 2540 562 2610 episeopus
572 2540 679 2607 quidam
701 2539 795 2608 Syrus,
810 2539 959 2592 acerrimus
1008 2542 1141 2606 senserit;
1157 2539 1331 2594 niliiloiiiinus
1342 2539 1421 2594 ambo
1436 2539 1463 2592 in
1477 2552 1509 2593 eo
1522 2539 1647 2594 videntur
1660 2541 1804 2595 causeum

164 2615 299 2684 praedictae
313 2610 422 2664 haeresis
432 2616 624 2680 propugnator,
638 2609 683 2676 qui
698 2618 759 2678 post
771 2607 959 2677 disputationis
1009 2626 1048 2677 se,
1064 2611 1134 2680 quod
1150 2610 1290 2663 veritatem
1305 2617 1448 2678 assumptae
1463 2609 1552 2664 carnis
1566 2618 1707 2680 negarent,
1722 2611 1801 2676 adeo,

164 2681 342 2753 pertinaciam
353 2680 516 2749 argumentis
528 2678 612 2734 sancti
626 2676 758 2733 isidoriet
771 2675 885 2731 alioruin
896 2692 959 2730 sau·
1009 2694 1039 2736 ut
1063 2680 1215 2750 elipandus,
1237 2688 1379 2748 postquam
1403 2679 1464 2733 diiii
1489 2678 1803 2737 consubstantialitatem

166 2762 272 2809 ctorum
286 2750 396 2804 Puteum
411 2749 550 2803 convietus
565 2746 598 2801 ad
615 2756 715 2802 rectam
729 2755 758 2800 et
777 2745 958 2801 orthodoxam
1009 2752 1181 2814 vindicasset,
1207 2764 1317 2804 neeesse
1348 2750 1458 2820 insuper
1486 2750 1620 2814 babuerit,
1649 2752 1803 2807 doctrinam

167 2823 247 2878 fldem
266 2834 412 2874 conversus
424 2825 475 2882 esi.
498 2827 528 2872 ¹¹²
547 2833 581 2873 0¹
602 2817 761 2873 du⁰d⁰⁰iffl⁰
774 2817 863 2887 001010
876 2816 960 2887 ipsius
1008 2821 1137 2877 Ecclesia
1148 2821 1181 2874 de
1193 2834 1257 2874 iera
1271 2821 1329 2890 ejus
1343 2834 1375 2873 eii
1397 2827 1473 2874 utero
1486 2820 1571 2874 beate
1586 2819 1707 2892 Virginis
1719 2821 1804 2878 incar·

165 2891 273 2947 concilii
287 2896 402 2943 constat.
419 2909 430 2942 i
448 2887 551 2957 lapsus
572 2888 680 2958 quidem
704 2902 757 2941 noir
776 2886 844 2942 niliil
858 2894 901 2943 est
918 2887 961 2951 tii-
1009 2893 1118 2947 nationo
1140 2889 1220 2944 tueri.
1245 2890 1279 2944 Et
1295 2891 1420 2944 tuebatur
1432 2890 1524 2954 etiaiu,
1545 2899 1623 2958 prout
1638 2908 1672 2947 ex
1694 2892 1804 2963 scriptis

166 2962 283 3017 storieus
305 2959 367 3022 iste,
387 2960 450 3014 duni
473 2959 614 3013 haereticos
635 2957 786 3029 deeptialos
808 2958 847 3014 ita
871 2957 960 3014 dictos
1009 2963 1068 3034 ejus
1080 2960 1185 3016 abunde
1198 2967 1280 3029 patet,
1297 2959 1407 3031 speciali
1422 2960 1490 3025 zelo,
1505 2961 1568 3014 duiu
1580 2961 1606 3015 in
1619 2960 1804 3031 symbolostto

166 3031 259 3095 refert,
273 3044 306 3084 eo
342 3029 394 3083 uod
418 3027 507 3083 nullus
521 3028 672 3083 inueniatur
690 3036 794 3094 auctor,
809 3043 825 3084 a
838 3029 959 3100 quosiut
1009 3034 1080 3105 apud
1102 3031 1213 3086 Beatum
1232 3030 1422 3085 incarnationis
1441 3031 1597 3101 mysterium
1619 3030 1648 3085 iii
1671 3033 1730 3088 suis
1741 3046 1805 3102 pro-

164 3102 231 3163 orti,
244 3115 306 3155 cum
318 3045 370 3153 affra
384 3113 496 3167 prorsas
510 3101 545 3153 sit
559 3098 638 3167 liujus
651 3099 767 3154 nominis
781 3100 861 3166 ratio,
876 3090 993 3170 proutC
1009 3102 1168 3175 prietatibus
1195 3102 1338 3156 admodum
1366 3115 1458 3170 presse
1484 3100 1628 3165 describit,
1654 3101 1777 3172 dicitque
1794 3119 1803 3157 τ

165 3188 200 3226 ex
219 3170 332 3226 historia
348 3168 560 3239 Eutychiaiiismi
575 3167 683 3223 cuilibet
696 3169 785 3239 palam
797 3178 849 3233 est,
871 3170 961 3238 quoad
1013 3194 1022 3224 a
1035 3173 1118 3240 Quem
1132 3171 1169 3240 (id
1184 3181 1234 3234 est,
1251 3170 1298 3224 Dei
1312 3168 1420 3242 Filium)
1432 3186 1508 3226 saera
1523 3169 1664 3241 Scriptura
1677 3176 1804 3239 testatbr,

165 3241 345 3306 substantiam
362 3249 451 3293 tamen
464 3253 527 3294 iera
540 3254 601 3293 euin
615 3239 766 3309 scripsisse,
782 3239 899 3294 dubitari
913 3255 961 3294 ne-
1009 3259 1059 3314 pro
1071 3243 1157 3298 salute
1170 3241 1281 3296 humaui
1299 3241 1416 3311 generis,
1440 3241 1539 3296 deitate
1560 3242 1697 3298 exinanita
1718 3243 1806 3299 bumi-

166 3311 239 3381 quim
251 3325 312 3365 cuni
327 3309 397 3380 apud
415 3316 528 3363 caeteros
546 3324 636 3362 rerum
659 3310 866 3379 llispanicamm
890 3312 958 3363 seri·
1010 3329 1071 3368 ueni
1086 3313 1195 3375 factum,
1217 3311 1417 3374 circumcisum,
1432 3310 1607 3382 baptizatum,
1628 3310 1662 3366 fla
1681 3312 1804 3379 effatum,

166 3391 259 3452 ptores
274 3378 367 3434 eadem
382 3377 460 3447 plane
482 3379 637 3449 ligantum«
657 3377 759 3501 llisyyali
779 3388 841 3433 octo
853 3379 960 3448 episco·
1009 3383 1179 3445 crucifixam,
1195 3389 1341 3444 mortuum,
1356 3380 1501 3449 sepultum,
1522 3397 1642 3447 serium,
1759 3398 1807 3440 os-

167 3465 264 3574 yorum
277 3456 426 3502 conuentus
447 3448 554 3502 habitus
572 3456 613 3501 cst
634 3445 683 3515 (aii
727 3449 819 3502 ariana
836 3448 958 3520 101105)
1009 3454 1122 3524 pilium,
1136 3460 1188 3506 ete.
1205 3470 1215 3503 i
1242 3450 1318 3506 Unde
1332 3461 1359 3505 ct
1372 3452 1398 3504 iii
1413 3452 1525 3520 epistola
1539 3453 1572 3507 ad
1586 3451 1733 3509 dicuinuiu
1747 3455 1805 3509 ait:

177 3518 285 3573 'isebuti
297 3532 327 3570 re
348 3531 392 3579 iio,
407 3529 477 3569 anno
496 3516 620 3586 septimo,
635 3518 738 3572 isidoro
752 3515 873 3586 praeside.
889 3517 918 3571 lu
928 3533 960 3572 co
1012 3541 1022 3572 i
1038 3523 1165 3578 inimicus
1187 3529 1213 3574 et
1236 3519 1362 3575 defensor
1376 3537 1436 3577 esse
1459 3522 1633 3592 dignosceris,
1659 3523 1725 3594 quia
1739 3522 1804 3580 dum

166 3596 301 3645 conventu
324 3533 521 3655 fcepiiaioruin
537 3594 610 3640 secta
624 3586 734 3657 explosa
756 3596 806 3649 esi,
822 3602 882 3656 quie
903 3588 960 3656 pii·
1008 3594 1136 3649 deitatem
1160 3590 1221 3646 Filii
1241 3591 1288 3645 bet
1302 3591 1439 3647 diuinare
1453 3593 1604 3648 ostenderis
1623 3602 1687 3649 anie
1705 3593 1805 3649 saerata

167 3661 228 3715 dem
237 3659 264 3711 iii
275 3656 385 3711 Oriente
396 3670 559 3725 compressa,
573 3657 600 3710 iii
611 3656 737 3726 Hispania
750 3670 892 3727 resurgere
904 3673 959 3713 eoe-
1008 3678 1041 3718 ex
1054 3663 1134 3717 Patre
1156 3661 1250 3732 geniti,
1264 3662 1458 3717 humanitatem
1479 3664 1537 3733 ejus
1550 3663 1584 3717 de
1594 3672 1671 3719 utero
1684 3663 1806 3737 Virgiuis

165 3738 256 3800 perat,
280 3726 342 3796 Syri
365 3725 503 3793 eujusdam
524 3727 643 3795 episcopi
664 3741 745 3795 opera
761 3736 788 3781 et
807 3726 957 3794 fraudibus,
1007 3749 1086 3789 susce
1107 3742 1161 3786 tam
1173 3733 1200 3787 iii
1214 3731 1266 3785 fiiie
1278 3734 1407 3801 temporis
1417 3746 1515 3804 negare
1529 3733 1663 3789 riderisi
1680 3733 1717 3788 Et
1727 3748 1805 3789 uani.

166 3808 219 3854 etc.
235 3818 244 3850 i
263 3797 316 3852 Sed
336 3804 363 3851 et
385 3797 441 3865 ipsa
464 3796 570 3851 concilii
590 3796 668 3865 huius
685 3797 849 3867 llispalensis
863 3797 958 3852 ordine
1009 3805 1066 3858 'lzi
1083 3748 1210 3858 gieenim
1223 3801 1563 3873 nefanduuipresliyteriim
1576 3804 1741 3859 dedoctrina
1753 3820 1805 3860 ue-

167 3869 278 3924 secuudi
297 3876 357 3923 acta
382 3881 440 3921 rem
456 3876 533 3921 eitra
555 3881 662 3921 omnem
685 3868 896 3922 coiitrorersiam
909 3883 958 3938 po·
1008 3873 1082 3930 fandi
1094 3872 1169 3927 Beati
1182 3872 1271 3927 audiri
1284 3873 1395 3928 auribus
1418 3874 1486 3928 ineis
1499 3872 1653 3929 dicentem:
1674 3874 1806 3932 Christus

168 3947 247 4003 nunt,
262 3939 287 3992 iii
303 3936 423 4005 cujus'ca
443 3937 508 3991 itulo
523 3936 680 3992 duodecimo
695 3937 773 3992 niodo
786 3938 903 4007 primum
919 3954 959 3994 re-
1007 3945 1085 4000 Jesiis
1098 3945 1125 3998 iu
1143 3942 1272 3997 maternis
1290 3943 1439 3997 visceribus
1454 3957 1563 3998 caruem
1581 3958 1738 4011 assumeris,
1751 3960 1807 4002 nou

167 4010 221 4062 lata
232 4007 368 4090 coucmlis
380 3952 469 4061 tergis
482 4014 635 4070 narrantur.
653 4007 679 4061 itt
694 4008 797 4063 decimo
816 4008 896 4063 000ῑί0
908 4024 957 4062 00·
1008 4018 1040 4070 de
1054 4013 1185 4070 maternis
1197 4013 1346 4067 visceribus
1361 4013 1482 4078 trahens,
1499 4014 1546 4068 sed
1558 4028 1668 4069 caruem
1686 4015 1740 4071 sibi
1754 4030 1806 4071 no·

167 4087 222 4132 tem
236 4078 360 4132 doctrina
383 4077 417 4131 de
438 4077 536 4146 duplici
557 4077 583 4130 iii
606 4076 714 4132 Christo
738 4086 835 4131 natura
852 4078 957 4147 prolixe
1007 4102 1068 4139 iam
1090 4083 1245 4139 efficiensi
1268 4080 1340 4136 idem
1362 4083 1480 4137 occurrit
1502 4084 1528 4137 in
1551 4093 1666 4154 utraque
1687 4085 1805 4155 epistola

165 4149 320 4215 exponitur.
334 4147 364 4200 lii
379 4147 602 4217 subseqnentibus
617 4147 711 4202 deinde
733 4147 864 4212 conciliis,
888 4164 957 4219 prm-
1007 4156 1193 4224 episcoporum
1217 4151 1350 4221 llispaniie
1368 4152 1401 4206 ad
1415 4154 1554 4223 episcopos
1574 4152 1676 4218 Gallie,
1692 4164 1760 4221 eto,
1779 4162 1808 4211 et

166 4218 244 4285 cipue
257 4217 386 4270 Toletano
407 4232 433 4268 iii
452 4232 484 4269 ac
498 4232 552 4280 iiii,
569 4218 639 4271 idem
657 4217 752 4288 dogma
775 4218 898 4287 pluribus
916 4219 957 4272 iii·
1007 4226 1040 4279 ad
1054 4224 1180 4278 Caroluni
1197 4222 1320 4293 hlagiiuin
1343 4223 1424 4287 data;
1447 4231 1473 4277 et
1486 4223 1513 4276 in
1538 4225 1620 4294 priori
1643 4225 1755 4294 quidem
1768 4226 1807 4281 iri·

167 4286 309 4347 culeatur;
325 4293 354 4338 et
374 4283 426 4336 'am
446 4300 526 4354 supra
547 4287 698 4341 notarimus
723 4287 895 4342 llencdictum
906 4303 957 4368 pa·
1007 4295 1104 4363 quiunt
1116 4311 1122 4346 :
1136 4312 1145 4343 i
1163 4291 1203 4345 dd
1217 4293 1352 4347 notionem
1366 4302 1487 4347 nostram
1506 4294 1628 4364 peruenit
1641 4295 1766 4365 lugubris
1778 4304 1807 4351 et

166 4369 228 4423 pain
246 4353 328 4407 fuisse
379 4368 483 4417 ensum,
508 4356 579 4423 quod
602 4354 712 4424 llispaui
733 4364 788 4410 tres
802 4357 828 4411 iii
848 4356 956 4413 Christo
1007 4363 1112 4418 funesta
1126 4362 1217 4433 opinio
1233 4403 1240 4415 .
1254 4401 1282 4416 ..
1300 4360 1374 4416 fleati
1387 4362 1493 4417 nefandi
1505 4364 1720 4420 Asturieensium
1730 4380 1807 4435 pres-

167 4423 333 4477 substantias
352 4422 490 4486 diceretit;
511 4426 595 4477 donee
615 4439 695 4478 seusu
709 4426 841 4480 catholieo
861 4442 890 4480 se
904 4428 954 4481 ista
971 4433 1091 4502 ubytcri
1109 4471 1157 4486 ...
1173 4432 1207 4486 oli
1222 4432 1296 4495 illud,
1317 4433 1388 4501 quud
1400 4433 1490 4488 caruis
1511 4435 1619 4503 adoptio
1633 4436 1660 4489 iii
1673 4433 1744 4490 Filio
1755 4434 1806 4490 bet

168 4492 315 4547 asseruisse
336 4493 363 4544 iii
378 4493 491 4547 coneilio
508 4493 637 4546 Toletano
660 4510 693 4546 iv
707 4509 778 4547 aniio
793 4495 844 4549 688
865 4505 956 4550 osten·
1007 4501 1155 4557 seeundum
1178 4502 1301 4557 liunianai
1328 4502 1465 4557 seriitutis
1492 4501 1605 4559 formam
1631 4519 1805 4576 nequaquam

167 4563 280 4625 dissent,
304 4562 526 4631 proliasseiitque,
541 4578 569 4617 se
584 4563 701 4617 nonnisi
723 4564 756 4617 ad
770 4563 956 4619 debellandam
1006 4570 1090 4627 fuisse
1105 4571 1211 4634 asserit,
1234 4587 1284 4627 nee
1306 4587 1398 4626 reram
1411 4589 1445 4626 eit
1460 4573 1567 4643 Virgine
1589 4574 1726 4631 risibilem
1748 4573 1806 4631 for·

167 4631 336 4686 efficaciush
356 4629 477 4687 olliiiaris
494 4632 674 4703 Eiityebisque
695 4633 808 4687 liaerusin
825 4633 904 4688 talem
918 4634 957 4687 lo-
1008 4657 1079 4694 niam
1094 4641 1253 4709 susceperit.
1270 4661 1279 4693 i
1298 4642 1330 4696 Et
1351 4640 1506 4697 interfusa
1526 4642 1666 4713 Superest,
1683 4653 1714 4701 ut
1727 4646 1805 4717 quis·

167 4700 266 4770 qiieiidi
281 4718 324 4754 mo
344 4717 388 4754 um
410 4702 572 4757 adhibuisse.
596 4703 635 4756 Ei·
651 4718 705 4773 quo
721 4703 828 4772 quidem
850 4719 956 4758 mrsiim
1007 4710 1068 4779 quis
1079 4709 1121 4763 illo
1135 4710 1303 4779 adoptionem
1318 4751 1325 4764 .
1340 4752 1346 4764 .
1361 4750 1368 4763 .
1381 4727 1440 4766 esse
1455 4711 1578 4783 deneget,
1592 4716 1651 4770 sine
1664 4715 1748 4771 dubio
1762 4728 1807 4771 te·

166 4770 302 4840 colligitur
327 4770 410 4824 multa
424 4772 477 4826 illis
497 4773 585 4827 adbuc
599 4772 762 4843 temporibus
773 4770 806 4826 de
828 4774 957 4845 mysterio
1007 4797 1067 4834 rani
1080 4779 1214 4834 homiuem
1228 4819 1234 4832 .
1249 4791 1376 4836 ..natum
1389 4781 1647 4853 fuissenequaquani
1658 4784 1801 4843 affirmati

167 4841 360 4895 incarnationis
375 4842 402 4894 in
424 4840 559 4911 llispaiiiis
576 4842 720 4913 disputata,
743 4857 776 4896 ae
799 4845 958 4913 superstites
1007 4848 1036 4903 ln
1061 4850 1204 4921 posteriori
1234 4866 1298 4905 rein
1323 4852 1462 4920 sequentia
1487 4852 1631 4907 habent:i
1664 4852 1804 4911 Nefaudus

166 4910 251 4965 fuisse
273 4926 449 4991 uonpaucos,
464 4920 557 4966 contra
576 4928 644 4983 quos
664 4912 795 4982 ejusmodi
817 4928 892 4967 arma
910 4929 960 4984 pro
1009 4922 1151 5043 yrcsliyter
1162 4929 1190 4974 et
1200 4921 1432 4990 pseudopropheta
1444 4931 1582 4977 asseverat
1596 4923 1644 4979 [lei
1656 4922 1757 4979 Filium
1776 4924 1806 4979 in

167 4980 267 5036 tuenda
280 4989 393 5035 veritate
405 4981 536 5036 catholica
550 4983 677 5038 adhibere
691 4992 838 5052 oporteret.
1020 5005 1096 5043 orma
1114 4989 1185 5043 serii
1209 4990 1307 5046 deitate
1325 4991 1461 5045 exinanita
1485 5006 1653 5062 nequaquam
1673 5008 1708 5048 ex
1725 5000 1807 5049 utero

202 5049 322 5104 xxxiv.
348 5049 470 5121 ifipetias
494 5051 584 5105 eadent
610 5051 703 5108 laeteri
729 5052 850 5122 infectus.
880 5051 958 5108 ffaim
1010 5059 1229 5130 Virginiscarnis
1240 5059 1417 5130 assumpsisse
1428 5061 1607 5130 adoptionem.
1620 5083 1630 5116 i
1644 5064 1693 5119 Et:
1704 5083 1714 5115 i
1727 5062 1806 5121 buda

167 5119 252 5172 denuo
264 5122 399 5191 impugnat
411 5119 568 5191 Elipandaa.
581 5153 617 5161 -
626 5123 681 5177 ilos
702 5136 767 5177 aero
782 5131 838 5177 tum
851 5125 958 5193 penitus
1009 5129 1105 5184 itidem'
1113 5131 1239 5197 petimus,
1248 5140 1277 5185 iit
1288 5130 1439 5186 fetidissimi
1449 5131 1607 5211 antiphrasii
1618 5134 1693 5189 Beati
1705 5132 1807 5191 ‹taetii-
1822 5180 1827 5187 .

167 5188 251 5242 fuisse
263 5190 421 5255 debellatos,
434 5205 467 5244 eo
483 5191 572 5245 miuus
584 5193 703 5263 cogitare
715 5192 788 5256 licet,
804 5207 857 5262 quo
871 5194 957 5264 magis

168 5266 276 5312 coiistat
291 5269 389 5328 quanta
408 5259 530 5316 confusio
542 5260 612 5315 baud
626 5266 662 5316 ita
676 5261 760 5316 multo
773 5269 834 5332 post
853 5261 887 5316 ad
907 5262 958 5317 iiii·

168 5328 237 5380 tiam
250 5332 340 5384 saeeuli
357 5331 444 5385 octavi
460 5332 487 5385 iii
510 5329 643 5402 ffispaniao
660 5331 787 5386 ecclesiis
805 5346 857 5413 pei·
877 5331 958 5386 Sara-

168 5409 297 5451 cenorum
312 5399 488 5469 irruptionem
504 5410 564 5457 orta
577 5401 666 5467 fuerit,
681 5402 727 5456 ubi
747 5401 892 5457 Climstiaui
908 5402 958 5456 suli

168 5463 345 5521 barbarorum
367 5471 498 5526 servitute
521 5472 666 5541 degebant,
689 5486 804 5540 raraque
825 5471 867 5526 iel
885 5472 957 5527 iiulla

168 5533 258 5603 potius
278 5534 352 5590 fuere
373 5540 496 5603 eoncilia,
518 5544 615 5609 quilius
628 5542 750 5598 doctrina
764 5541 825 5596 fidei
841 5542 958 5612 explica-

169 5611 254 5657 retur.
268 5603 391 5660 Profecto
404 5609 431 5662 in
445 5609 509 5678 ipsis
527 5611 626 5683 hiigetii
638 5612 787 5675 erroribus,
802 5626 871 5681 quos
883 5620 958 5667 tauto

168 5669 276 5730 feriore
287 5675 490 5747 iinpiignaierat
511 5679 666 5751 Elipandus,
679 5680 826 5752 quidquam
839 5680 958 5754 dogmati

1009 5213 1083 5264 nain,
1098 5199 1204 5268 quilici
1223 5200 1319 5256 Filium
1339 5215 1430 5255 veram
1444 5202 1476 5256 de
1495 5201 1606 5273 liirgine
1625 5212 1804 5275 praeterpec-

1009 5279 1099 5323 eatum
1111 5284 1220 5324 earnem
1241 5280 1341 5325 nostiae
1354 5269 1471 5325 similem
1485 5274 1662 5344 assumpsisse
1675 5275 1804 5347 denega&

1010 5342 1043 5393 de
1058 5353 1086 5391 ie
1123 5349 1201 5392 otuo
1215 5341 1359 5395 abulensi

1046 5407 1106 5460 llll.
1123 5408 1153 5462 i'.
1170 5406 1296 5465 Similiter
1306 5420 1329 5464 et
1350 5408 1436 5467 Felix.
1451 5442 1487 5453 —
1497 5411 1570 5467 Felix
1585 5428 1694 5482 quoque
1708 5410 1807 5484 urici

1010 5476 1111 5531 litaniis
1124 5478 1221 5532 similia
1244 5480 1386 5537 catholicis
1404 5481 1512 5552 obiecit,
1531 5483 1571 5537 iiii
1584 5498 1617 5537 ei
1639 5485 1731 5539 verbis
1744 5483 1805 5555 ejus

1011 5546 1045 5601 ab
1067 5546 1180 5601 hleuiiio
1202 5549 1263 5604 libr.
1287 5565 1307 5605 ri
1331 5549 1424 5605 relatis
1447 5552 1589 5608 manifeste
1609 5554 1736 5609 hahetur.
1757 5554 1805 5611 hit

1011 5615 1126 5670 euim2i
1154 5616 1231 5682 Quod
1248 5620 1270 5673 si
1294 5619 1364 5675 idem
1384 5620 1549 5690 Redemptor
1561 5632 1653 5679 noster
1668 5624 1697 5679 iii
1720 5639 1805 5679 carue

1011 5699 1072 5751 sua,
1086 5700 1169 5757 quain
1185 5703 1218 5743 ex
1231 5698 1308 5747 utero
1323 5690 1441 5761 Virginis
1459 5692 1493 5746 ab
1517 5692 1574 5762 ipsu
1593 5692 1720 5751 uidelicet
1737 5709 1805 5752 cou-
