3780 6120
128 303 184 360 755

626 298 790 354 candidu.
809 328 845 338 -
861 296 1121 356 tuscutrttortes
1136 296 1265 355 tante.

1705 299 1757 357 751

127 418 218 488 Atque
247 422 364 484 ertrptom
392 413 466 468 Patri
492 412 760 469 Benedictotradidlt
783 413 867 479 illam,
932 411 1045 476 Al'ell
1074 413 1148 468 venit
1173 413 1206 467 ad
1217 412 1344 467 Flaccum
1366 414 1438 468 hrrne
1463 429 1506 469 me
1517 413 1660 472 benedicat
1675 416 1760 474 bucca

128 509 168 566 Ut
181 507 252 562 leret
273 505 387 574 emptori
399 520 461 559 cum
480 505 559 561 Patre
570 505 597 559 iu
609 504 708 561 saecula
721 519 836 559 merces.

127 597 206 654 lianc
219 604 310 651 tamen
340 594 480 650 ecelesiam
494 595 597 650 sacrari
609 595 728 665 jusserat
742 593 786 648 ille

126 689 271 760 clavigero
288 686 356 748 coeli
377 685 456 741 Petro
465 685 522 756 jam
539 685 661 755 principe
670 699 777 755 magno,

126 780 218 850 Atque
231 778 268 848 pii
287 777 389 847 pariter
408 775 545 830 Benedicti
559 777 669 830 nomine
682 773 781 841 Patris,

128 871 206 927 lllius
217 879 246 924 ut
261 874 387 938 regerent
407 865 535 937 precibus
561 880 611 932 per
629 863 725 920 saccula
738 864 831 931 vitam,

128 961 219 1031 Atque
235 960 332 1015 animae
346 956 467 1027 requiem
492 954 665 1027 [rogitassent
676 954 701 1026 ³]
725 955 805 1010 ambo
828 970 921 1025 pereu-

811 1043 895 1116 [nem.

130 1143 172 1197 Tu
195 1156 314 1212 quoquc,
329 1140 374 1209 qui
390 1138 497 1194 titulum
514 1138 623 1201 recitas,
642 1137 760 1208 rogitare
775 1146 918 1200 memento,

129 1232 250 1288 Obsecro
276 1232 290 1272 ¹>
315 1246 364 1301 pro
382 1229 462 1284 Patre
482 1227 628 1299 llagoullo,
651 1227 737 1282 lector
751 1228 847 1282 amice.

128 1324 168 1378 'le
181 1337 287 1394 quoque
301 1329 442 1377 conseruet
468 1318 569 1375 Christi
580 1319 725 1375 elementia
740 1334 858 1388 semper,

128 1417 258 1487 Protegat
268 1422 349 1484 atque
376 1421 453 1483 regat
479 1411 625 1467 clementer
639 1413 697 1467 llaec
713 1411 772 1465 loca
784 1409 917 1465 Christus.

130 1506 212 1571 Laos,
224 1506 311 1560 honor
324 1514 352 1558 et
362 1502 449 1558 virtus
466 1513 477 1540 0
492 1501 554 1557 istie
568 1503 603 1557 sit
625 1517 733 1572 semper
744 1509 772 1556 et
782 1501 846 1555 illic.

195 1646 251 1696 Π·
270 1645 316 1695 ΙΙ
336 1644 600 1693 'ummo
619 1644 648 1691 Ι-
665 1643 851 1692 luem

499 1787 565 1843 clv.

132 1883 172 1940 De
195 1881 311 1953 sepulcro
324 1883 406 1937 sancti
418 1881 534 1936 Naborir
552 1881 584 1936 ab
605 1880 778 1952 Artpilramua
797 1881 919 1950 episeopo

202 1953 289 2007 ornari
304 1962 393 2022 erepto,
416 1962 470 2006 eta
488 1951 708 2006 Vuacouealbate
722 1949 846 2022 perfeeto.

130 2044 295 2104 l‘ontillealis
310 2060 378 2114 apex
405 2056 508 2114 pastor,
533 2043 700 2114 patriarcha,
716 2041 854 2107 sacerdos,

129 2134 319 2206 engilramnus
337 2134 351 2174 ἃ
367 2151 461 2203 mans,
496 2135 582 2191 fretus
595 2136 696 2206 pietate
709 2135 848 2206 magistra,

130 2225 255 2298 ilartyris
279 2229 377 2300 egregii
402 2228 516 2283 Nabaris
528 2229 658 2284 deductus
673 2242 776 2292 amore,

128 2317 263 2388 (Imperat,
276 2319 395 2375 intentus
406 2335 482 2375 sacro
496 2331 508 2359 ι
527 2320 628 2375 vestire
645 2319 810 2390 sepulerum,

129 2407 281 2463 darriliante
309 2409 355 2478 pio
367 2408 473 2476 Carolo,
507 2426 554 2481 per
567 2423 689 2474 munera,
701 2425 774 2480 rege.

128 2494 167 2550 Νι
182 2496 331 2566 compleret
353 2512 430 2566 opus,
446 2499 535 2567 rapuit
550 2513 622 2554 mors
634 2499 755 2569 improba
768 2498 902 2554 Patrensi

128 2586 193 2642 Post
210 2587 290 2643 lenita
303 2589 411 2644 humilis
434 2593 509 2646 ras8
526 2590 708 2661 compleuerat
720 2591 796 2648 illud.

128 2677 181 2743 Qui
193 2676 282 2748 legitis
299 2694 393 2734 versus
405 2682 508 2744 ambos,
528 2683 708 2738 commendite
734 2682 854 2750 Christo,

129 2766 165 2826 tta
190 2768 343 2839 quicunque
361 2785 409 2824 sua
429 2773 534 2825 uenerit
554 2772 717 2828 tremuere
733 2781 806 2838 uota,

128 2857 198 2914 Com
215 2859 295 2915 Patre
309 2860 469 2932 discipulum
483 2863 573 2917 uerbis
589 2878 739 2919 memorare
749 2863 883 2935 benignus.

128 2949 225 3023 incipit
252 2950 299 3007 ille
315 2953 399 3023 prior,
428 2953 475 3010 sed
483 2953 541 3026 jam
557 2952 707 3027 perfecerat
719 2954 781 3011 iste.

129 3042 219 3100 linum
229 3059 297 3114 opus
310 3046 450 3100 amborum
464 3064 471 3101 :
485 3045 611 3103 Christus
620 3054 763 3103 conseruet
776 3053 915 3118 utrosque.

128 3135 162 3190 Et
176 3145 217 3203 tu,
236 3145 327 3193 sancte
344 3138 391 3193 bei
404 3146 518 3210 martyr,
547 3141 647 3196 invicte
662 3141 817 3215 triumphis,

127 3227 266 3285 Auxiliare
281 3231 344 3297 tuis,
358 3240 459 3301 pastor,
476 3233 557 3287 Pater
567 3233 678 3303 optime,
690 3233 784 3290 servis.

503 3346 558 3402 CV.

235 3458 346 3513 Carmen
367 3460 450 3530 priori
461 3459 580 3515 additum
599 3463 634 3515 ud
654 3461 805 3517 Varronem.

129 3568 175 3624 llis
186 3578 296 3639 septena
320 3570 369 3626 tibi
384 3571 468 3627 direxi
491 3573 612 3626 carmina
639 3573 765 3637 Vascol,

128 3657 170 3715 'l’u
187 3659 250 3729 quia
264 3661 362 3715 misisti
388 3662 519 3717 butristas
541 3663 548 3701 ἰ
567 3670 597 3716 ut
610 3662 828 3732 quioquebinas:

127 3747 174 3805 llis
198 3758 262 3821 puto
278 3760 388 3822 septena
401 3749 519 3822 caligosi
532 3752 589 3822 jam
605 3750 673 3805 torte
691 3759 823 3816 tenentes,

130 3841 163 3897 tu
175 3844 217 3899 bis
241 3854 367 3914 septenas
379 3844 480 3898 habeas
495 3859 542 3913 per
565 3843 686 3898 carmina
714 3850 813 3914 grates.

129 3926 183 3983 Sed
196 3944 322 3999 repones
336 3945 456 3986 memora
465 3931 599 4001 precibus,
613 3938 917 4000 nostrosqueparentes,

129 4018 249 4085 Quorum
262 4035 378 4090 namque
391 4015 466 4076 uides
480 4030 508 4076 et
520 4022 618 4092 scripta
632 4022 697 4077 ltine
713 4021 822 4075 nomina
836 4022 919 4077 sedis.

130 4110 243 4181 Semper
256 4112 284 4166 ln
295 4120 426 4167 aeternum
442 4112 576 4168 valeas...
604 4111 726 4166 carruina
738 4125 803 4166 rasa
822 4111 836 4151 ¹¹

165 4265 275 4327 rudit..
290 4268 455 4338 cogitassent.

164 4335 242 4390 btls.
265 4337 330 4399 Sal,
348 4338 464 4391 obsecra,

163 4416 174 4444 ⁶
199 4405 266 4461 (lod.
292 4407 358 4472 Sat,
383 4406 513 4461 etcrtltus.

1569 505 1699 580 [llaronis

1004 592 1098 657 llodie,
1114 593 1136 647 si
1148 592 1246 664 placet,
1262 592 1407 663 virgiliace
1422 608 1500 665 puer.

986 719 1057 766 vu·
1075 720 1119 768 ΙΙ
1135 719 1397 769 ”Hunno
1412 720 1727 772 ΜΙΙΑΙΙΩΙΙΙΙ.

1335 821 1400 879 cvl.

970 919 991 948 ¹¹¹
1004 907 1045 962 De
1063 908 1135 964 eelloe
1159 910 1377 1036 Βοιιιιιιιιεειιιῖιὺ
1388 915 1543 982 prestantia
1574 930 1629 985 prce
1655 915 1757 981 maenis

1303 999 1335 1035 ur
1353 1000 1360 1036 ι
1381 999 1421 1037 ιιι.

971 1069 1087 1127 lirbibus
1100 1072 1228 1143 egregiis,
1260 1089 1376 1143 quarum
1394 1090 1463 1130 nora
1491 1077 1609 1132 eulmina
1633 1085 1764 1149 surgunt,

1005 1162 1153 1234 famigerae
1169 1163 1262 1220 laudes
1278 1174 1307 1220 ct
1322 1181 1403 1237 super
1416 1175 1488 1222 astra
1503 1167 1611 1233 volant,

969 1251 1118 1308 Vatilcrem
1132 1264 1147 1292 ¹¹
1176 1263 1297 1310 veterum
1315 1255 1453 1312 celebrant
1466 1272 1535 1327 quas
1548 1257 1671 1315 carmine
1682 1258 1756 1322 libri,

1006 1341 1237 1413 llultiplicesauri
1263 1355 1589 1418 necuumeranturopes.

970 1433 1033 1490 llaec
1054 1445 1106 1503 est,
1130 1453 1210 1507 quam
1221 1439 1320 1503 centis,
1336 1439 1453 1495 silvestri
1466 1441 1566 1497 mstiea
1577 1448 1659 1508 tecto,

1005 1526 1167 1597 Constructas
1180 1531 1207 1584 in
1226 1545 1321 1587 eremo
1344 1530 1440 1586 cellula
1457 1531 1582 1587 nobilior.

971 1620 1053 1691 216
1072 1619 1135 1678 llaec
1145 1621 1242 1677 studiis
1263 1621 1340 1678 lieret
1352 1624 1438 1679 saeris
1452 1632 1481 1679 et
1491 1624 1604 1695 sophica
1620 1624 1708 1695 ⁰jura

1006 1709 1130 1782 Perleglt,
1154 1721 1182 1766 et
1198 1719 1297 1767 tractat
1307 1711 1429 1768 clancula
1441 1713 1513 1768 dicta
1530 1727 1635 1769 senum.

971 1799 1099 1855 Venditor
1109 1808 1190 1870 atque
1206 1816 1302 1856 senum
1316 1800 1428 1857 volvunt
1455 1812 1469 1852 ι’
1492 1801 1634 1858 mendacia
1645 1799 1720 1861 mille

1002 1890 1076 1957 lllic;
1105 1900 1136 1948 ιιι
1152 1893 1243 1964 capiat
1253 1891 1347 1949 lraude
1361 1892 1433 1948 mala
1447 1893 1554 1949 socium
1572 1912 1579 1948 ι

967 1982 1102 2050 Quaeritur
1124 1984 1169 2040 hic
1192 1997 1286 2039 rerum
1298 1998 1347 2054 per
1362 1983 1528 2056 syllogistica
1546 1994 1698 2052 esacrum,

1003 2073 1127 2130 Claustra
1154 2075 1242 2131 modis
1255 2075 1339 2131 variis
1350 2075 1450 2130 lamine
1462 2074 1586 2146 paelllco.

968 2167 1072 2239 Saepius
1083 2168 1200 2224 ebrietas
1215 2183 1324 2224 sensum
1343 2167 1414 2223 mala
1433 2166 1540 2223 subruit
1552 2166 1621 2233 lllic;

1003 2260 1115 2315 Ducitur
1129 2267 1156 2315 et
1171 2257 1264 2314 lamuli
1286 2258 1330 2312 uix
1343 2256 1474 2313 Dominus
1501 2256 1636 2312 manibus.

968 2350 1070 2421 Aspicit
1087 2350 1132 2406 bie
1155 2357 1246 2405 uester
1267 2347 1394 2419 rjejunia
1408 2347 1488 2418 longa
1505 2346 1651 2421 legentum,

1003 2442 1091 2512 Atque
1107 2440 1194 2510 epulis
1207 2440 1295 2510 pascit
1304 2438 1394 2494 sobria
1408 2439 1489 2495 eorda
1504 2438 1599 2493 saeris.

968 2530 1007 2586 dd
1018 2538 1052 2592 te,
1069 2529 1186 2597 Christe,
1205 2544 1300 2599 preces
1316 2530 1435 2595 ueniant,
1452 2528 1607 2595 mitissime,
1623 2535 1731 2594 nostrae,

1002 2620 1042 2676 nd
1065 2637 1114 2677 nos
1130 2621 1256 2676 adveniat
1270 2620 1366 2692 gratia,
1380 2617 1500 2687 Christe,
1515 2628 1560 2674 tua
1575 2629 1598 2672 ⁸.
1650 2686 1654 2692 ι

968 2742 1055 2790 vm.
1072 2742 1117 2791 t!
1135 2742 1399 2804 ΙΟΙΙΙΞῌΙΙΟ
1413 2743 1591 2808 quim..
1608 2741 1676 2790 GU!
1690 2741 1758 2793 Νι·

1184 2814 1336 2863 ΕῦΙΙῦΙ
1352 2812 1543 2862 turim.

1328 2913 1405 2970 CVll.

1181 3007 1189 3042 ⁸
1203 3004 1252 3060 dtr·
1265 3005 1325 3059 libri
1346 3006 1541 3060 custodiuntur.

934 3097 1085 3169 cl’arvula
1109 3103 1179 3149 tecta
1206 3103 1298 3150 tenent
1311 3094 1431 3150 coelestis
1448 3095 1518 3150 dona
1532 3093 1650 3163 sophie,

1005 3187 1070 3254 Qum
1095 3195 1134 3252 tu,
1158 3185 1242 3240 lector
1255 3200 1349 3251 ovans,
1375 3184 1635 3255 pectorediscepio.

970 3280 1100 3337 Oorrribus
1115 3286 1157 3334 est
1175 3279 1249 3349 gazis
1272 3277 1367 3333 melior
1377 3276 1509 3347 sapientia
1518 3275 1607 3342 donis,

1004 3370 1090 3437 Quam
1103 3369 1182 3424 modo
1205 3368 1251 3439 qul
1265 3366 1386 3438 sequitur
1400 3366 1468 3422 lucis
1494 3363 1603 3421 habebit
1612 3363 1674 3422 lter.

1328 3456 1416 3513 Cttll.

1250 3549 1290 3605 Ad
1304 3565 1470 3620 campanam.

969 3639 1082 3709 Semper
1095 3640 1122 3695 in
1152 3649 1281 3696 aeternum
1297 3638 1380 3695 iaciat
1392 3640 1451 3695 heee
1463 3639 1566 3695 clocula
1577 3648 1680 3696 tanturn

969 3729 1110 3794 Carmina;
1132 3730 1180 3785 sed
1190 3735 1299 3783 resonet
1308 3728 1386 3783 nobis
1395 3729 1466 3783 bona
1478 3728 1568 3784 clocca
1583 3744 1719 3786 cocorum.

1333 3819 1400 3875 Clll.

1088 3913 1129 3967 dd
1142 3913 1228 3966 locem
1246 3927 1260 3965 e
1274 3926 1325 3980 quo
1346 3910 1381 3963 ad
1394 3926 1511 3964 mearam
1524 3909 1629 3979 tepitar.

968 4005 1110 4061 Fratribus
1127 4019 1161 4060 ex
1172 4003 1226 4058 alta
1245 4009 1354 4057 reseret
1374 4001 1446 4057 bona
1458 4011 1472 4040 ¹¹
1498 3999 1579 4056 lectio
1592 4002 1667 4068 sede,

969 4096 1122 4151 Exhortans
1150 4094 1255 4149 animos
1268 4107 1375 4163 semper
1393 4091 1526 4148 meditare
1549 4107 1675 4164 superum.

1009 4250 1017 4290 ¹
1035 4251 1123 4308 Locus
1137 4260 1290 4322 cormptus.

1005 4335 1025 4362 ιι
1042 4321 1186 4393 Sequimur
1208 4321 1412 4379 celeberrimum
1435 4320 1627 4384 llabillonium,
1655 4320 1700 4390 qui
1727 4329 1753 4374 et

970 4393 1088 4462 ipsehoc
1108 4394 1274 4465 epigramma
1291 4392 1324 4448 de
1345 4390 1542 4447 cormaricensi
1555 4389 1620 4446 cella
1645 4389 1747 4514 menig

162 4475 176 4515 ‘¹
197 4475 388 4547 Angilramnus
406 4477 547 4546 episcopus
560 4475 610 4531 luit
632 4474 768 4541 lletcnsis,
793 4475 838 4546 qui
850 4475 917 4531 obiit
929 4459 956 4521 D
968 4464 1220 4529 dellefflelislifflul,
1236 4461 1296 4517 det.
1313 4462 1375 4526 SS·‚
1387 4477 1448 4516 ⁵³2⁰·
1462 4476 1499 4528 lv,
1509 4468 1579 4531 parl-
1591 4474 1680 4533 ιιιιε·
1694 4460 1726 4513 Π
1747 4499 1754 4514 ·

127 4560 200 4601 arum
212 4546 260 4600 ibi
292 4555 319 4600 et
335 4549 453 4617 sepultus
467 4556 508 4602 est
519 4548 545 4601 in
557 4547 721 4602 monasterio
733 4547 818 4602 sancti
830 4547 919 4602 Nabo-

127 4617 178 4681 ris,
199 4616 253 4670 alio
272 4620 380 4673 nortliue
403 4617 576 4673 Nouo-Cella.

164 4687 289 4753 ‘Forte
317 4705 431 4742 sucrum.

165 4756 176 4797 ¹
197 4756 295 4827 Rapuit
320 4775 390 4812 mors
404 4758 521 4829 improba
535 4755 652 4811 Putrem.
678 4757 716 4810 Ex
734 4757 777 4811 lris
794 4756 917 4811 conluta-

125 4835 173 4884 tur
188 4826 308 4885 calculus
320 4829 464 4892 Meruisse,
488 4829 534 4897 utri
550 4827 716 4897 Aurgilramni
731 4828 917 4895 pontilicatum

126 4899 254 4953 aeritam
286 4907 394 4971 rorogat
412 4900 445 4955 ad
461 4898 624 4952 anuumtiltb
637 4896 681 4951 lon
700 4911 715 4950 e
734 4905 795 4964 post
814 4896 916 4951 obitum

127 4967 233 5023 Aletrini
264 4915 343 5039 Koios
370 4969 499 5040 epitaplrii
528 4967 646 5022 auctoris
664 4909 792 5038 (flattu,
818 4965 836 5018 l.
858 4967 916 5032 cit,

124 5038 277 5110 aea-³⁰³)

165 5112 178 5148 ⁸
202 5108 267 5179 ch.
292 5108 386 5163 Vasco.

162 5178 241 5232 hliis
257 5189 373 5250 septena,
396 5189 448 5233 etr.
464 5177 492 5232 ld
516 5185 567 5242 est,
596 5175 799 5247 quatuordecim
820 5191 918 5232 versus

125 5248 228 5320 prioris
245 5251 375 5305 carminis
395 5250 456 5304 llil.

167 5320 173 5358 ἰ
198 5319 339 5374 liutrirtus.
368 5318 520 5389 Lugendum
545 5315 667 5371 fortassis
692 5314 859 5370 Batttlstaaet
882 5318 918 5372 si·

125 5387 257 5459 gnideare
281 5391 406 5444 ridentur
429 5404 494 5442 rasa
518 5388 636 5448 vinaria,
662 5394 786 5454 septenos
813 5385 915 5440 ealiees

126 5468 294 5529 serr-septem
311 5468 399 5514 inertas
423 5474 566 5514 mensuras
580 5458 727 5527 capientes.
742 5455 802 5511 l'id.
827 5454 915 5512 Gloss.

126 5526 268 5584 walcheri
293 5544 359 5585 uoce
384 5529 470 5583 liuttc.
492 5528 615 5598 liucange
638 5541 703 5583 voce
721 5523 804 5580 Burro
815 5533 841 5581 ιι
858 5526 915 5581 lirr-

126 5600 229 5653 ιιιίιιιιι.

166 5667 174 5717 i
199 5668 289 5733 Forte,
308 5686 334 5722 re
353 5677 425 5723 tenos
444 5671 546 5724 culices.

163 5736 289 5807 illicce,
318 5687 412 5798 lyrano.

1005 4544 1018 4572 ¹¹
1032 4534 1124 4600 Forte,
1141 4534 1292 4604 vatiferem,
1305 4532 1386 4586 idest
1400 4540 1497 4585 eatam.

1006 4611 1018 4640 ⁰
1035 4605 1119 4671 Edit,
1141 4606 1272 4675 eaoplrico,
1287 4600 1400 4663 blabill,
1413 4599 1587 4671 tineosoplrica.

1007 4675 1130 4740 niorto,
1155 4673 1242 4727 coluit.

1004 4744 1118 4806 audit,
1148 4739 1361 4811 Siupulopiatieu.

1006 4813 1125 4878 ‘Forte
1149 4826 1246 4880 uesper.

1005 4893 1015 4921 ¹
1036 4881 1086 4937 llic
1115 4879 1325 4949 abrumpendum
1341 4877 1434 4933 censui
1451 4891 1562 4932 carmen
1585 4876 1636 4932 198
1651 4878 1678 4932 iu
1689 4878 1755 4932 edit.

969 4950 1145 5019 Quercetani;
1169 4949 1240 5019 quod
1264 4947 1402 5018 sequentia
1429 4962 1490 5002 eum
1535 4947 1652 5002 rioribus
1675 4945 1758 5017 plano

967 5037 1021 5076 non
1039 5022 1201 5085 cohaereant,
1227 5026 1255 5074 et
1269 5018 1314 5073 hic
1328 5018 1407 5074 solita
1429 4963 1546 5099 clausula
1561 5016 1691 5098 carminis
1708 5030 1756 5085 pr)-

969 5092 1019 5147 sita
1039 5093 1082 5145 sit.
1097 5090 1212 5145 Cannen
1235 5104 1298 5144 uero
1310 5089 1460 5143 subnexum
1474 5088 1521 5151 rbr,
1536 5101 1650 5154 aenigma
1664 5093 1706 5141 est
1718 5085 1753 5140 de

967 5159 1088 5225 fornace,
1101 5160 1172 5284 ιζιοιι
1185 5160 1246 5215 vide
1257 5159 1370 5214 inlerius
1381 5159 1451 5213 inter
1459 5156 1510 5210 alia
1523 5155 1665 5232 aenigmata
1676 5169 1753 5213 oum.

967 5230 1017 5338 fil
1036 5230 1139 5356 ᾗιίἓῖει
1152 5299 1244 5355 titulus
1257 5296 1338 5367 liutius
1352 5295 1480 5352 carminis
1494 5294 1520 5348 in
1532 5293 1591 5349 eod,
1601 5308 1653 5349 ms.
1669 5290 1754 5348 Salis-

967 5370 1105 5442 burgeusi,
1133 5385 1187 5439 quo
1206 5369 1247 5423 usi
1265 5382 1366 5423 suiuus.
1393 5364 1538 5435 Sequemia
1555 5364 1608 5419 dato
1632 5362 1753 5417 carmina

967 5440 1100 5495 ineodern
1112 5439 1171 5496 cod.
1200 5436 1399 5499 carenttitulis,
1427 5450 1443 5490 a
1454 5433 1537 5503 priori
1557 5440 1646 5488 tamen
1664 5431 1754 5487 divisa

967 5519 1038 5573 sunt,
1059 5525 1120 5580 qrrae
1139 5510 1165 5565 iu
1178 5509 1242 5563 edit.
1262 5507 1386 5574 Quercet.
1409 5519 1483 5561 num.
1496 5502 1551 5559 205
1563 5501 1678 5558 indivise
1689 5516 1754 5557 eur·

967 5589 1092 5716 rufltlls,
1104 5664 1190 5704 ruera.
