3780 6120
186 252 239 314 rit
611 254 640 308 lt.
661 253 691 308 F.
711 254 823 311 statu
843 249 1065 308 separemur
1092 249 1233 305 ossuum
1252 250 1342 305 PARS
1360 251 1403 306 lll.
1714 259 1720 271 ·
1754 247 1807 303 116

187 372 241 428 tias
253 368 337 426 licant
350 383 413 422 vere
433 383 502 431 osse,
525 368 595 421 sicot
616 365 636 420 F
639 366 714 422 ilium
734 368 844 422 unicum
862 372 970 428 natura,
986 372 1006 423 t
1022 362 1066 418 illa
1079 377 1138 431 noae
1150 364 1303 419 nouissimis
1319 365 1484 435 temporibus
1496 380 1529 420 ex
1542 365 1651 437 Virgine
1662 365 1732 420 lacta
1744 381 1811 420 oon·

185 458 332 516 secundum
351 456 423 528 qaod
443 455 543 510 iactum
564 464 606 509 est
619 455 736 509 Verium
755 468 830 518 earo,
851 462 880 507 ει
900 467 974 507 εοιιι·
1024 454 1137 523 cipitur?
1147 453 1334 524 Expositorem
1347 464 1373 510 te
1386 454 1534 510 alienorum
1546 457 1678 511 dictorum
1688 455 1810 526 jactitas,

187 547 334 604 manicavit
356 545 477 617 proxime
497 545 574 600 nobis
596 545 725 614 sanguiue
748 551 776 597 ct
794 557 887 605 earne,
910 557 974 596 aua·
1024 559 1084 599 eom
1103 545 1147 599 vix
1168 561 1288 614 uuquam
1313 555 1359 600 tua
1380 554 1453 601 recte
1477 546 1599 617 prolerre
1622 547 1752 617 potueris.
1768 544 1810 602 lle

186 639 277 692 thema
290 636 334 691 sit.
352 656 361 688 ι
381 634 442 690 llaec
456 635 529 690 enlm
548 642 590 689 est
608 634 653 689 hle
676 633 703 688 iu
725 632 850 704 presenti
871 646 974 687 merces
1023 650 1129 704 quoque
1142 636 1242 706 arguis,
1258 637 1303 705 qui
1317 636 1363 691 ubi
1379 646 1454 692 recte
1467 639 1618 708 arguendus
1631 653 1702 702 sum,
1717 651 1807 692 emen.

188 726 287 783 {abillis
300 726 348 781 toi.
364 725 457 792 Qualis
468 733 558 779 aulem
579 722 669 777 fllium
692 723 726 778 ⁸3¹
748 721 896 777 abeodem
916 723 974 791 illw
1024 728 1082 784 dari
1104 744 1157 783 uon
1182 727 1294 799 refugio,
1316 727 1363 782 sed
1386 728 1475 797 potius
1501 726 1624 782 desidero
1645 734 1674 781 et
1695 726 1810 782 multum

186 811 1812 889 mmmmmmwmfflwmmwwlmwmfflwffifflmmmmmmmm

188 914 270 961 ΜΘΗ]
284 905 402 960 θῑῑθῑθῑῑθ
415 913 443 959 0²
458 910 619 974 mmmm
637 900 750 956 ⁰⁰inss
763 901 882 955 idifflefe
895 913 975 954 0⁰⁰0·
1024 911 1145 982 cupiunt,
1160 911 1270 965 omnino
1284 910 1370 980 magis
1383 925 1460 964 suam
1478 908 1640 979 imperitiam
1653 907 1812 974 ostendunt,

188 997 239 1063 sii·
256 1004 281 1048 ω
298 995 355 1064 59⁸0
367 993 494 1063 probahis
508 991 616 1061 l⁰³⁰d⁰
628 1000 690 1044 ³¹¹oe
705 988 821 1045 tribunal
834 989 892 1058 01⁰⁵
902 986 975 1056 iudi·
1024 1016 1085 1070 quae
1103 999 1172 1054 lorte
1187 999 1292 1054 occulta
1307 997 1402 1053 fuisset
1423 998 1446 1052 si
1471 998 1627 1060 tacuissent,
1649 996 1721 1051 sicut
1744 997 1798 1050 scri

186 1087 288 1140 condus
309 1083 421 1138 astabis.
443 1080 612 1150 Snlrjunguut
634 1094 740 1148 qaoque
758 1076 862 1149 praeiaii
882 1079 975 1134 Palles
1025 1095 1099 1159 ptum
1113 1096 1174 1143 est:
1192 1084 1307 1152 Stultos,
1329 1087 1350 1139 si
1376 1088 1497 1150 tacuerit,
1521 1086 1624 1155 sopiens
1650 1084 1813 1155 reputabitur

186 1176 220 1229 oe
233 1163 327 1228 cadero
341 1187 370 1227 re
381 1172 520 1226 dicentes:
540 1189 549 1220 ι
564 1170 622 1226 Non
636 1171 706 1225 stent
720 1170 746 1224 in
758 1169 835 1225 nouis
845 1169 976 1224 inhabitat
1025 1179 1115 1250 (Pron.
1129 1194 1201 1243 xvir,
1215 1176 1271 1247 rs).
1285 1175 1402 1230 Grandis
1415 1184 1457 1230 ess
1474 1174 1545 1230 enirn
1566 1174 1677 1228 statoria
1693 1175 1763 1230 verte
1786 1181 1813 1228 re

185 1248 268 1330 Deus,
282 1263 322 1318 sie
334 1270 362 1317 θῑ
379 1261 407 1317 ῑῦ
421 1261 539 1318 Chrisw·
555 1262 626 1317 Deus
637 1262 708 1316 essim
722 1270 781 1316 efai
795 1261 852 1331 lise
866 1270 976 1317 milla·
1024 1269 1147 1342 prolerre
1160 1269 1343 1325 testimoniam
1356 1266 1427 1337 quod
1441 1282 1490 1336 per
1502 1267 1591 1319 omnia
1606 1274 1701 1319 contra
1715 1272 1813 1319 temet-

184 1352 1813 1431 dmmmmmmmwmmmffl·wmmmmmmffimmmmm

185 1445 247 1509 lius,
263 1455 290 1500 ει
300 1445 405 1515 quaudo
419 1444 504 1499 lactus
515 1453 556 1499 est
567 1460 641 1500 caro.
655 1445 705 1512 Qui
719 1445 800 1516 igitur
811 1452 976 1517 presumunt
1025 1451 1177 1507 testimonis
1193 1450 1219 1503 in
1243 1449 1296 1503 tuis
1307 1446 1415 1517 scriptis
1434 1446 1605 1508 inveniuntur
1618 1444 1732 1515 prolata,
1746 1459 1814 1514 guo·

186 1536 276 1591 dicere
290 1533 426 1589 Deilorum
441 1534 576 1589 homiuem
596 1548 658 1589 eum
672 1550 743 1600 esse,
765 1542 793 1590 et
814 1550 866 1588 non
888 1534 976 1605 potios
1025 1557 1085 1595 rum
1098 1542 1220 1612 quaedam
1235 1554 1285 1594 nec
1304 1537 1350 1592 tibi
1369 1552 1476 1601 nocere,
1497 1550 1547 1590 nec
1569 1532 1659 1589 lavere
1676 1535 1814 1599 ridentur,

184 1627 387 1681 lolrurnauatum
411 1623 511 1689 ocum,
535 1624 689 1679 necessario
714 1623 892 1679 succumbunt
911 1638 975 1677 ana·
1026 1644 1076 1685 nse
1096 1629 1206 1684 omniuo
1220 1627 1253 1682 sti
1277 1641 1333 1681 ism
1358 1624 1499 1696 praessntis
1521 1623 1710 1694 disputationis
1730 1623 1814 1694 perti.

185 1713 307 1769 tlreruati.
326 1731 336 1764 r
991 1711 1013 1771 B
1026 1728 1103 1784 nenti
1116 1719 1188 1789 quod
1198 1717 1357 1773 certissime
1369 1716 1526 1785 ignorantiae
1537 1713 1665 1768 indicium
1677 1723 1728 1770 est.
1738 1713 1814 1782 Qoae·

222 1802 264 1857 lll.
285 1802 368 1858 iiior
386 1818 451 1858 vero
471 1816 555 1872 qnare
574 1801 745 1857 introducere
759 1818 857 1858 uorum
872 1817 975 1857 nuncu·
1025 1809 1087 1866 tiam
1110 1823 1175 1864 vero
1195 1807 1234 1863 sic
1254 1822 1270 1862 a
1295 1815 1322 1861 te
1345 1815 1493 1876 ponuntur,
1513 1814 1545 1860 ut
1565 1813 1655 1859 mareu
1674 1804 1814 1860 nobiscnm

184 1894 301 1965 potionis
324 1895 351 1948 ln
374 1895 480 1953 Christo
503 1910 599 1950 nomen
621 1911 675 1950 uon
700 1897 812 1961 timeas,
838 1912 899 1950 oum
924 1897 975 1951 hoe
1025 1908 1116 1970 agant,
1129 1906 1157 1952 et
1172 1897 1221 1952 tibi
1243 1911 1392 1967 repugnare
1415 1904 1507 1967 aprerta
1523 1895 1813 1966 ueritateprolraotur:

185 1984 273 2055 ipsum
294 1995 480 2043 antecessores
501 1987 539 2041 toi
561 1988 679 2042 haeretici
694 1996 854 2059 usurpantes
871 1987 905 2042 ab
925 1987 975 2042 lie·
1024 1991 1105 2059 qrrrrd,
1121 1999 1150 2044 ut
1163 1988 1346 2060 praediximus,
1360 1988 1480 2043 stultitiae
1493 2002 1548 2042 non
1564 1987 1683 2042 minimae
1701 2001 1746 2041 res
1760 1996 1813 2052 est,

185 2077 275 2132 clesiae
289 2074 600 2134 luissentcomrm'urlouc
615 2079 702 2135 dirisi.
717 2080 761 2134 Ait
774 2095 889 2149 natuque
903 2081 975 2134 idem
1026 2091 1051 2135 te
1073 2096 1148 2133 arma
1170 2079 1325 2133 adversario
1339 2078 1502 2132 ministrare.
1523 2076 1650 2144 Quendam
1672 2085 1763 2131 antem
1778 2077 1816 2133 ita

186 2166 281 2223 beatus
293 2164 408 2240 Cgrillus
421 2185 427 2220 :
445 2184 454 2218 ι
471 2167 619 2224 Careamus
630 2183 694 2241 ergo
705 2171 737 2224 de
749 2169 856 2225 Christo
867 2170 974 2225 dicere:
1025 2173 1172 2243 protulisti,
1184 2180 1214 2226 ut
1225 2181 1326 2237 tameo,
1336 2171 1389 2226 uisi
1401 2185 1601 2241 corrumperes,
1613 2178 1640 2226 te
1651 2171 1817 2227 nullomodo

185 2265 297 2326 proptor
316 2267 499 2314 assumentem
522 2273 638 2315 ueneror
660 2269 842 2330 assumptum,
866 2269 894 2315 et
914 2275 976 2330 pro-
1026 2261 1155 2333 adjuvare
1179 2263 1349 2327 riderentur;
1364 2261 1436 2330 quod
1460 2261 1569 2315 omnino
1593 2260 1731 2316 malevola>
1750 2277 1816 2317 coo-

185 2357 247 2422 pter
261 2348 422 2407 invisibilem
435 2351 518 2406 adoro
536 2351 679 2406 visibilem.
697 2372 706 2403 r
728 2351 898 2406 llorrendum
913 2365 976 2406 uero
1026 2352 1146 2408 scientiae
1160 2352 1255 2406 titium
1269 2366 1328 2406 csse
1344 2351 1528 2419 dignoscitur:
1545 2350 1700 2420 inquorum
1715 2351 1816 2421 primo,

187 2456 268 2510 super
281 2441 333 2496 hoe
344 2442 426 2496 etlam
447 2441 511 2497 illud
526 2442 662 2514 arliicitls:
680 2462 688 2493 ι
706 2443 756 2511 Qni
770 2452 910 2515 susceptus
922 2453 975 2510 cst,
1027 2452 1056 2496 ot
1077 2442 1204 2507 diximus,
1222 2449 1246 2495 tc
1265 2442 1449 2512 ignorantem,
1470 2441 1495 2494 iu
1518 2439 1603 2495 altero
1624 2439 1770 2504 indoctum,
1786 2441 1816 2496 in

186 2544 248 2586 curn
273 2544 306 2584 eo
327 2531 371 2598 qui
395 2533 529 2602 suscepit,
553 2544 775 2604 connuncupatur
797 2535 876 2590 nens.
897 2556 906 2588 ι
924 2535 975 2603 Qui
1027 2532 1109 2587 tertio
1132 2547 1196 2586 vero
1220 2530 1381 2586 malevolum
1404 2531 1555 2586 ostendisti.
1579 2530 1729 2587 Mirandum
1750 2547 1817 2604 ergo

186 2618 259 2672 euim
275 2620 332 2675 haec
346 2619 421 2686 dicit,
444 2621 539 2677 diridit
560 2622 610 2696 [iu]
633 2624 700 2680 riuos
711 2624 833 2680 Christos
848 2641 909 2681 eum
930 2625 976 2695 qul
1026 2633 1078 2688 est,
1092 2623 1132 2678 rel
1149 2622 1234 2692 magis
1248 2621 1403 2686 dolendum,
1418 2636 1466 2676 eur
1480 2621 1580 2677 audeas
1597 2632 1751 2677 sanctorum
1764 2621 1818 2676 Pa-

186 2723 257 2764 unus
268 2717 325 2774 est,
339 2711 476 2770 lrominem
491 2728 612 2770 scorsum
627 2715 653 2770 in
668 2726 787 2786 partem,
801 2727 828 2773 et
840 2716 925 2772 Deum
940 2718 977 2773 sl·
1027 2723 1099 2769 trum
1114 2715 1277 2770 lucidissima
1294 2713 1448 2768 testiurouia
1463 2729 1647 2785 corrumpere,
1673 2715 1818 2771 immutare

186 2797 288 2854 militer
306 2800 332 2854 in
347 2809 450 2871 partem
467 2805 650 2870 eorrstitocns;
670 2805 810 2862 euidenter
823 2808 895 2862 enim
910 2807 978 2862 diri·
1027 2817 1055 2863 et
1069 2807 1095 2861 in
1109 2806 1189 2861 aliurn
1207 2806 1353 2861 transferre
1369 2820 1477 2860 sensum
1491 2820 1573 2874 quam
1588 2805 1625 2861 illi
1642 2805 1688 2876 qui
1701 2805 1819 2875 scripse·

187 2890 227 2948 tiit
247 2892 385 2946 urrltatem.
404 2892 462 2949 lion
480 2909 544 2964 crgo
558 2895 627 2951 alter
641 2912 702 2951 cum
718 2896 804 2952 altero
817 2897 978 2953 coadoratur
1029 2905 1100 2961 ruut,
1123 2906 1280 2968 posuerunt,
1294 2897 1363 2951 sicut
1377 2896 1456 2965 paulo
1470 2904 1532 2950 aute
1545 2905 1571 2950 te
1585 2893 1681 2952 iecisse
1693 2895 1816 2966 probari«

188 2991 236 3041 out
249 2997 470 3057 connuncupatur
481 2989 567 3058 Deus;
584 2991 631 3046 scd
645 3007 714 3047 uurrs
727 2991 885 3063 intelligitur
896 2991 976 3049 Clari·
1031 3005 1100 3056 mos,
1115 2998 1142 3044 et
1159 2987 1294 3043 inmollis
1314 2996 1423 3041 tuarum
1445 2986 1595 3042 litterarum
1614 2987 1680 3045 locis
1703 2987 1819 3043 inveniri

189 3057 1128 3156 mssmsfflmddmwmmummfflmewmcmmt

188 3174 297 3246 propria
312 3191 393 3230 carue
407 3180 575 3234 venerandos
591 3198 597 3234 ι
614 3181 659 3236 uiri
681 3182 752 3236 cuirn
766 3192 808 3238 est
826 3183 896 3238 nuda
911 3199 976 3238 nuu·
1065 3171 1097 3226 V·
1118 3171 1156 3226 ⁰0
1170 3179 1265 3227 ⁵³ss⁰l⁰
1278 3185 1395 3239 Uimque
1409 3168 1558 3224 3²¹¹³¹¹³⁵l⁰
1573 3167 1756 3224 lesfifflffllillffl
1771 3182 1820 3237 1³⁰·

188 3263 306 3343 capsis,
319 3263 355 3325 isi
370 3266 460 3325 sotiis
470 3269 593 3327 inritatis
605 3269 746 3342 desipitis
756 3280 806 3329 est,
819 3271 872 3327 sei
886 3286 979 3326 ist-era
1030 3264 1107 3319 suisti
1130 3264 1201 3333 quod
1217 3271 1289 3318 tuam
1311 3271 1413 3316 sectam
1432 3260 1550 3316 marimo
1565 3260 1699 3316 destruit:
1714 3267 1742 3314 et
1755 3260 1819 3316 dum

189 3357 359 3412 incarnatum
378 3359 492 3416 dicimus
507 3362 673 3431 unigenitum
694 3361 791 3417 Filium
807 3361 855 3417 lter
876 3369 980 3416 secreto
1030 3356 1099 3413 lorte
1119 3355 1283 3424 iutelligeres
1301 3355 1422 3423 qrraudam
1438 3353 1465 3407 in
1488 3351 1546 3421 ejus
1562 3351 1724 3406 testimoniis
1739 3351 1821 3407 verba

188 3447 274 3526 849
288 3448 334 3502 illo
348 3450 475 3521 mysterio
488 3449 559 3520 quod
578 3452 634 3521 ipse
654 3452 728 3507 solos
746 3453 831 3506 novit.
853 3451 979 3506 Nostrum
1031 3449 1084 3503 tuis
1098 3447 1220 3503 sensibus
1235 3445 1369 3501 contraria
1386 3459 1455 3508 esse,
1476 3443 1591 3498 omisisti
1614 3443 1641 3496 lu
1655 3441 1745 3496 medio
1760 3455 1820 3509 (tuor

191 3552 307 3607 natuque
319 3545 360 3592 est
380 3539 501 3603 eredere,
522 3540 593 3595 illius
615 3555 704 3596 nosse.
726 3540 802 3607 Quod
822 3551 850 3596 tu
870 3542 980 3598 omuino
1031 3539 1079 3603 ait,
1095 3553 1127 3592 ne
1142 3545 1236 3592 eouua
1251 3544 1278 3589 te
1303 3536 1389 3604 ipsum
1414 3534 1505 3588 dicere
1522 3531 1662 3586 uidereris.
1687 3529 1822 3584 Ponamos

189 3627 288 3689 olrlitus
308 3630 415 3686 conaris
438 3629 502 3686 illud
525 3631 629 3691 ratione
651 3632 813 3704 investigare
835 3636 907 3706 qnod
930 3635 981 3692 lule
1031 3633 1122 3700 itaque
1148 3628 1254 3700 plcuum
1282 3627 1352 3682 illius
1383 3626 1561 3691 sententiam,
1596 3632 1627 3678 ut
1661 3629 1823 3690 agnoscatur

189 3714 1823 3797 mmmmmmmmmmmmdmwmmmfflwfflmmmmm

189 3811 261 3874 Deus
283 3812 330 3867 llel
351 3811 479 3878 Verium,
500 3821 587 3872 totam
606 3814 755 3885 suscipiens
773 3817 844 3887 quod
865 3817 982 3873 hominis
1032 3826 1091 3868 esse
1102 3808 1384 3880 positumiutclligitur
1394 3806 1433 3878 (S.
1443 3805 1640 3876 Athan.,epiat.
1652 3803 1686 3856 od
1698 3801 1821 3872 Epictet,

190 3915 251 3974 est,
265 3922 344 3963 uerus
358 3908 439 3963 horno
458 3908 545 3964 iaetus
559 3908 609 3974 sit,
626 3916 653 3964 et
665 3917 802 3979 assumpta
816 3907 979 3970 humanitas,
1032 3918 1060 3957 n.
1073 3901 1111 3956 ΞΡ.
1129 3919 1138 3950 ι
1152 3897 1290 3970 Quomodo
1304 3905 1410 3961 auteur,
1425 3895 1527 3964 iuquit,
1550 3894 1688 3963 arnbigere
1710 3891 1821 3953 audent,

190 4007 276 4057 totum
290 3999 425 4070 accipiens
437 4000 509 4070 nuno
520 4000 568 4057 Dei
582 4009 638 4064 cst,
656 4000 728 4054 aliod
744 4017 822 4072 qnam
836 4001 908 4056 ileos
922 4015 982 4056 esse
1032 3992 1078 4063 qni
1097 3992 1220 4047 dicrnuur
1243 3987 1406 4051 Christiani,
1426 3987 1459 4050 si,
1476 3986 1522 4054 riui
1534 4001 1568 4040 ex
1592 3983 1676 4040 llario
1690 3983 1824 4055 processit

191 4102 245 4143 nou
259 4088 353 4157 possit.
1032 4081 1114 4146 Deus,
1140 4080 1223 4134 Filius
1238 4078 1345 4147 quidem
1366 4086 1462 4130 tratura
1483 4084 1511 4129 et
1532 4073 1681 4132 substantia
1705 4073 1751 4127 ilci
1769 4082 1822 4133 est,

226 4176 271 4234 tv.
291 4176 354 4232 llilri
377 4192 484 4249 quoque
498 4179 594 4249 objicis
609 4195 661 4234 non
676 4189 750 4236 recte
770 4179 982 4236 intellexissetis
1033 4172 1178 4226 secruulurn
1202 4185 1310 4223 caruem
1333 4176 1469 4224 antemos
1492 4166 1595 4222 semiue
1611 4163 1694 4218 David
1709 4171 1767 4227 est,
1789 4178 1821 4217 er

192 4282 246 4336 qrra
269 4274 365 4320 natura
388 4267 484 4323 beatum
506 4268 654 4341 Gregorius
674 4271 797 4336 dixisset,
820 4287 881 4326 cum
897 4273 979 4326 aito:
1032 4277 1113 4317 carue
1129 4271 1218 4315 arrtruu
1241 4267 1339 4315 sanctu
1358 4257 1463 4312 linunt
1480 4280 1488 4309 ι
1504 4256 1561 4311 lloc
1574 4264 1663 4313 autem
1683 4254 1755 4323 quod
1777 4269 1822 4307 se·

196 4375 205 4406 t
219 4354 298 4410 Aliud
313 4356 714 4429 esiltominesnaiosgt·piiaffl
735 4360 887 4432 adoptionis
908 4361 981 4415 acci.
1033 4352 1125 4422 quitur
1150 4350 1276 4412 tztcrt'tstl,
1302 4349 1373 4417 (illoti
1403 4356 1455 4402 iuae
1484 4346 1637 4401 sicutissime
1661 4342 1825 4399 commilitii

192 4460 267 4516 pere,
283 4445 356 4504 aliud
370 4461 452 4502 unum
467 4447 639 4518 singulariter
651 4463 701 4518 per
722 4447 869 4503 divinitatis
887 4459 982 4519 poteo·
996 4413 1019 4470 ὓ
1032 4455 1121 4497 sectr.
1140 4461 1148 4491 ι
1163 4441 1231 4508 Quid
1245 4448 1335 4495 autem
1350 4448 1440 4510 putas,
1451 4439 1502 4502 ³58.
1519 4436 1655 4492 lelsselaffi
1671 4434 1734 4490 facil
1747 4442 1823 4497 sunl»

193 4538 258 4593 tiam
272 4537 356 4594 ileum
370 4553 402 4593 er
419 4539 477 4612 ipso
497 4546 627 4608 conceptu
641 4539 789 4609 prodiisse:
806 4559 815 4591 ι
833 4537 866 4592 Ει
880 4539 982 4610 gratias
1030 4539 1060 4586 ut
1073 4532 1193 4586 dicerent
1210 4529 1357 4596 Christum,
1372 4529 1417 4599 qni
1432 4542 1512 4582 carue
1525 4541 1621 4598 passus
1637 4534 1717 4581 estet
1731 4525 1822 4579 cruci-

193 4626 251 4695 ogls
264 4628 335 4698 quod
350 4637 378 4689 tu
391 4628 514 4683 camdem
536 4628 697 4685 senteutiam
719 4630 815 4683 ruelius
832 4628 981 4684 intellexis-
1031 4623 1111 4687 llsus,
1126 4637 1178 4676 uou
1192 4635 1252 4674 esse
1264 4620 1408 4674 Dominum
1419 4618 1586 4673 Salsamrem
1601 4626 1628 4670 et
1639 4616 1723 4670 ileum
1737 4621 1765 4668 et
1781 4613 1826 4669 li·

193 4704 1822 4793 mmmmmmmmmemmfflmlmmwmfflwmfflmmfflmmwl

193 4822 254 4866 esse
269 4808 396 4864 adirmas.
412 4810 464 4867 Sed
478 4812 540 4883 quis
552 4813 588 4867 sit
599 4812 645 4885 qui
661 4813 872 4884 perpotentiam
886 4811 982 4866 divini·
1031 4806 1077 4877 qui
1097 4804 1228 4859 dicuntia
1243 4801 1378 4857 hommem
1396 4799 1547 4872 [sanctum,
1564 4799 1674 4870 perinde
1693 4806 1776 4866 atque
1795 4796 1823 4850 in

193 4903 257 4958 tatis
267 4902 337 4957 oens
349 4912 494 4973 conceptus
506 4905 550 4969 sit,
563 4917 688 4975 agnosce.
696 4903 764 4959 Nam
775 4904 807 4960 dc
817 4905 906 4959 divina
919 4902 978 4958 riri
1032 4913 1114 4952 unum
1129 4895 1320 4968 prophetarum
1340 4893 1445 4947 venisse
1466 4890 1593 4954 Verbum,
1610 4904 1658 4943 uec
1672 4888 1760 4959 ipsum
1775 4888 1825 4941 lro-

193 4988 242 5048 nei
256 4990 396 5046 divinitate
418 4991 471 5047 dici
494 4993 629 5060 quomodo
648 5001 746 5065 potest,
761 4995 832 5069 quod
849 5001 979 5062 conceptu
1033 4986 1144 5060 ruitum]
1161 4988 1271 5050 lactum,
1287 4993 1438 5041 sumentem
1454 4998 1487 5037 ex
1503 4981 1584 5036 llario
1598 4997 1711 5051 rorpus;
1728 4980 1775 5034 scd
1787 4979 1825 5032 al·

194 5081 356 5153 prodiisset?
370 5079 636 5138 consectarium
657 5100 734 5140 suum
756 5085 921 5154 unigenitum
936 5102 981 5158 gc·
1033 5088 1120 5134 terrun
1134 5093 1193 5132 esse
1208 5075 1354 5138 Christum.
1367 5084 1394 5130 et
1410 5075 1525 5128 tiletum
1548 5074 1595 5129 [lei
1612 5073 1740 5134 lethum,
1753 5071 1826 5140 tilt'ttl

194 5174 267 5241 nuitt
289 5191 343 5232 troo
365 5191 399 5231 ex
428 5174 540 5230 alterius
563 5182 692 5247 conceptu
718 5177 877 5250 cujuslilct;
901 5186 981 5246 atque
1034 5179 1096 5225 autc
1112 5167 1233 5231 llariarn,
1247 5174 1346 5221 etaute
1362 5165 1459 5220 sarcula
1472 5164 1556 5221 Filius
1570 5165 1703 5218 eristum
1719 5161 1827 5215 Patris?

193 5255 1829 5342 mmmwwmffimmmmmmmmmwmfflmmmmmmt

194 5369 247 5427 qna
260 5357 317 5428 lpse
329 5357 414 5415 lilius
428 5359 491 5422 [tei.
506 5360 583 5428 qrrasi
598 5374 712 5429 sponsus
727 5360 759 5413 de
775 5360 904 5417 tiralaruo.
920 5373 982 5428 pro·
1034 5354 1114 5409 alium
1128 5368 1186 5409 esse
1201 5351 1305 5415 rituum,
1321 5351 1402 5405 alirrm
1425 5351 1469 5404 liei
1491 5350 1574 5420 850
1587 5349 1745 5402 l'crinuuis
1764 5347 1828 5402 tunc

196 5445 425 5519 scrutatoque
446 5457 542 5506 natura
554 5463 603 5521 per
617 5450 764 5520 potentiam
783 5448 829 5503 lici
853 5447 921 5501 lacta
940 5455 982 5500 ert
1034 5447 1152 5506 tacuisti,
1171 5455 1198 5498 et
1212 5443 1350 5514 serprreotia
1367 5443 1483 5513 ciusdem
1500 5443 1639 5495 sententia:
1655 5442 1825 5512 assumpsisti

195 5537 267 5606 nouo
286 5535 344 5592 esti
358 5536 398 5592 du
417 5539 462 5594 illa
484 5555 532 5610 per
546 5555 626 5610 qurum
639 5541 728 5596 orruzia
750 5539 821 5594 lacta
842 5547 912 5602 sont,
936 5547 982 5592 aut
1033 5536 1080 5591 tibi
1095 5541 1120 5590 ur
1138 5534 1277 5598 auxilium,
1292 5550 1351 5605 qun
1364 5543 1390 5588 ct
1403 5535 1460 5605 ipsa
1476 5533 1561 5587 valide
1577 5531 1624 5588 tibi
1640 5547 1700 5586 esse
1718 5543 1827 5586 carsura-

232 5668 244 5701 s
262 5653 290 5709 S.
305 5652 384 5722 Grex.
395 5655 441 5712 lita.
451 5671 516 5710 usur
531 5655 632 5723 lloral.,
646 5670 702 5727 rap.
717 5654 760 5719 is,
774 5654 884 5708 citatum
896 5651 928 5707 alr
940 5649 1051 5704 :lisuino
1064 5649 1090 5702 iu
1104 5648 1181 5718 rplsl.
1197 5647 1228 5701 ad
1242 5645 1369 5711 Felicem,
1384 5662 1409 5699 n.
1426 5645 1465 5709 lit,
1481 5661 1560 5716 srtpra
1574 5643 1624 5700 col.
1641 5642 1701 5699 til.
