3780 6120
123 310 176 367 lbi
551 304 583 361 B.
603 304 634 360 T.
652 304 766 362 mmor
785 304 853 363 SEU
872 301 1012 360 secund
1031 298 1175 360 bennun
1193 296 1284 354 rhus
1302 295 1347 351 tl.
1710 290 1761 349 'lbb

124 423 294 482 tianeaedcn
306 421 413 477 Domini
432 422 465 476 de
482 433 588 475 summo
603 425 694 474 servat
702 418 825 489 Olympo,
893 411 897 420 '
923 413 1043 484 Assujns
1057 414 1109 469 hoe
1121 411 1250 482 templum
1267 413 1371 465 saerata
1385 405 1503 461 tuebitur
1517 418 1564 458 ara
1578 402 1650 476 idi,
1675 402 1758 476 arcrl.

125 518 211 586 Quem
226 514 302 585 plebs
315 513 407 568 ludaea
418 526 490 567 saeuo
503 510 653 567 bacchante
664 507 783 565 tumultu
1318 516 1406 575 (χχι

123 610 236 665 Pulsum
248 607 281 662 de
295 605 377 676 pinna
388 602 498 658 lullonis
512 602 583 656 inste
601 598 718 654 necavit.

124 702 201 768 Quod
212 699 350 755 Christum
365 695 481 766 populis,
500 693 632 749 scandens
645 690 753 762 fastigia
771 691 873 760 templi,

125 794 337 850 Coneionaretur
346 790 442 846 erebro
453 801 578 843 sermone
593 786 730 840 sacerdos.

124 885 154 940 ln
169 883 244 952 cujus
253 883 366 954 genibus
379 879 457 950 pellis
468 879 568 934 callosa
579 875 707 941 refertur,

125 977 195 1030 llum
211 974 314 1030 crebris
327 972 431 1029 vicibus
442 976 534 1024 oraret
546 983 613 1024 voce
628 967 787 1029 Tonantem,

125 1065 273 1134 Poplitibus
284 1062 361 1116 flexis
375 1060 491 1115 tundens
505 1059 658 1129 pauimenta
671 1057 771 1113 sacelli.

125 1158 215 1211 Lanea
226 1155 313 1209 villosi
332 1153 434 1223 sprevit
443 1151 577 1207 velamina
589 1150 674 1221 pepli,

125 1248 209 1302 Linea
222 1245 342 1302 brumosi
357 1259 468 1300 sumens
485 1242 607 1298 mantilia
619 1241 720 1297 habris.

127 1339 173 1395 Sic
197 1352 307 1408 qnoque
327 1335 487 1408 flagrantem
511 1342 688 1390 contemnens
708 1348 825 1404 corpore
850 1346 917 1386 nar·

793 1422 881 1494 [dorm

124 1517 306 1573 Thermarum
322 1516 432 1586 penitus
450 1514 570 1586 neglexit
581 1521 691 1585 pectore
708 1526 845 1583 pompam,

124 1610 184 1666 h'on
202 1610 290 1666 cirros
306 1608 413 1680 capitis,
430 1607 532 1664 ferrata
547 1605 660 1676 lorcipc,
676 1606 802 1676 dempsit,

125 1703 206 1772 222
219 1701 274 1757 Nec
288 1699 375 1757 culter
386 1699 475 1754 malas
489 1698 575 1754 vestis
592 1696 719 1767 lanugine
732 1697 798 1751 rasit
813 1714 819 1749 :

125 1794 208 1862 cirins
218 1794 348 1848 virtutum
362 1798 435 1846 tanta
453 1789 588 1860 praeconia
601 1795 737 1853 constant,

126 1885 161 1941 b't
174 1884 291 1939 vindicta
303 1881 388 1946 necis,
404 1895 486 1951 quam
501 1880 560 1936 dira
572 1887 660 1934 morte
675 1876 777 1940 lustrat,

125 1977 253 2033 lnteritus
264 1974 341 2031 lieret
358 1973 477 2046 solyme,
498 1971 643 2043 populique
662 1971 739 2025 ruina
752 1982 775 2024 ¹.

127 2069 195 2124 llum
208 2069 285 2123 Titus
297 2082 392 2133 cesar,
408 2068 491 2122 densa
506 2064 653 2119 eomitante
666 2071 786 2127 caterva,

128 2162 230 2218 Urbem
249 2158 384 2216 ferriferis
395 2158 509 2213 vallaret
522 2156 641 2212 millibus
653 2155 782 2225 amplam,

125 2255 193 2311 Cum
205 2254 328 2325 genitore
337 2251 430 2318 simul,
447 2250 578 2306 Romanis
589 2249 698 2305 arcibus
708 2256 770 2304 orto
783 2266 789 2302 :
1310 2229 1413 2286 ΜΗ·

126 2348 217 2402 Donec
228 2345 288 2400 dira
300 2343 386 2399 sames
401 2341 570 2412 consumpsit
582 2347 672 2410 strage
685 2348 817 2404 catervas,
1083 2319 1175 2376 S‘m‘ll
1189 2320 1219 2376 Π
1220 2322 1311 2376 etthei
1323 2320 1437 2392 “llllwll
1443 2329 1468 2376 θ’
1480 2321 1655 2393 elaltl‘fi‘lff·

126 2437 258 2491 htoenibas
271 2435 426 2490 obstructas
435 2440 463 2488 et
477 2432 547 2487 mari
561 2445 670 2486 carcere
680 2437 780 2499 septas.
969 2434 1101 2490 stanneus
1112 2436 1250 2507 egregiam
1265 2435 1422 2492 describens
1436 2437 1534 2506 dogna
1546 2436 1651 2502 elatis,

125 2525 268 2595 Tempore,
288 2538 343 2593 quo
359 2531 484 2578 tenerum
501 2520 631 2575 mactarit
644 2518 744 2575 femina
758 2528 852 2575 natum
969 2523 1072 2579 llehrca
1088 2539 1136 2595 per
1149 2525 1275 2594 simplum
1290 2525 1404 2595 digessit
1417 2525 1490 2582 dicta
1500 2526 1635 2591 libellum,

125 2616 236 2686 lasnper
246 2612 391 2669 assandum
403 2612 520 2666 verubus
536 2610 673 2664 transilxit
692 2610 780 2665 acutis
795 2631 801 2664 :
968 2613 1086 2668 l‘hnima
1099 2613 1270 2670 sanctillcise
1286 2629 1403 2672 narrans
1414 2617 1544 2672 miracula
1558 2617 1655 2683 saeclis,

125 2706 211 2773 Quem
223 2713 328 2761 coctum
343 2704 445 2759 laribus
457 2701 576 2757 crudelis
592 2710 679 2757 raratm
690 2703 798 2768 edebat,
969 2696 1035 2764 Quae
1057 2698 1138 2752 modo
1160 2713 1209 2767 per
1232 2699 1362 2754 mundum
1378 2700 1519 2772 divulgant
1540 2702 1641 2772 scripta
1657 2702 1743 2772 triqua-

127 2791 727 2865 llamanaepenitusnaturaejuraresolvens;
1625 2793 1715 2867 [qm

125 2885 259 2941 llorresco
272 2882 403 2948 reserens,
417 2881 503 2938 Ellebi
513 2881 594 2938 luans
609 2884 747 2939 acerbum.
922 2921 925 2926 ,
969 2880 1053 2947 erem
1067 2879 1149 2935 Tison
1159 2879 1266 2947 hirtius,
1282 2883 1401 2951 paradisi
1414 2883 1488 2939 tonte
1499 2885 1661 2951 redundans,

126 2977 171 3032 Sic
185 2976 304 3031 vindicta
318 2975 407 3031 erucis
418 2973 557 3030 mulctarit
570 2973 646 3029 clade
659 2972 791 3030 nefandos
806 2993 813 3029 :
969 2971 1082 3040 Tmpira
1094 2973 1229 3043 portendit
1240 2974 1361 3043 pandens
1373 2977 1503 3043 mysteria
1519 2992 1620 3033 rerum.

126 3067 171 3123 Sic
184 3081 291 3138 qnoque
301 3063 394 3121 lacobi
405 3063 547 3120 mulctarit
560 3063 650 3133 passio
661 3070 763 3120 sontes.
968 3061 1062 3118 Fontis
1072 3064 1195 3134 designat
1206 3064 1329 3120 Salvator
1334 3067 1528 3137 iurellguram,

127 3159 260 3213 tsntactcs
274 3165 388 3212 centena
403 3154 482 3210 simul
499 3154 629 3210 cecidisse
640 3154 767 3226 leguntur
943 3153 950 3166 ¹
968 3154 1007 3207 De
1021 3169 1076 3223 quo
1087 3154 1246 3224 quadrifluis
1259 3156 1409 3214 decurrunt
1426 3158 1537 3215 humina
1551 3162 1627 3218 rivis.

126 3248 218 3312 liillia,
235 3246 433 3316 permiseram,
446 3246 614 3302 moribundis
628 3246 744 3312 civibus,
759 3248 852 3303 urlaem
866 3267 871 3300 :
968 3243 1101 3310 Quattuor
1113 3253 1144 3300 nt
1158 3249 1305 3316 qnondam,
1319 3253 1454 3307 nascentis
1467 3253 1574 3325 origine
1586 3254 1667 3319 saecli,

126 3341 238 3407 lnsnpcr
247 3345 274 3391 ct
286 3345 394 3392 centum
407 3337 559 3392 renduntur
570 3337 654 3391 millia
663 3338 775 3407 passim,
968 3335 1089 3407 Limpida
1098 3353 1148 3408 per
1158 3337 1240 3393 latum
1255 3337 1389 3395 duremnt
1403 3340 1514 3398 tlumina
1528 3347 1676 3411 mundum

126 3428 200 3494 Quos
210 3426 313 3497 rigidus
327 3425 391 3479 lerri
403 3426 540 3496 neglectus
554 3441 648 3481 mucro
663 3426 784 3496 reliquit,
968 3429 1026 3497 Qrto
1042 3429 1138 3488 rubros
1149 3428 1241 3498 llorcs,
1254 3441 1282 3488 et
1296 3443 1372 3504 prata
1383 3435 1497 3490 virentia
1509 3437 1609 3508 glebis,

127 3518 161 3573 El
174 3517 254 3572 famis
263 3517 360 3587 milli
373 3516 513 3585 Ρθῐῑθΐῑῑῦῑ
522 3516 616 3571 sunm
631 3518 711 3586 stipe.
971 3522 1131 3593 Gurgitibus
1144 3525 1230 3593 puris,
1251 3533 1278 3580 ct
1288 3527 1385 3597 glauco
1395 3542 1458 3584 rore
1470 3530 1599 3600 rigabant
1614 3546 1623 3585 r

483 3606 561 3662 CLX·
968 3613 1014 3669 Sic
1027 3614 1150 3670 doctrina
1162 3616 1210 3671 Dei
1222 3615 1309 3681 fluxit,
1324 3618 1358 3673 de
1373 3616 1447 3674 lonte
1462 3629 1607 3689 quaterno,

339 3695 431 3752 Sancti
446 3695 563 3768 Philippi
580 3698 700 3768 apostoli.
967 3705 1048 3761 hrida
1062 3707 1160 3763 diuinis
1172 3709 1292 3764 irrorans
1306 3709 1388 3765 corda
1405 3711 1549 3767 scatebris.

127 3789 176 3845 llic
195 3802 302 3860 quoqne
321 3796 516 3844 commemorat
538 3796 687 3845 metromm
710 3806 787 3847 coma
812 3792 917 3863 l’hilip-
967 3796 1042 3854 lianc
1057 3800 1261 3869 scriptorrerax
1276 3803 1411 3870 expressit
1428 3801 1647 3871 blattheusolim,

795 3882 880 3956 [pnm,
967 3889 1106 3959 Quemque
1120 3892 1249 3962 propbeta
1265 3891 1324 3955 Dei,
1343 3907 1421 3949 sacro
1440 3896 1589 3964 spiramine
1599 3896 1701 3968 plenrn,

127 3972 213 4039 anm
228 3972 288 4041 pius
300 3970 405 4026 aethrali
417 3970 512 4026 ditarit
522 3971 608 4042 gratia
623 3970 761 4038 Christum
967 3979 1088 4036 Humana
1100 3984 1190 4054 specie
1198 3984 1267 4037 uidit
1276 3985 1409 4055 signarier
1417 3988 1499 4053 olim:

127 4062 246 4116 Barbara
263 4061 308 4131 qui
321 4060 413 4116 docuit
426 4060 557 4116 doctrinis
571 4062 680 4132 agmina
693 4064 789 4127 saeris,
897 4042 909 4071 ‘
967 4071 1042 4138 Quod
1056 4072 1155 4128 Christi
1167 4081 1267 4144 patres,
1281 4083 1308 4130 ct
1320 4091 1384 4133 aros
1398 4086 1554 4134 numeraret
1568 4094 1696 4146 avorum,

126 4150 242 4208 Credere
252 4167 302 4221 per
312 4150 450 4222 Scythiam
458 4152 607 4206 salvantem
615 4154 712 4209 saecula
723 4153 878 4210 Christum:
966 4161 1075 4231 quets
1086 4161 1210 4218 salvator
1228 4171 1321 4218 „osgep
1333 4166 1466 4220 cunabula
1480 4167 1551 4222 „cpi

126 4243 178 4313 Qui
192 4244 290 4300 dudum
304 4251 373 4312 tetra
389 4245 532 4313 torpebant
544 4246 640 4300 mortis
650 4247 678 4300 in
688 4247 784 4303 rtmbra
967 4252 1136 4324 Sumpserat,
1148 4254 1175 4309 in
1191 4255 1292 4311 mundo
1302 4256 1432 4312 sacratad
1446 4257 1552 4326 piacula
1565 4258 1706 4316 demens·

126 4334 272 4390 Auctorem
286 4334 355 4389 lucis
366 4335 510 4390 tenebroso
524 4336 606 4390 eorde
623 4345 765 4408 negantes,
1308 4366 1409 4423 mm

126 4427 214 4496 htque
228 4432 360 4480 creaturae
370 4423 533 4481 famulantes
544 4425 639 4480 ordine
654 4443 742 4483 rerso.
930 4461 955 4520 D
1354 4412 1361 4420 ’
1412 4408 1419 4422 ’

126 4517 217 4571 horrec
231 4515 405 4586 apostolicam
417 4516 565 4575 hauserunt
583 4532 649 4572 aure
662 4519 808 4588 loquelam,

126 4607 248 4677 limpida
259 4605 381 4676 perpetui
397 4613 539 4661 cernentes
554 4607 653 4661 lumina
673 4606 778 4663 Pboebi.

125 4698 227 4752 ornares
240 4696 363 4751 certatim
378 4705 537 4768 merguntur
546 4697 651 4768 gurgite
664 4713 753 4763 sacro,

127 4784 271 4856 Flagitium
283 4785 393 4841 sceleris
407 4795 553 4859 purgantes
563 4787 635 4843 lonte
645 4789 756 4844 laracri.

128 4875 192 4929 inde
206 4874 299 4930 hsiam
313 4885 452 4945 properat,
467 4878 569 4932 sanctis
584 4888 742 4935 conuertere
756 4879 845 4946 biblis,

1144 631 1237 686 Sancti
1254 627 1443 685 bartholomei
1456 625 1580 697 apostoli.

966 744 1065 800 Ultima
1083 751 1216 797 terrarum
1228 740 1390 811 prepollens
1405 738 1481 795 lndia
1496 745 1617 802 constat,

965 835 1053 901 Quam
1062 834 1090 888 in
1104 840 1160 888 tres
1174 840 1265 904 partes
1277 831 1410 887 librorum
1423 830 1525 901 scripta
1537 836 1731 900 sequestrant,

966 923 1039 977 ldola
1056 937 1117 991 quaa
1129 921 1212 977 coluit
1225 922 1338 993 paganis
1349 921 1439 977 dedita
1452 920 1548 976 sacris.

967 1015 1020 1069 Sed
1033 1014 1239 1070 Bartholomeus
1252 1014 1385 1070 destruxit
1397 1012 1484 1067 lurida
1501 1010 1574 1076 lana,

967 1106 1075 1178 Elligies
1087 1114 1210 1162 veterum
1230 1104 1405 1176 ronlringeus
1415 1105 1477 1174 jure
1489 1103 1615 1168 deorum,
1674 1109 1685 1135 ’

966 1196 1071 1252 liebrea
1083 1213 1163 1268 quem
1176 1197 1276 1253 elamat
1288 1196 1441 1267 peregrinis
1450 1195 1540 1266 lingua
1551 1194 1680 1266 loquelis.

967 1286 1059 1343 Proles
1073 1288 1263 1357 suspendentis
1275 1302 1359 1358 aquas
1370 1287 1397 1342 ia
1410 1286 1527 1340 nubibus
1540 1286 1622 1349 atris,

967 1378 1082 1434 llnmida
1096 1378 1228 1433 nimbosis
1237 1378 1299 1433 dum
1311 1377 1414 1433 stillant
1428 1379 1529 1431 athera
1543 1375 1641 1445 guttis,

967 1471 1039 1538 Quot
1064 1469 1168 1543 [quem]
1196 1471 1283 1540 signat
1309 1484 1452 1540 procerum
1474 1467 1595 1524 caelestis
1618 1467 1759 1629 gumpre-

1639 1555 1712 1611 laudi

969 1651 1004 1707 Ut
1015 1651 1152 1721 qnondam
1165 1652 1264 1707 cecinit
1275 1649 1444 1706 Psalmorum
1457 1648 1579 1705 camnine
1590 1659 1687 1705 rates:

934 1761 956 1820 tt
970 1747 1039 1801 Ecce
1049 1745 1121 1802 later
1136 1754 1211 1802 rorat
1222 1745 1372 1801 tenebrosis
1388 1742 1505 1799 nubibus
1516 1742 1602 1798 aeris.

968 1837 1034 1893 Post
1048 1840 1106 1894 haec
1116 1838 1240 1910 martyrii
1255 1844 1392 1892 mercatur
1405 1843 1478 1891 serta
1489 1844 1604 1890 cruenta

970 1929 1002 1984 Et
1015 1932 1139 1999 sequitur
1151 1929 1294 1985 Morinum
1317 1928 1406 1999 pictus
1418 1943 1481 1983 cunr
1501 1924 1568 1998 lah,
1585 1925 1626 2000 in]
1640 1927 1753 1999 stigmata

1627 2021 1720 2078 Christi

969 2112 1115 2183 tripartiae
1128 2112 1257 2184 templum
1271 2116 1425 2170 veneranda
1436 2112 1559 2169 tuebitur
1572 2127 1634 2169 ara.

1187 4457 1281 4513 Sanni
1291 4457 1407 4513 Sirnonia
1423 4459 1545 4532 apostoli.

966 4572 1059 4627 Simon
1073 4571 1189 4637 Zelotes,
1205 4588 1255 4627 nec
1266 4589 1319 4628 non
1329 4571 1472 4629 Cananeus
1489 4573 1573 4639 idem,

964 4660 1038 4716 lnter
1051 4661 1212 4732 apostolicos
1226 4661 1299 4718 Petri
1312 4665 1473 4735 cognomine
1486 4663 1596 4721 iunctus
1610 4664 1635 4733 ¹,

965 4751 1058 4808 Cmtus
1071 4752 1117 4823 qui
1129 4752 1220 4808 docuit
1230 4755 1344 4825 gentiles
1357 4755 1454 4826 dogma
1466 4770 1627 4826 supernum,

966 4844 1003 4900 Ut
1018 4843 1119 4899 celsum
1133 4853 1256 4914 peterent
1267 4845 1370 4901 celesti
1385 4847 1494 4902 tramite
1509 4861 1637 4917 regnum.

128 4961 199 5017 {popa
213 4975 273 5030 φη
283 4961 384 5017 dudum
395 4962 506 5033 decepta
519 4964 614 5019 fraude
623 4966 737 5021 comm
965 4932 1048 5003 Citius
1060 4935 1086 4989 in
1101 4935 1152 4990 hae
1164 4934 1224 4989 aula
1239 4951 1316 4991 sacra
1330 4937 1484 4991 seruabitur
1497 4952 1556 5001 ara,

966 5023 1032 5079 Cum
1045 5025 1122 5094 polus
1134 5032 1161 5080 et
1177 5024 1263 5089 tellus,
1283 5042 1315 5082 nc
1324 5027 1401 5096 ponti
1421 5025 1515 5082 ilustra
1527 5025 1671 5094 fatiscant,

966 5114 1058 5170 Donec
1071 5116 1204 5185 supremis
1217 5116 1365 5172 scintillent
1383 5117 1463 5173 saecla
1474 5116 1585 5184 favillis,

966 5205 999 5260 Et
1012 5205 1103 5261 mundi
1121 5205 1215 5272 mohs,
1230 5214 1344 5272 montes,
1356 5207 1492 5277 collesque
1505 5207 1672 5277 liquescant,

966 5294 1054 5364 htque
1067 5301 1209 5360 creaturae,
1226 5309 1349 5350 cerarum
1365 5294 1453 5350 hunus
1464 5296 1498 5350 ad
1514 5296 1612 5363 instar,

968 5381 1090 5437 blachina
1108 5382 1276 5449 succumbat,
1291 5380 1398 5438 hamma
1412 5384 1576 5454 crepitante,
1591 5400 1644 5456 per
1654 5387 1759 5445 orbern·

131 5051 230 5109 Sedula
246 5053 260 5092 b
273 5052 321 5108 sed
334 5052 414 5109 eitius
428 5053 522 5124 pandit
534 5057 682 5124 praecordia
695 5056 813 5121 Christo,

130 5144 276 5216 Splendida
288 5143 414 5214 discipuli
426 5144 488 5199 darm
500 5143 581 5202 tantis
595 5149 677 5203 rerba
693 5152 819 5219 capessit,

130 5236 185 5292 Sed
202 5236 266 5291 felir
283 5236 355 5294 Asiae
371 5237 506 5292 conuertit
517 5238 642 5309 dogmate
653 5255 778 5311 regnum,

129 5325 159 5381 ln
170 5342 223 5397 qua
238 5334 300 5398 post
309 5327 412 5384 obitum
427 5326 503 5383 latali
522 5336 594 5385 sorte
608 5329 731 5401 quiescit,

165 5514 178 5540 ⁸
192 5501 343 5573 Descriptio
363 5504 461 5560 excidii
485 5504 713 5577 lerosolymitani,
740 5520 821 5576 quam
844 5509 918 5580 legas
1004 5513 1090 5577 dnh,
1108 5514 1244 5570 scelerata.

130 5571 215 5692 1ῃὶιῄ
214 5568 376 5695 {osorem
384 5574 418 5629 do
429 5574 503 5631 bello
517 5574 636 5632 ludaico.
1006 5595 1017 5690 ξ
1034 5584 1117 5648 illie,
1128 5584 1246 5640 clemens.

167 5718 179 5746 ⁶
200 5678 387 5780 hl.’mit·i{icr't:
1033 5654 1089 5720 AL,
1105 5655 1196 5723 [mm.
