3780 6120
80 356 130 412 tat
454 355 659 415 bonbartct.
675 386 709 400 -
723 358 803 415 abr.
822 356 968 414 raulcurt
987 358 1077 414 Ltbttt
1096 359 1150 415 vlt.
1170 389 1204 401 ·—
1218 359 1281 416 ΗΒ.
1298 363 1321 416 i.
1654 363 1705 426 lb}

74 479 159 542 pacto
171 482 222 540 per
244 468 359 522 liberum
383 467 523 523 arbitrium
544 470 722 524 communiter
744 469 870 524 omnibus
883 470 908 529 A
921 466 1001 520 homo
1015 474 1057 521 est
1078 467 1123 536 qai
1135 475 1289 539 assumptas
1301 474 1353 523 est.
1373 467 1433 522 alie
1446 483 1500 539 quo
1521 476 1548 523 ει
1559 469 1704 540 Apostolus

74 571 106 619 et
115 559 277 617 naturaliter
290 560 382 614 datum
395 573 449 613 una
461 559 519 615 sola
537 560 626 615 anima
651 560 805 625 nteruisset,
816 559 868 614 uisi
919 559 967 622 ait,
980 568 1005 612 et
1027 568 1065 612 εει
1086 557 1214 613 liomiaar
1228 561 1343 614 omnium
1356 558 1445 632 (Rom.
1457 576 1484 626 1,
1509 560 1552 632 ιι)
1564 576 1572 616 :
1586 571 1614 616 ει
1624 564 1648 619 sl
1662 574 1705 624 eat

75 654 132 709 boe
141 649 291 721 ungularis
302 649 389 719 gratia
399 648 578 718 praestitisset,
592 665 671 720 quam
686 650 727 704 ias
747 656 788 704 est
796 664 868 718 prae·
919 648 1049 704 Dominus
1063 649 1193 711 omnuim,
1207 649 1300 717 utique
1317 657 1345 704 et
1357 648 1487 706 Dominus
1496 659 1539 706 est
1556 651 1651 720 barid,
1671 655 1705 714 ds

76 741 181 801 dicare,
196 738 231 793 de
243 751 296 806 qua
312 736 387 792 nelas
407 745 449 792 est
468 735 590 806 iudicare
612 738 696 794 uellet
720 758 729 790 ι
756 739 794 793 be
818 739 869 794 hae
919 736 996 805 cujus
1009 738 1111 794 semiue
1123 745 1202 793 natas
1214 744 1256 793 εει
1266 738 1419 794 carnaliter.
1435 739 1491 795 lloc
1501 740 1561 798 ideo
1573 749 1630 798 tam
1640 742 1705 800 sub·

76 829 161 884 etiam
174 825 656 896 excellentiailliushominis‚quide
670 827 870 897 Virginenatus
919 826 1002 881 tiliter
1027 827 1204 896 interrogavit
1229 827 1286 897 ipse
1309 827 1381 883 Deus
1403 827 1544 896 Christus,
1569 840 1601 887 ut
1623 832 1705 889 iutel-

77 927 130 983 est,
152 918 227 973 idem
247 915 330 970 Pater
350 915 378 969 in
397 915 511 985 epistola
525 916 636 986 praelata
652 916 870 972 adllilariumet
919 916 1048 988 liger-etur
1076 918 1200 974 eumdem
1230 933 1290 975 esse
1316 919 1460 976 ῠειιιιιιιιιιι
1486 920 1570 978 David
1600 924 1647 994 gul
1677 932 1705 983 ει

76 1011 244 1081 Prosperum
253 1006 406 1064 sublimiter
415 1016 532 1073 enarrat,
543 1009 589 1064 ubi
599 1010 766 1065 abundanter
779 1010 871 1080 dispu·
919 1007 990 1062 illius
1006 1016 1057 1062 est.

79 1109 119 1158 tat
129 1108 228 1157 coatm
242 1098 423 1162 adversarios,
436 1099 482 1168 qui
492 1100 595 1169 seipsos
605 1100 723 1171 aequales
734 1115 794 1156 esse
805 1115 869 1156 con·
956 1097 1035 1154 xvir.
1054 1097 1087 1153 Ει
1098 1097 1121 1155 si
1130 1101 1182 1155 hoc
1195 1114 1290 1170 parum
1303 1100 1427 1157 rideatur
1440 1102 1590 1162 taruenna
1606 1116 1705 1170 satra

78 1193 195 1249 tendunt
207 1191 236 1246 in
248 1189 335 1260 gratia
344 1187 453 1244 Christo
466 1198 576 1259 propter
594 1190 809 1245 communionem
822 1205 872 1244 ua·
920 1187 988 1243 tanti
1002 1186 1091 1243 Patris
1104 1189 1258 1245 testimonio
1277 1191 1418 1247 Ιιοιιιιιιιιιιι
1433 1207 1493 1249 εεεε
1512 1195 1557 1265 qni
1572 1205 1704 1258 natusest

77 1292 159 1346 turae,
169 1294 274 1351 ponens
285 1278 373 1349 primo
386 1278 467 1332 rerba
480 1277 695 1333 adversariorum
706 1279 759 1334 ban
771 1277 868 1333 modo:
920 1277 1066 1334 desemine
1079 1276 1163 1334 llarid
1176 1277 1217 1348 (ut
1237 1288 1263 1334 te
1277 1295 1390 1351 quoque,
1406 1296 1425 1336 o
1438 1280 1512 1337 Felix
1533 1282 1612 1352 hujus
1626 1289 1704 1344 aovi·

81 1389 92 1422 ι
107 1368 292 1440 Respondeat,
306 1366 406 1435 inquit,
418 1366 499 1423 bomo
511 1365 575 1429 beo,
591 1367 613 1420 si
626 1366 717 1430 audet,
739 1374 766 1422 et
785 1365 869 1432 dicat,
920 1366 983 1422 tatis
1005 1375 1134 1431 assertor,
1155 1368 1308 1438 specialiter
1320 1369 1448 1440 angelieas
1467 1375 1544 1429 uocis
1555 1378 1705 1438 assertione

78 1461 134 1517 Cur
148 1476 203 1518 non
213 1468 243 1515 ει
255 1459 324 1531 egoi
344 1458 414 1513 tirsi
428 1458 562 1514 audierit:
576 1457 599 1514 0
614 1459 694 1514 homo
717 1469 747 1512 tu
766 1459 876 1530 quises
919 1454 1061 1527 alloquar),
1077 1454 1138 1510 audi
1153 1456 1235 1511 etiarn
1248 1456 1402 1527 loquentem
1423 1461 1457 1514 ad
1473 1469 1596 1531 pastores
1606 1465 1638 1521 de
1654 1467 1703 1524 bet

79 1551 127 1620 qai
137 1549 304 1619 respondeas
316 1547 389 1602 lieo?
400 1561 450 1602 nec
459 1547 498 1603 sic
507 1547 640 1612 cohibeat,
656 1548 701 1602 sed
715 1555 811 1618 augeat
820 1547 871 1602 im-
919 1556 980 1603 orta
989 1549 1112 1619 angelum
1122 1548 1170 1604 bei
1182 1565 1189 1602 :
1203 1547 1290 1603 Natus
1300 1559 1346 1613 eat,
1356 1549 1451 1619 iuquit,
1461 1552 1531 1607 rabia
1541 1554 1706 1627 789hadia

79 1639 238 1711 pacientiam
251 1646 280 1693 et
301 1637 373 1692 dicat
388 1650 396 1691 t
409 1635 548 1704 Quomodo
567 1638 656 1702 audio,
681 1637 721 1691 'lu
738 1638 799 1707 quis
810 1652 871 1693 eso
921 1637 1050 1704 Salvator,
1066 1641 1112 1710 qui
1123 1650 1161 1694 eat
1176 1639 1295 1695 Christus
1306 1640 1434 1697 boninus
1458 1644 1487 1700 ia
1509 1645 1611 1702 ciuitate
1621 1647 1707 1704 Dauid

82 1732 181 1796 homo,
206 1744 267 1785 eum
286 1728 339 1783 sim
364 1727 434 1798 quad
446 1726 535 1794 audio,
555 1727 638 1783 idest
651 1727 741 1794 homo,
759 1727 830 1797 quod
843 1733 871 1782 et
922 1729 998 1801 (Luc.
1013 1746 1044 1796 ιι,
1061 1730 1114 1801 ll).
1139 1729 1178 1784 Ne
1200 1729 1286 1785 solum
1306 1731 1400 1802 utique
1415 1730 1551 1790 Christum
1569 1734 1708 1796 homiuem

79 1821 126 1876 ille
141 1822 177 1876 de
190 1835 244 1891 guo
255 1835 321 1890 ago;
335 1834 385 1875 cur
398 1833 451 1873 noa
462 1818 513 1873 sim
526 1817 598 1888 guod
609 1817 668 1873 ille?
678 1817 713 1871 lit
722 1818 794 1872 euim
807 1833 871 1889 gra·
887 1793 909 1855 ⁸
922 1817 1094 1890 intelligeres,
1108 1827 1135 1874 et
1146 1818 1193 1874 liei
1207 1819 1255 1875 tibi
1275 1827 1303 1876 ει
1316 1819 1465 1878 Salvatoris
1477 1839 1574 1882 nomen
1588 1826 1686 1898 adiecit
1699 1848 1705 1883 :

81 1914 118 1968 tia
130 1912 176 1967 ille
189 1911 249 1967 talis
259 1920 287 1966 ει
299 1917 390 1965 tantm
401 1917 452 1965 cst.
465 1907 520 1964 Cur
531 1909 637 1963 diuersa
656 1917 699 1965 est
716 1909 814 1979 gratia,
826 1909 873 1964 ubi
922 1908 1026 1963 scilicet
1036 1916 1066 1963 ut
1079 1924 1160 1979 auem
1176 1909 1344 1967 Salvatorem
1359 1926 1418 1968 esse
1427 1928 1615 1986 cognosceres,
1623 1917 1708 1976 ὓεειιι

83 2013 181 2059 natura
209 2001 361 2057 communis
381 2000 440 2055 esti
462 1998 540 2055 Certe
563 2015 617 2054 non
630 2008 673 2054 est
694 2014 872 2069 personarum
922 2011 1091 2068 nequaquam
1113 2013 1173 2055 εεεε
1194 1999 1331 2057 dubitares
1345 2019 1353 2055 z
1367 2010 1396 2058 ει
1408 2018 1469 2058 cum
1490 2005 1610 2063 salvandi
1622 2009 1708 2065 virtua

82 2097 206 2168 acceptio
218 2095 289 2165 apud
299 2094 392 2150 benna.
407 2092 473 2160 Quis
487 2107 539 2147 uon
559 2091 620 2147 dico
630 2091 810 2157 Christianus,
825 2091 872 2146 sed
922 2088 1029 2143 nonnisi
1041 2089 1137 2145 divium
1151 2100 1316 2160 competeret
1326 2093 1465 2164 potestati,
1479 2095 1576 2154 divinae
1587 2112 1648 2155 εεει
1660 2115 1709 2171 pn·

82 2189 197 2243 insanus
207 2187 268 2240 haec
281 2183 366 2239 dicati
387 2182 524 2254 Appareat
543 2181 634 2252 itaque
648 2182 726 2237 nohis
739 2181 766 2235 in
780 2189 873 2236 nostro
922 2177 1080 2233 tentiaesse
1092 2194 1146 2234 uon
1157 2181 1354 2252 ambigeres,in
1365 2197 1418 2253 quo
1430 2187 1577 2255 potentiam
1587 2188 1709 2247 salvandi

83 2278 172 2349 apae
194 2276 254 2347 ipse
280 2274 339 2330 toas
358 2274 462 2345 gratim,
483 2272 554 2328 unde
577 2272 724 2328 secundum
747 2271 874 2326 uniuscu·
922 2283 983 2326 esse
994 2269 1146 2326 didicisses.
1158 2270 1210 2328 Sed
1223 2279 1253 2328 et
1264 2273 1316 2329 hoc
1335 2274 1516 2333 incredulitati
1538 2286 1590 2336 tum
1610 2295 1707 2353 pamm
1784 2336 1786 2340 ,

82 2366 178 2438 jusque
193 2380 349 2421 mensuram
362 2378 443 2434 super
455 2371 551 2419 cuncta
564 2360 622 2431 ejus
642 2361 762 2417 membra
776 2358 874 2415 ditiuu·
922 2359 1038 2416 fortasse
1058 2361 1190 2428 videatur,
1205 2363 1268 2433 quia
1294 2379 1355 2419 eum
1378 2366 1489 2439 angelus
1502 2368 1607 2427 Domini
1620 2374 1710 2442 potins

84 2457 133 2510 dit.
148 2455 184 2510 lia
198 2455 287 2526 gratia
300 2453 332 2508 tlt
342 2451 378 2508 ab
389 2451 466 2507 initia
479 2449 541 2507 lidei
552 2465 607 2505 suae
627 2450 709 2505 bomo
719 2448 874 2519 quicunque
924 2449 1103 2517 saluatorem,
1118 2467 1198 2521 quam
1212 2452 1297 2509 Deum
1311 2463 1359 2510 aut
1374 2455 1422 2512 Dei
1435 2457 1532 2514 lilium
1546 2462 1709 2531 nominaret,

85 2548 267 2612 Christianus,
280 2560 333 2616 qua
346 2544 432 2615 gratia
445 2542 525 2599 bomo
539 2542 584 2597 ille
597 2541 631 2596 ab
642 2539 719 2595 initio
730 2539 817 2594 iactus
830 2545 874 2594 est
922 2554 984 2594 cum
997 2538 1091 2610 abque
1109 2540 1266 2611 impiissime
1289 2543 1372 2600 Ιιειιιιι
1387 2561 1480 2618 neges,
1494 2564 1574 2620 quem
1589 2550 1712 2611 Salvato-

86 2640 221 2696 Christus.
235 2637 274 2694 be
286 2638 345 2706 ipso
359 2635 461 2706 Spiritu
474 2641 515 2690 est
532 2634 578 2689 hie
591 2640 710 2693 renatus,
722 2630 755 2686 de
764 2645 817 2700 quo
831 2635 874 2684 est
923 2643 981 2686 rem
994 2644 1055 2686 esse
1068 2628 1180 2687 fatearis
1194 2649 1201 2685 :
1217 2647 1297 2703 quem
1306 2635 1400 2692 besam
1413 2635 1508 2693 drmtor
1518 2642 1637 2711 gentium
1651 2641 1710 2700 Sal-

87 2729 131 2784 ille
145 2737 238 2784 natus.
258 2726 378 2790 ιΑΙιιει,
393 2733 424 2780 ut
435 2732 544 2781 sauctus
553 2722 716 2794 Augustinus
725 2720 783 2775 vult
795 2717 873 2774 intel-
923 2727 1044 2776 ratorem
1058 2722 1156 2791 sapius
1170 2723 1309 2779 nominare
1324 2739 1378 2782 non
1404 2729 1547 2797 dubitarit,
1561 2731 1654 2789 dicens
1676 2735 1714 2793 ab

85 2820 142 2893 ligi,
157 2819 295 2890 plenitudo
318 2815 401 2872 lentis
419 2822 519 2880 manat,
544 2813 623 2869 aliter
646 2811 724 2867 rivuli
745 2823 873 2866 mensura
924 2810 1016 2866 'litum
1031 2811 1180 2883 :Apparuit
1200 2813 1269 2866 euim
1291 2816 1377 2885 gratia
1398 2815 1446 2872 liei
1461 2817 1605 2877 δειιειεειε
1628 2824 1712 2879 ιιειιιι

87 2912 177 2968 currit
190 2911 224 2967 dc
234 2909 317 2974 laute,
331 2909 404 2981 quod
416 2909 512 2964 beatus
525 2906 644 2978 Baptista
658 2911 773 2960 testatur
787 2920 796 2957 ι
811 2902 874 2956 Noa
926 2899 990 2971 (ru.
1012 2916 1044 2968 u,
1065 2901 1122 2972 ll),
1136 2899 1206 2955 Audi
1219 2916 1325 2974 quoque
1343 2906 1535 2976 archangelum
1556 2909 1712 2968 Gabrielem

87 3004 167 3067 raim,
180 3001 276 3073 inquit,
289 2998 324 3054 ad
342 3015 490 3055 mansuram
503 2997 549 3053 dat
561 2998 632 3053 Deua
644 2996 764 3067 spiritam
778 2993 871 3068 (duaa.
927 2989 1017 3047 llariae
1027 2991 1125 3064 virgini
1138 2991 1328 3063 praedicantem
1344 3012 1351 3049 t
1362 2993 1485 3066 Spiritus,
1496 2997 1594 3068 inquit,
1604 3010 1711 3057 ramat

90 3109 131 3158 ιιι,
145 3090 180 3147 bb
192 3089 286 3163 2135).
299 3088 380 3145 Pater
390 3089 462 3145 euim
474 3088 561 3159 diligit
569 3087 677 3152 riuum,
689 3093 716 3144 et
728 3084 819 3141 omnia
827 3085 874 3140 de-
925 3082 1127 3151 superamictis
1139 3091 1174 3146 ιε,
1187 3091 1211 3136 ει
1231 3083 1312 3138 mnata
1335 3082 1464 3139 ditissimi
1477 3084 1639 3143 obumbrabit
1651 3088 1712 3157 tibi,

89 3182 165 3238 ditia
178 3197 261 3237 manu
275 3179 343 3250 eius.
365 3178 559 3236 berirulorum
581 3191 708 3234 mensura
732 3172 875 3248 Apostolus
926 3170 1099 3242 ιάεοειεεειι
1109 3174 1308 3230 normaniae
1324 3181 1455 3241 εειιιιειιι,
1469 3175 1605 3232 aasabim
1620 3175 1709 3237 aiau

89 3280 223 3330 mutar:
238 3269 384 3343 Ualeriana
393 3268 628 3326 aratramdataeat
638 3267 723 3339 gratia
733 3265 876 3322 meandum
925 3253 976 3315 bet
998 3257 1073 3330 (tac.
1094 3276 1115 3327 t,
1127 3260 1185 3334 35).
1207 3261 1288 3320 Vides
1300 3264 1525 3334 quemadmodum
1542 3266 1711 3327 habitualem

92 3376 243 3415 mensarum
256 3358 405 3415 ιιειιειιεειε
417 3354 513 3412 Christi
526 3354 632 3427 (lipbas.
647 3371 683 3421 rr,
696 3353 734 3425 t).
926 3344 976 3403 Dei
990 3346 1159 3406 indicaturus
1172 3348 1320 3407 divinitatis
1332 3366 1414 3423 opera
1431 3353 1592 3426 praemiserit
1604 3373 1614 3411 a
1628 3354 1714 3428 Spiri-

124 3451 194 3507 xri.
215 3449 250 3506 Et
260 3447 409 3520 qaiapaulo
419 3455 482 3504 aute
493 3445 596 3503 lecistis
606 3446 770 3504 mentionem
780 3444 875 3510 David,
926 3448 970 3496 tro
984 3439 1057 3496 enim
1072 3450 1178 3500 ιειιειιιε
1188 3441 1297 3515 (iuquit)
1311 3445 1393 3500 maist
1412 3445 1440 3501 in
1453 3453 1487 3510 ιε,
1502 3454 1527 3502 ει
1541 3447 1621 3504 airtaa
1630 3446 1714 3506 bitia-

90 3541 168 3598 selim
180 3540 289 3604 dicatis,
306 3540 613 3611 dequojuterrogasset
633 3537 691 3607 ipsa
713 3535 878 3593 Veritaslu·
928 3531 988 3587 ειιιιι
1009 3530 1172 3589 obumbrabit
1197 3534 1254 3589 tibi.
1279 3533 1462 3591 Pulcherrima
1480 3534 1593 3608 loquens
1604 3537 1715 3608 angelus

93 3634 173 3699 ms,
183 3633 232 3689 nbi
242 3632 300 3688 ait:
315 3629 399 3704 Cujus
411 3629 498 3686 Filius
518 3638 556 3685 εει
577 3627 695 3684 Christus
705 3629 716 3682 ι
728 3626 877 3683 Diuorum:
927 3618 1088 3678 excubantis
1101 3623 1244 3678 verborum
1258 3621 1425 3693 maiestatem
1439 3623 1522 3682 divini
1532 3625 1622 3698 operis
1631 3626 1708 3698 expli

93 3720 177 3777 llaaid
203 3720 311 3792 (llattb.
325 3735 394 3786 xttr,
408 3718 463 3792 ta).
485 3719 544 3791 lpse
564 3726 654 3773 antem
675 3716 814 3788 proposuit
826 3715 879 3772 illis
928 3710 1009 3766 cavit
1023 3709 1093 3778 Quid
1105 3712 1177 3768 enim
1192 3712 1259 3768 tauti
1272 3722 1417 3784 apparatus
1437 3727 1505 3786 apua
1526 3722 1587 3771 erat
1600 3715 1630 3772 in
1641 3716 1711 3771 uati-

92 3812 280 3880 cambonem,
303 3809 438 3881 ammodo
458 3808 560 3864 dietam
580 3807 629 3873 sit;
651 3806 725 3861 libau
750 3806 879 3862 Damius·
928 3800 1014 3856 vitate
1039 3799 1120 3857 unius
1143 3799 1276 3867 infantuli,
1298 3812 1330 3858 ut
1354 3814 1383 3859 ιιι
1409 3802 1462 3870 vis,
1483 3802 1619 3875 adeptirit
1633 3803 1715 3860 Pater

93 3899 208 3956 Domino
219 3916 293 3966 ειεε,·
305 3899 367 3955 aede
380 3916 396 3953 a
409 3897 507 3954 ιιιειιιε
520 3898 594 3953 mab.
609 3895 639 3953 Si
648 3895 719 3965 filius
732 3904 769 3951 eat
783 3895 879 3962 Dauid,
928 3887 1110 3956 obumbravit,
1121 3887 1238 3961 Spiritus
1249 3891 1561 3962 tarretnsimprmgnavit,
1574 3890 1660 3949 Filius
1672 3891 1714 3948 tn·

91 3989 223 4060 moda
237 3987 416 4044 caliambria
431 3987 488 4059 ejas
502 3985 595 4058 (tata,
609 4002 675 4041 aare.
685 3984 730 4050 ll,
745 3983 808 4054 tan
830 3982 880 4040 Cui
929 3988 1057 4036 carnatus
1076 3988 1129 4047 est,
1144 3980 1207 4037 dum
1220 3981 1309 4037 omnis
1332 3980 1450 4038 caleam
1467 3988 1629 4053 terrenaque
1638 3997 1715 4042 crea·

90 4086 186 4134 εειειιι
197 4085 300 4134 naturae
313 4077 414 4133 dietum
427 4083 480 4141 εει,
492 4076 555 4132 sede
568 4091 584 4129 a
598 4073 701 4130 dextris
720 4074 798 4138 meis,
811 4071 880 4128 divi·
929 4075 991 4124 tura
1005 4068 1062 4125 solo
1073 4069 1194 4140 jubentis
1211 4071 1295 4127 rerba
1317 4069 1389 4127 iacta
1413 4078 1454 4127 est
1479 4089 1487 4126 r
1507 4078 1539 4126 ut
1560 4071 1674 4130 habetur
1687 4073 1715 4130 ln

89 4186 136 4227 uae
151 4167 337 4224 auhumanal
360 4166 490 4223 ilumanae
513 4165 626 4232 scilicet,
653 4173 684 4219 ut
706 4165 732 4219 in
758 4162 879 4235 symbolo
929 4159 1056 4231 psalmo.
1079 4160 1138 4232 lpse
1152 4161 1231 4226 diait,
1253 4171 1278 4215 ει
1290 4160 1512 4233 tartareumque
1531 4162 1674 4229 mandant,
1690 4171 1716 4218 et

89 4257 298 4326 earrmturtqai
310 4255 431 4313 aseendit
453 4255 480 4311 in
505 4255 639 4320 acclamet
661 4252 880 4309 sedetadextris
931 4257 1019 4304 creata
1033 4260 1093 4304 auat
1109 4246 1197 4321 (Pani.
1210 4267 1323 4319 cuturn,
1343 4250 1381 4324 ii).
1406 4251 1461 4308 Cur
1473 4266 1569 4324 parum
1589 4251 1639 4308 luit
1658 4249 1716 4321 ius·

90 4350 156 4408 bei·
176 4346 251 4404 Unde
263 4355 289 4403 ει
302 4347 404 4406 liareus
424 4348 587 4419 evangebsta
616 4349 643 4402 in
668 4345 721 4403 line
742 4345 879 4414 Evangelii
932 4341 1192 4406 aiodicentis,sieut
1213 4341 1241 4397 ιιι
1260 4344 1365 4399 ceteris
1385 4343 1510 4401 omuibus
1529 4344 1668 4407 creaturis,
1683 4343 1716 4399 ad

90 4441 136 4499 sui
153 4439 195 4494 ait
210 4437 263 4493 :Et
273 4438 510 4511 Damirasuaidem
522 4439 593 4494 beas
616 4437 727 4511 [darnah
743 4447 879 4508 postquam
932 4435 1012 4491 unius
1023 4431 1141 4489 hominis
1153 4432 1379 4502 procreationem,
1402 4434 1426 4488 si
1439 4433 1622 4490 tantummodo
1634 4446 1717 4503 purus

90 4534 200 4588 ιειειιεε
210 4539 256 4597 ert,
271 4541 417 4603 εειειιιριεε
426 4539 464 4586 εει
476 4533 504 4586 in
516 4530 617 4596 calam,
629 4539 655 4584 ει
668 4530 764 4585 εειιιιε
782 4527 880 4583 deatum
893 4494 923 4560 n
934 4528 1015 4584 lromo
1034 4531 1113 4581 natus
1132 4531 1184 4589 est,
1199 4531 1227 4581 et
1240 4539 1293 4579 non
1308 4523 1388 4588 ὓειιε,
1409 4522 1452 4578 rel
1470 4523 1552 4579 etiam
1569 4523 1618 4579 bei
1634 4521 1720 4582 Filias

90 4623 146 4678 Dei
158 4621 253 4694 (flare,
262 4638 318 4689 m,
330 4623 385 4696 19),
400 4621 509 4678 Natum
523 4623 566 4679 cui
586 4623 687 4678 dicum}
703 4630 754 4688 est,
770 4631 840 4676 terra
854 4636 880 4676 es
935 4615 1032 4672 verus?
1047 4612 1101 4669 Sed
1114 4613 1159 4668 illa
1171 4613 1266 4683 utique
1277 4611 1367 4671 omnia
1383 4625 1465 4682 opera
1477 4611 1658 4686 angelicarum
1671 4626 1719 4686 pl)-

89 4717 163 4774 aa„
171 4717 326 4771 gemam,
339 4715 414 4788 (cm,
435 4716 736 4790 1„‚pp),pu10grcrum
755 4724 807 4780 est,
821 4713 882 4770 ,m
935 4710 1073 4768 testatum,
1096 4701 1270 4757 relomuium
1283 4708 1469 4758 creaturamm
1491 4698 1562 4755 lacta
1587 4709 1650 4758 suut
1671 4717 1720 4773 per

91 4824 110 4860 a
125 4804 300 4860 damnareris
313 4803 466 4876 (Proteus,
480 4805 516 4877 ι).
535 4823 544 4855 ι
559 4803 616 4861 Hoc
627 4803 695 4859 dixin
706 4803 842 4867 chr-iscus,
853 4809 885 4858 ur
933 4791 1083 4865 jussionem
1098 4789 1147 4846 bei
1162 4786 1306 4847 :nativitas
1317 4796 1407 4843 autem
1419 4787 1467 4843 liei
1480 4786 1541 4844 Filii
1551 4790 1654 4861 agenda
1664 4793 1719 4844 rlon

90 4895 195 4951 bearm
203 4891 382 4964 Hieronymus
393 4893 516 4965 exposuit
535 4893 561 4948 in
590 4900 705 4947 tractatu
720 4889 798 4959 huius
810 4887 882 4961 psal·
934 4890 1004 4946 erat,
1016 4880 1067 4936 nisi
1080 4895 1128 4950 per
1138 4879 1283 4936 adrentum
1305 4886 1333 4933 ει
1352 4880 1536 4950 operationem
1550 4888 1648 4937 sauata
1660 4878 1720 4935 Tri·

93 4984 135 5041 nri
152 4994 179 5049 ⁸,
190 4984 223 5039 ad
231 4982 394 5050 Pharisaeos,
404 4983 449 5053 qui
463 4981 611 5054 simplicem
624 4981 709 5036 filium
722 4979 806 5035 bauid
819 4992 885 5036 eon·
937 4973 1030 5030 nitatis
1044 4988 1051 5023 z
1063 4971 1125 5042 quia
1139 4977 1166 5025 et
1176 4968 1280 5040 concipi
1296 4969 1366 5026 beus
1376 4971 1411 5026 ab
1424 4971 1547 5037 homine,
1560 4968 1612 5026 nisi
1627 4983 1656 5024 so
1670 4967 1720 5023 do·

92 5074 411 5132 brebanturChrisarm:
427 5073 458 5130 Si
482 5073 552 5145 plius
574 5081 611 5128 εει
636 5071 731 5138 Dauid,
754 5069 884 5143 quomado
936 5074 1032 5128 uanter
1047 5061 1174 5129 etuasci,
1198 5063 1303 5119 nisiae
1327 5062 1463 5129 illabente,
1487 5076 1541 5118 non
1555 5063 1670 5131 peterat
1687 5056 1720 5113 Et

91 5173 174 5222 εεωι
186 5163 271 5234 mium
287 5180 365 5220 raam
378 5163 541 5220 Damnum!
554 5184 564 5219 ι
585 5163 620 5218 Et
635 5161 715 5232 paulo
728 5168 799 5233 post,
812 5160 884 5221 idem
937 5151 1185 5224 ldeaarcbangelus
1197 5160 1419 5224 superventuram
1437 5148 1541 5222 Virgini
1554 5147 1722 5219 maiestatem

91 5259 178 5329 ipse:
194 5270 205 5305 ι
219 5252 313 5309 l'idete
325 5267 391 5324 ergo
404 5252 469 5323 quid
487 5253 573 5310 dicit:
590 5252 662 5308 [linit
682 5251 810 5307 Dominus
831 5248 886 5305 Do·
939 5259 1046 5303 sacram
1058 5244 1193 5303 iudicabat
1204 5259 1211 5300 t
1221 5243 1385 5300 uidelicetut
1396 5241 1460 5312 quia
1478 5238 1521 5309 agi
1533 5245 1608 5294 unm
1621 5251 1665 5293 rea
1675 5246 1725 5308 per

91 5347 173 5402 nina
191 5359 258 5398 ειεε.
272 5342 342 5400 Num
355 5344 401 5402 bic
414 5341 518 5416 [Furta
535 5341 608 5416 huic]
630 5341 673 5399 eui
690 5341 889 5413 praecipitarat
939 5338 1087 5396 humanum
1108 5333 1228 5392 oldcium
1250 5349 1305 5390 nou
1327 5332 1447 5396 valebat,
1467 5327 1551 5400 ipsius
1570 5325 1723 5384 adiuturam

92 5434 210 5493 εειιεειι
223 5432 295 5491 liam
308 5448 362 5492 non
376 5434 463 5501 sedet,
482 5433 630 5505 assumptio
654 5428 779 5506 eorporis
799 5429 886 5487 sedet.
940 5429 1043 5486 diceret
1055 5424 1222 5496 majestatem
1244 5421 1428 5488 incorrepta,
1447 5415 1494 5487 qul
1506 5422 1566 5471 erat
1578 5412 1684 5471 riuus
1695 5410 1724 5470 ln

93 5527 171 5584 llnie
192 5540 260 5597 erga
280 5524 437 5596 praecipitur
456 5533 486 5580 at
507 5523 608 5582 sedeat.
631 5525 693 5596 qula
716 5520 885 5598 [Hiar.,qui]
938 5525 1028 5591 partu.
1039 5513 1146 5586 Etonia
1159 5512 1231 5567 beas
1242 5507 1397 5582 supervenit
1413 5507 1442 5564 in
1465 5497 1724 5578 maurannetus

135 5667 150 5695 ⁸
167 5656 196 5712 S.
212 5656 299 5724 ilion,
311 5655 339 5710 in
352 5655 490 5712 Breviaria
510 5655 538 5710 in
550 5653 720 5719 Psalterium,
741 5654 813 5724 quod
825 5653 888 5710 huie
914 5689 918 5698 -
939 5648 1162 5706 emditisnostrae
1176 5643 1342 5701 :etatisinter
1352 5641 1489 5716 supposita
1500 5638 1589 5695 aldem
1598 5633 1724 5712 mascula

94 5735 197 5784 sancto
212 5724 287 5780 Patri
297 5723 427 5785 arcemus
447 5722 554 5794 quidem
567 5722 703 5791 attribuit;
719 5739 733 5778 a
747 5723 814 5779 viris
824 5737 888 5782 tero
941 5718 1071 5792 rejicitur.
