3780 6120
102 339 155 395 889

648 327 884 385 brunstattct.
901 359 934 369 —

954 329 1191 386 utratrmrtct.
1670 308 1735 392 'eoo

101 471 143 524 ut,
159 457 308 522 nomadum,
324 472 366 519 θη,
382 470 437 507 cut·
454 449 668 506 Demonsttaliva
688 463 794 518 quoque
808 454 834 502 et
848 447 889 501 in·
904 447 1101 512 adicendum
1125 449 1186 512 scd,
1206 447 1262 518 leqo
1284 458 1307 501 et
1321 448 1405 502 acribo
1421 489 1428 513 ,
1452 448 1530 504 doceo
1552 460 1576 504 et
1595 453 1684 510 discis.
1705 454 1735 516 Si

103 549 267 622 terrogativa
281 556 308 602 ct
318 547 461 611 hortativa,
473 552 500 598 et
516 541 708 607 similitudinis,
724 540 845 595 vocativa
865 547 893 594 et

102 643 219 713 optativa
238 638 366 694 adverbia
387 644 588 706 praeponuntur,
610 640 657 699 ut,
673 650 722 698 en,
741 649 814 695 ecce,
834 648 891 695 cnr,

100 749 182 804 quare
191 772 198 798 ,
208 731 261 796 eia,
274 746 332 799 ope,
346 743 408 792 cen,
420 725 511 796 quusi,
524 725 603 790 freae,
617 732 728 777 atinam.
744 722 783 776 En
797 721 892 786 babes,

101 821 217 884 Francc,
231 819 264 874 de
279 817 405 872 adverbio
418 815 493 869 satis.

137 912 188 967 fn.
218 910 277 966 Non
308 907 396 973 satis3
425 921 570 976 pausemus
599 912 688 960 mareu
720 902 754 958 ad
784 903 889 957 boram.

100 1037 136 1055 -·
149 1006 232 1061 Saxo.
245 999 405 1058 Pansemus.

364 1133 409 1188 bn
425 1130 626 1187 enattcteto.

137 1270 218 1347 292
227 1273 278 1330 Fr.
290 1271 386 1341 Surge,
398 1267 480 1324 Saxo.
489 1267 611 1322 -Saxo
624 1266 693 1335 Quid
706 1267 757 1332 vis,
769 1266 891 1323 Franco?

136 1369 187 1422 Fn.
203 1366 238 1423 Ut
252 1364 357 1434 regulas
370 1361 572 1433 participiorum
588 1358 690 1430 pandas
710 1358 776 1413 mibi
799 1358 889 1412 velim.

100 1492 137 1502 -
152 1459 233 1514 Saxo.
252 1455 380 1510 Pandam.
399 1452 451 1508 Sed
471 1451 515 1505 illa
532 1465 596 1520 pars
611 1464 707 1518 parum
726 1448 790 1518 quid
811 1447 892 1503 babet

103 1548 284 1607 obscuritatis.
303 1546 404 1600 Tamen
427 1542 528 1612 siquid
545 1557 612 1611 opus
629 1541 727 1605 babes,
744 1540 889 1610 interroga.

137 1638 187 1694 Fa.
206 1637 298 1692 Primo
313 1630 532 1701 interrogandum
550 1642 621 1692 reor,
636 1626 705 1681 unde
718 1624 891 1696 participium

102 1730 204 1786 dictura
228 1728 272 1782 sit.
294 1755 330 1765 -
350 1722 432 1778 Saxo.
453 1718 629 1789 Participium
642 1716 743 1771 dictum
756 1723 812 1778 est,
827 1715 892 1784 quia

101 1822 208 1893 'partem
222 1815 338 1871 nominis
352 1821 509 1883 partemque
524 1809 600 1864 verbi
616 1814 704 1872 tenet,
724 1815 753 1861 et
771 1805 888 1861 medium
905 1792 927 1851 Β

103 1913 175 1966 inter
188 1924 219 1963 ea
232 1907 319 1961 locum
333 1904 430 1969 babet,
444 1910 471 1956 et
484 1915 590 1971 semper
608 1900 636 1953 in
649 1897 814 1953 derivatione
833 1906 889 1964 est;

102 2001 175 2073 qnod
191 1999 264 2055 nulla
281 1997 331 2051 alia
343 2011 407 2066 pars
423 1992 553 2050 orationis
570 1989 666 2054 babet,
680 1988 743 2043 dum
756 1988 815 2043 aliae
827 2003 890 2058 par-

103 2105 144 2149 tes
162 2090 314 2161 primitivas
329 2087 429 2140 babent
442 2083 563 2153 species,
577 2081 649 2135 unde
668 2079 834 2144 derivantur,
851 2087 889 2143 nt,

102 2200 201 2254 arepe,
218 2178 314 2250 regalis
329 2162 365 2231 :a
379 2175 428 2230 mei
437 2216 444 2240 ,
460 2188 536 2228 mens
550 2187 585 2226 :a
604 2171 704 2241 feretro,
722 2170 859 2236 fervesco;
875 2185 891 2224 a

100 2289 196 2345 prope,
210 2269 321 2341 propius
337 2286 343 2320 :
366 2268 399 2320 ab
413 2281 461 2330 ea,
481 2271 569 2318 extra.
584 2260 726 2330 Participia
742 2276 806 2316 vero
821 2275 892 2315 scm-

102 2379 152 2436 per
164 2377 179 2417 a
195 2359 286 2416 verbis
298 2358 465 2422 derivantur,
481 2363 508 2409 et
522 2351 750 2422 comparationem
765 2366 818 2405 non
832 2366 893 2420 pos-

101 2465 165 2512 sunt
176 2453 289 2515 babere,
306 2450 334 2506 Si
350 2456 550 2520 comparantur,
566 2453 706 2500 transeunt
718 2445 745 2498 in
760 2445 890 2499 nomina:

102 2555 149 2609 ut,
170 2557 264 2598 amans
280 2538 315 2595 ab
337 2556 396 2592 anto
413 2536 496 2592 verbo
513 2534 634 2589 venicus.
655 2533 684 2588 Si
701 2532 768 2589 iacis
786 2550 889 2599 amona,

101 2635 244 2701 amantior,
266 2630 479 2694 amantissimus,
506 2641 604 2682 nomen
630 2633 687 2694 est,
708 2641 804 2680 carens
822 2634 891 2680 tem-

100 2743 178 2801 pore.

136 2817 184 2871 b'n.
206 2813 260 2870 Sed
279 2813 349 2868 unde
368 2822 484 2880 agnosco
505 2822 539 2862 an
560 2821 658 2862 nomen
673 2807 708 2862 sit
724 2806 769 2862 vel
782 2806 891 2878 partici-

99 2910 175 2982 pium
193 2907 255 2962 talis
270 2904 368 2961 dictio?
380 2932 413 2942 -
431 2901 513 2991 quo.
529 2898 567 2954 Ex
585 2913 696 2953 casuum
711 2898 891 2953 circumstan-

100 3004 149 3058 tia.
164 2999 231 3054 Nam
246 2995 415 3068 participium
437 3006 528 3048 casum
548 2990 590 3045 sui
611 2989 687 3044 verbi
700 2990 832 3060 seqnitur,
848 2997 888 3055 nt,

99 3111 161 3151 arno
173 3093 246 3148 iliam
257 3131 264 3157 ,
277 3105 368 3143 amans
381 3084 465 3139 iilam.
480 3083 583 3137 Nomen
602 3097 666 3136 vero
681 3082 703 3135 si
720 3079 780 3145 fiet,
795 3096 888 3135 casnm

944 538 1114 608 participium
1128 538 1189 592 loco
1203 538 1303 608 prioris
1317 538 1392 593 uerbi
1407 553 1501 608 ponas,
1517 541 1585 596 bene
1598 542 1657 597 sine
1671 561 1736 603 con·

938 629 1077 700 junctione
1096 631 1242 701 profertur,
1260 640 1305 697 nt,
1321 630 1407 702 lepens
1423 633 1518 697 scribo,
1533 633 1628 690 doceor
1643 637 1734 694 diocia.

941 722 1026 792 igitur
1039 723 1211 794 participium
1225 724 1363 778 inventum
1376 733 1427 788 est,
1441 733 1471 778 ut
1485 725 1512 778 in
1528 727 1696 785 nominativo
1709 741 1736 786 et

941 812 1064 866 vocativo
1075 812 1133 867 sine
1144 813 1494 884 corrjunctioneproferatnr
1504 831 1565 870 cum
1577 818 1630 873 alio
1641 822 1735 886 verbo,

942 900 1191 972 anteponerem,
1207 918 1271 973 pro,
1288 905 1346 975 lego
1362 914 1389 959 ct
1402 907 1487 962 doceo
1502 927 1509 962 ι
1526 916 1564 975 et,
1580 909 1666 981 lepeno
1681 913 1735 982 fac,

941 1007 1000 1063 pro,
1013 991 1070 1062 lege
1082 1003 1109 1048 et
1119 992 1171 1055 iac,
1184 1010 1243 1064 quae
1255 994 1353 1065 positio
1368 997 1538 1052 intransitiva
1551 1008 1602 1054 est.
1619 1001 1669 1056 boc
1681 1013 1734 1068 est,

943 1085 1027 1153 ipsam
1041 1086 1160 1140 ostendit
1173 1086 1200 1139 in
1216 1101 1246 1140 se
1260 1102 1368 1143 manere
1384 1103 1534 1157 personam.
1548 1090 1655 1163 Obliqui
1671 1108 1736 1150 vero

942 1188 1022 1228 casus
1035 1175 1239 1244 participiorum
1252 1177 1285 1230 ad
1299 1177 1351 1231 boc
1362 1186 1425 1232 sunt
1436 1179 1525 1241 utiles,
1540 1182 1611 1248 quod
1625 1197 1677 1236 uon
1693 1196 1736 1238 so·

942 1266 997 1320 lum
1009 1267 1067 1321 sinc
1077 1266 1266 1336 conjunctione
1278 1268 1463 1338 proferuntur,
1476 1272 1615 1326 sedetiam
1626 1273 1735 1329 adalias

943 1365 1083 1412 transcant
1100 1373 1245 1428 personas;
1266 1367 1306 1424 ut,
1323 1359 1439 1413 docentis
1458 1362 1553 1431 potior,
1571 1363 1675 1419 docenti
1695 1383 1736 1420 re·

940 1447 1066 1518 spondeo,
1084 1449 1217 1502 docentem
1231 1448 1321 1512 audio,
1333 1447 1378 1501 ttto
1391 1448 1497 1503 docente
1506 1451 1597 1505 didici.
1659 1460 1666 1472 ·

976 1538 1025 1592 fn.
1044 1538 1116 1606 Qum
1127 1537 1253 1593 accidunt
1266 1539 1410 1607 participio
1424 1537 1490 1609 [Al.,
1503 1541 1635 1596 accedunt
1650 1546 1735 1613 parti-

941 1628 1098 1700 cipiislt-
1110 1626 1191 1683 Saxo.
1213 1627 1277 1683 Sex.
1297 1627 1400 1693 Genua,
1415 1645 1492 1684 carus
1510 1645 1544 1685 ex
1563 1634 1680 1701 nomine,
1699 1638 1735 1690 si-

941 1718 1094 1790 pnificatio,
1114 1728 1215 1789 tempus
1238 1733 1273 1773 ex
1295 1720 1397 1786 verbu,
1421 1736 1564 1790 numeror,
1586 1722 1673 1794 fipnro
1700 1741 1734 1782 en

942 1819 1066 1880 utroque.

976 1902 1026 1956 Fr.
1046 1902 1117 1970 Quot
1137 1919 1237 1975 genera
1255 1906 1358 1961 babet?
1370 1936 1407 1946 -
1421 1904 1504 1964 Saxo.
1519 1907 1648 1975 Quatuor.
1665 1911 1736 1969 llas-

941 1991 1076 2058 cnlinnm,
1094 2002 1134 2059 ut,
1152 2004 1266 2049 amotus.
1282 1995 1467 2062 Femininum‚
1485 2005 1526 2064 ut,
1548 2010 1647 2056 amato.
1663 2001 1736 2057 Nen-

940 2087 1025 2147 trum,
1042 2090 1081 2148 ut,
1098 2093 1226 2137 amatam.
1242 2083 1338 2140 Omnis
1352 2087 1473 2156 generis,
1489 2094 1530 2153 ut,
1543 2088 1584 2142 bic
1597 2098 1624 2144 et
1638 2090 1693 2146 bac
1708 2104 1736 2149 et

940 2172 989 2225 boc
1001 2189 1102 2227 amana.
1115 2173 1181 2228 Nam
1197 2190 1339 2230 commune
1353 2176 1434 2231 duum
1450 2193 1579 2247 generum
1594 2190 1622 2236 et
1635 2184 1734 2252 epicoe-

941 2279 1056 2319 nomena
1071 2263 1136 2337 [dl.,
1153 2267 1294 2339 epicenon]
1318 2268 1345 2322 in
1370 2270 1512 2340 participio
1534 2272 1665 2338 inveniri,
1687 2292 1735 2330 na-

941 2362 1001 2409 tura
1016 2356 1073 2427 ipsa
1087 2357 1221 2427 probibet.
1238 2357 1306 2414 Cum
1321 2360 1393 2415 euim
1408 2362 1509 2427 verba,
1527 2378 1558 2418 ex
1574 2367 1671 2435 quibus
1685 2383 1733 2423 na-

941 2455 1053 2502 scuntur
1066 2449 1219 2519 participia,
1234 2451 1338 2520 pariter
1352 2453 1477 2510 oninibus
1488 2451 1637 2527 jungantur
1650 2475 1733 2529 gene·

941 2544 1032 2610 ribus,
1045 2551 1088 2608 ut,
1104 2543 1164 2617 lepit
1181 2547 1228 2611 eir,
1251 2543 1311 2619 fagit
1329 2546 1445 2617 femina,
1466 2548 1527 2620 fepit
1549 2555 1733 2626 mancipium:

940 2637 1095 2691 necessario
1115 2637 1305 2708 participium,
1331 2638 1402 2708 quod
1425 2653 1458 2695 ex
1486 2656 1519 2696 eo
1541 2645 1733 2716 proficiscitur,

939 2726 1040 2782 eisdem
1060 2726 1203 2797 generibus
1223 2729 1381 2784 associatur.
1401 2728 1435 2784 Et
1456 2745 1537 2786 omne
1557 2734 1732 2806 participium

940 2816 968 2871 in
982 2834 1030 2871 ona
1040 2816 1082 2871 vel
1093 2817 1119 2871 in
1131 2834 1187 2882 ena,
1198 2834 1317 2888 praesens
1330 2829 1357 2875 et
1366 2821 1533 2890 praeteritnm
1545 2823 1733 2895 imperfectum

940 2908 996 2961 sive
1020 2907 1099 2961 triam
1114 2921 1241 2975 generum
1257 2917 1315 2973 est;
1332 2918 1376 2975 ut,
1395 2911 1438 2964 bic
1453 2919 1481 2967 et
1501 2913 1557 2967 fatre
1570 2924 1597 2969 et
1612 2915 1660 2971 boc
1674 2917 1736 2975 fau·

940 2997 1017 3062 dona,
1037 2997 1148 3060 docens,
1163 2997 1397 3068 inpetra‚audienr.
1415 3000 1443 3056 Si
1459 3017 1522 3057 vero
1541 3004 1567 3058 iit
1587 3023 1618 3059 ar
1634 3007 1733 3063 liniun-

939 3097 994 3152 tur,
1009 3089 1146 3157 praeterita
1161 3089 1203 3143 tel
1217 3089 1318 3156 futura,
1331 3092 1440 3147 mobilia
1454 3104 1516 3149 suut
1529 3113 1577 3166 per
1590 3099 1639 3152 tria
1653 3116 1734 3169 genc-

96 3184 217 3240 Verbalis
236 3180 301 3254 [tif-r
317 3174 454 3248 l'sslbiilllssi
470 3173 585 3229 ”Offiiflis
605 3170 735 3240 seflflstffl'·
753 3178 792 3236 ¹¹¹,
816 3163 925 3227 “mil-C
941 3194 985 3242 m,
1001 3187 1031 3233 ut
1041 3188 1161 3245 arontam,
1176 3190 1275 3246 aurata,
1292 3191 1419 3236 ornatum.
1432 3183 1585 3251 amaturos,
1598 3199 1733 3257 amatura,

98 3285 142 3330 tor
154 3273 238 3336 itlius,
253 3273 291 3326 sic
304 3269 436 3324 dicimus:
450 3282 541 3321 amona
553 3263 634 3317 illino.
647 3262 729 3317 lfides
742 3258 816 3332 quod
827 3277 889 3331 par·
939 3278 1098 3322 aprutinum,

99 3366 221 3435 tieipium
235 3359 400 3422 accusativo,
413 3372 509 3412 nomen
524 3352 783 3425 genitivojungitur.
798 3350 891 3406 Sedet
973 3359 1022 3413 fn.
1041 3359 1125 3416 Casus
1146 3362 1350 3433 participiorum
1374 3380 1479 3436 expone
1501 3368 1577 3423 mibi.
1595 3401 1630 3410 -
1648 3369 1731 3428 Sirio,

97 3455 239 3527 Ρθῐῑῑῦῑβῑῧ
253 3461 359 3520 lembus
372 3449 534 3519 Significant·
938 3449 1024 3507 casos
1035 3451 1240 3523 participiorum
1253 3469 1299 3509 sex
1315 3463 1387 3519 suut,
1401 3456 1471 3510 sicut
1481 3465 1508 3511 et
1520 3460 1667 3516 nominum.
1679 3461 1735 3519 Neu

136 3545 186 3600 ἢ·
198 3541 323 3614 Numquid
337 3555 390 3594 ¹¹⁰⁰
403 3538 528 3608 quaedam
542 3536 649 3591 ¹¹⁰f⁰l¹¹³
663 3550 770 3605 l¹¹⁰l⁰0
785 3543 889 3605 lembus
938 3549 1001 3596 suut
1014 3541 1122 3596 inventa
1137 3541 1280 3612 participia
1293 3543 1320 3597 in
1337 3544 1427 3615 aliquo
1442 3561 1505 3601 casu
1519 3549 1682 3617 deficientia,
1698 3554 1735 3609 si-

98 3632 270 3707 tignlsscflssh
286 3637 316 3682 ut
331 3643 431 3691 annus,
453 3627 569 3689 mensis,
589 3626 662 3688 dies,
686 3626 770 3689 hora,
790 3635 818 3680 et
837 3625 889 3681 alia
938 3641 984 3688 eut
998 3628 1078 3705 293
1093 3649 1142 3689 acc
1158 3636 1266 3689 nomina
1278 3636 1388 3691 mobilia
1402 3637 1444 3692 vel
1458 3655 1485 3692 m
1500 3639 1566 3695 duas
1579 3642 1733 3701 desinentes

100 3721 331 3791 multal-—Stxo
341 3718 510 3789 Significant.
520 3716 573 3770 Sed
582 3717 771 3785 interestqnod
780 3718 888 3771 nomina
939 3732 1127 3778 consonantes.
1142 3723 1207 3791 Qua
1221 3726 1293 3780 enim
1312 3725 1456 3794 deficiunt,
1471 3727 1524 3783 fisa
1540 3741 1616 3798 sunt;
1632 3743 1676 3800 nt,
1692 3735 1733 3804 sas

100 3817 145 3871 illa
158 3813 224 3869 nibil
235 3811 307 3866 aliud
320 3808 485 3879 significant,
497 3805 550 3860 nisi
562 3807 649 3875 ipsum
659 3813 767 3874 tempus
781 3820 887 3874 perse:
940 3810 1062 3884 [ditione]
1076 3813 1146 3866 tado.

99 3904 242 3976 partieipia
256 3904 345 3971 itaque
357 3901 490 3954 actionem
503 3898 545 3952 vel
560 3897 712 3967 passionem
732 3896 758 3949 in
770 3895 890 3964 quolibet
974 3903 1023 3957 Fa.
1044 3902 1183 3969 Quomodo
1198 3904 1367 3960 declinantur
1381 3908 1584 3979 participiai—
1596 3911 1678 3970 siro,
1692 3915 1734 3971 Ad

100 4009 222 4068 tempore
243 3995 303 4050 fteri
321 3995 521 4054 demonstrant,
534 4004 587 4043 non
602 3989 690 4059 ipsum
708 3995 835 4056 tempus:
856 3987 891 4042 m
939 3994 1141 4048 similitudinem
1162 3995 1300 4048 nominum
1321 3995 1349 4050 in
1369 4014 1413 4051 ens
1432 3998 1630 4069 desinentium,
1645 4005 1688 4062 vel
1706 4007 1733 4062 in

99 4092 171 4161 equod
180 4087 351 4160 participium
362 4083 518 4154 exsequitur
529 4096 617 4144 casus,
630 4093 698 4148 quos
709 4085 737 4133 et
747 4079 843 4144 verba,
855 4092 888 4131 en
938 4101 970 4138 aa
985 4083 1135 4139 monilium,
1729 4151 1732 4156 Ι

99 4180 198 4251 quibvs
211 4185 359 4233 nascuntur
374 4191 381 4228 t
394 4184 422 4229 et
436 4172 506 4243 qnod
521 4169 664 4225 verborum
679 4166 889 4239 significationes
973 4174 1023 4228 Fre.
1045 4173 1176 4244 Tempora
1196 4176 1400 4248 participiorum
1420 4180 1536 4250 qualiter
1555 4188 1686 4240 currunt?
1699 4219 1733 4231 -

100 4271 214 4336 babent,
228 4278 255 4323 et
275 4269 346 4340 quud
364 4265 507 4338 proverbe
521 4269 667 4333 ponuntur.
688 4258 765 4316 Unde
779 4260 888 4330 quidam
940 4264 1022 4321 siro.
1036 4264 1184 4335 Participia
1199 4267 1343 4337 conjuncta
1358 4271 1472 4337 babent,
1490 4272 1559 4328 sicut
1572 4276 1655 4331 verba
1670 4276 1732 4333 ind-

99 4363 268 4435 participium
286 4361 398 4415 verbnm
423 4355 530 4412 casuale
553 4353 708 4416 nominant;
732 4352 795 4419 qnia
817 4351 889 4418 quod
939 4359 1032 4421 nitiva,
1048 4359 1136 4424 idest,
1150 4369 1386 4432 prasenstempns
1400 4362 1496 4437 [Edit.‚
1511 4369 1652 4436 praesentis
1665 4377 1733 4424 tem·

97 4455 181 4511 norbo
193 4468 242 4524 Per
252 4469 281 4513 Se
294 4453 385 4514 deest,
401 4450 428 4503 ill
442 4455 483 4502 esi
495 4460 589 4510 035115,
603 4440 724 4513 Ρθθὸῑᾶθῑ
738 4442 768 4495 5¹¹
779 4439 889 4510 basilei·
938 4449 1023 4522 poris]
1048 4458 1075 4504 ct
1100 4452 1264 4520 praeteritum
1292 4452 1490 4524 imperfectum.
1513 4455 1579 4511 ltern
1600 4460 1730 4529 praeterit.

97 4548 152 4617 pio.
174 4545 235 4600 ldeo
255 4546 281 4599 iu
301 4541 501 4597 constructione
519 4553 567 4608 per
584 4536 707 4605 obliquos
725 4548 821 4599 casus,
841 4510 1051 4612 ubiDpertect.
1074 4550 1102 4597 ct
1135 4542 1390 4614 plusquamperfect.
1426 4545 1540 4615 pariter,
1566 4554 1596 4600 ut
1616 4565 1623 4601 ι
1645 4546 1732 4619 tapam

97 4639 209 4693 verbum
221 4637 298 4708 jungi
310 4651 363 4689 uota
379 4643 477 4705 potest,
492 4631 663 4704 participium
680 4629 739 4683 loco
753 4626 828 4681 verbi
842 4640 888 4680 su·
938 4632 1032 4697 acribo,
1045 4631 1131 4703 tepens
1142 4633 1285 4687 scribebam
1293 4653 1302 4698 ,·
1313 4633 1394 4688 lectas
1407 4635 1456 4704 fui,
1471 4634 1552 4690 lectas
1565 4635 1678 4706 fueram.

97 4732 152 4795 bit;
169 4740 199 4785 ut
217 4731 298 4783 tonna
316 4727 416 4800 [bomo]
439 4726 592 4797 loquebatur
606 4738 616 4776 .·
632 4723 693 4777 loni
712 4720 825 4774 tramittit
848 4718 888 4772 1⁰-
973 4725 1022 4779 Fu.
1040 4725 1082 4778 dn
1104 4739 1136 4780 ex
1160 4725 1233 4779 omni
1257 4723 1451 4794 significatione
1471 4724 1621 4783 verborum
1640 4728 1731 4786 otrttria

96 4822 199 4891 patentia
222 4820 366 4873 orationem
386 4817 490 4881 andini,
512 4816 579 4869 bono
596 4813 695 4868 bomini
715 4811 829 4881 loquenti
846 4826 887 4863 re-

96 4911 207 4982 spondi5
226 4911 320 4964 bonnm
342 4909 470 4962 bominem
488 4907 632 4977 loquentem
650 4904 756 4969 aodioi;
775 4913 803 4956 tu
823 4903 887 4956 bone

96 5005 175 5057 bomo
189 5001 336 5073 loquere,·a
351 5000 417 5053 bono
427 4997 531 5051 bomine
544 4996 663 5068 loquente
673 4995 765 5048 didici.
779 4992 835 5066 [Et]
853 5008 887 5048 ex

95 5112 130 5152 eu
145 5094 326 5151 nominativus
344 5102 371 5146 et
383 5093 522 5146 vocativus
533 5090 600 5145 recti
612 5103 692 5144 casus
703 5087 886 5152 nominantur,

96 5187 160 5258 quia
174 5201 222 5256 per
236 5201 264 5239 se
276 5183 365 5238 verbis
375 5182 452 5253 iungi
468 5191 588 5250 possunt.

132 5283 153 5336 F
156 5300 182 5336 a.
203 5282 288 5348 Quam
307 5280 450 5334 utilitatem
469 5276 550 5332 babet
565 5275 734 5346 participium
752 5276 780 5330 in
801 5275 888 5330 nomi-

97 5378 189 5434 nativo
203 5385 231 5432 et
242 5376 380 5438 vocativo,
396 5374 418 5428 si
439 5373 479 5428 sic
493 5371 568 5426 verbi
587 5371 647 5426 loco
665 5369 780 5439 obliquis
790 5366 888 5440 junga-

97 5470 160 5526 tur?
171 5501 205 5508 -
221 5469 303 5523 Saxo.
319 5466 395 5532 Quod
414 5467 495 5520 verba
516 5464 574 5518 sine
593 5459 781 5528 conjunctione
797 5459 825 5514 in
839 5473 888 5514 no-

96 5562 229 5618 minativo
242 5569 269 5615 et
281 5559 405 5614 vocativo
418 5555 581 5626 conjungere
596 5561 682 5624 potes.
701 5550 768 5606 Nam
782 5549 887 5606 diversa

77 5647 182 5708 'verba
194 5650 252 5706 sine
266 5649 455 5720 coniunctione
469 5646 535 5703 recti
550 5643 628 5718 [lfr.,
642 5641 726 5715 recte]
742 5640 817 5714 jungi
833 5656 887 5697 non

97 5750 229 5824 possum,
242 5751 287 5812 ut,
302 5739 374 5814 lego,
389 5740 489 5808 enaiim·
505 5739 547 5796 vel
564 5738 654 5803 docco,
668 5735 763 5804 discis,
779 5749 832 5792 nou
847 5743 889 5793 eat

939 4824 1059 4884 tempora
1071 4814 1243 4868 inveniuntur
1257 4813 1283 4867 in
1296 4815 1465 4884 participiis?
1475 4847 1509 4856 -
1523 4816 1604 4873 Saxo.
1621 4818 1730 4890 Nequa-

938 4921 1029 4976 quam.
1045 4905 1111 4960 Nam
1123 4920 1185 4961 cum
1198 4906 1317 4975 quinque
1330 4907 1384 4962 sint
1399 4909 1541 4964 verborum
1554 4911 1729 4982 significatio-

939 5011 996 5061 nes,
1013 4996 1111 5062 activa,
1122 4996 1240 5067 passiva,
1252 5003 1359 5064 neutra,
1372 5001 1534 5065 communia,
1551 5000 1727 5071 deponentia;

938 5087 1080 5159 participia
1100 5087 1134 5143 ab
1156 5088 1252 5142 activis
1278 5089 1386 5156 quidem
1409 5098 1437 5143 et
1459 5092 1563 5145 neutris
1588 5091 1731 5161 praesentis

939 5179 1071 5250 temporis
1081 5179 1253 5233 inveniuntur
1264 5186 1291 5234 ct
1300 5178 1399 5245 futuri;
1415 5190 1444 5233 ut
1456 5196 1558 5245 amana,
1570 5191 1707 5234 amaturus
1719 5193 1729 5231 :

939 5284 1028 5338 otone,
1047 5282 1189 5328 staturus:
1209 5269 1255 5325 scd
1275 5271 1415 5339 praesentis
1435 5271 1605 5343 participium
1622 5282 1649 5327 ct
1666 5272 1731 5327 sub·

939 5365 1086 5421 stamivum
1100 5363 1210 5417 verbum
1225 5379 1298 5428 rom,
1310 5363 1477 5433 praeteritum
1496 5361 1643 5433 perfectum
1663 5378 1727 5433 pro-

938 5455 1065 5520 ferlmns;
1087 5461 1132 5521 ut,
1153 5469 1245 5507 amana
1268 5451 1326 5522 fni,
1341 5451 1430 5522 fuisti,
1451 5452 1517 5522 fnit,
1539 5467 1604 5523 pro,
1627 5454 1729 5519 anlavi,

939 5548 1073 5614 amavisti,
1089 5547 1203 5608 amavit:
1224 5553 1251 5599 et
1268 5546 1308 5601 sic
1327 5561 1376 5615 per
1397 5560 1491 5600 omncs
1509 5545 1603 5601 modos
1616 5545 1644 5600 in
1661 5553 1730 5602 tem-

939 5655 1005 5712 pore
1019 5637 1156 5711 praeterito
1168 5635 1288 5709 perfecto
1302 5645 1330 5691 et
1348 5634 1619 5707 plusquamperfecto.
1636 5635 1730 5705 ltaque

940 5731 1010 5805 quod
1034 5729 1109 5788 deest
1133 5728 1293 5787 naturaliter
1308 5726 1424 5800 simplici
1445 5725 1587 5811 dictione,
1602 5725 1735 5793 implam
