3780 6120
36 1669 37 1673 ,
126 1622 213 1669 stram
234 1627 283 1668 sua
306 1611 407 1668 virtute
429 1613 614 1684 captiuitatem

127 292 182 355 tot

466 298 469 305 ·
499 315 503 322 -
560 287 591 341 n.
611 285 642 339 r,
658 281 770 339 nnarrn
788 280 855 338 son
866 247 1004 339 nacn'lm
1021 280 1164 338 mooun
1181 278 1271 337 rans
1290 278 1332 336 ιι.

1704 270 1760 330 568

164 422 321 482 Secundum
335 435 432 476 nomen
444 426 530 484 inum,
545 416 626 471 Dens.
639 413 783 470 Exaudivit
797 412 830 467 de
850 419 918 468 tem·
931 384 956 456 Ᾰ
970 392 1086 458 ¹0⁰¹¹¹¹¹¹¹2
1101 399 1130 449 ⁶²
1142 391 1240 448 m¹⁸¹⁸¹l
1258 390 1385 447 fliblfflss
1396 388 1570 462 limpham·
1585 394 1612 444 θ(
1625 386 1720 444 illum
1734 386 1761 443 ὅ

128 514 173 586 plo
185 520 279 571 sancto
301 527 351 568 suo
372 525 466 567 rocem
488 523 587 564 meam.
617 504 727 561 Psallite
739 503 795 559 Deo
814 509 918 567 nostro,

129 607 257 680 quoniam
274 620 320 662 rex
334 605 423 661 omnis
442 611 523 658 terrm
537 601 620 656 Dens.

165 698 268 755 Oratio.
282 697 448 753 Admirabile
467 709 564 749 nomen
577 701 669 758 tunm,
685 690 856 763 omnipotens
867 686 914 744 Do

129 793 212 859 mine,
226 790 362 863 supplices
373 802 532 853 exoramus,
545 794 576 842 ut
587 786 635 857 qui
646 799 752 841 omnem
765 788 919 839 creaturam

128 884 222 942 mundi
234 885 268 939 ad
285 880 499 938 usnshominum
514 877 669 947 subiecisti,
682 890 732 932 nos
742 873 776 930 ad
793 880 847 930 tuae
863 884 920 928 ser-

127 975 223 1032 uitutis
235 972 352 1030 olilciom
366 971 462 1042 dignos
475 968 594 1041 digneris
605 966 720 1026 edicere.
732 965 794 1024 Per.

165 1065 232 1121 item
245 1062 349 1120 Oratio.
373 1061 486 1126 Exaudi,
501 1059 623 1127 Domine,
637 1065 728 1115 sancte
740 1057 821 1113 Pater
832 1055 920 1113 omni-

127 1166 223 1227 potens
233 1162 333 1210 aetexm
346 1153 434 1218 Deus,
449 1151 587 1208 orationes
599 1158 721 1217 nostras,
739 1164 808 1220 quas
823 1148 919 1220 pietati

128 1256 180 1302 tuae
199 1245 337 1301 lnndimus
360 1243 388 1299 in
412 1243 572 1299 memoriam
601 1257 687 1299 sacra
712 1240 916 1306 incarnationis,

127 1337 292 1402 nativitatis,
319 1335 469 1408 passionis,
503 1333 727 1400 resurrectionis,
751 1331 919 1389 ascensionis

127 1429 234 1486 Domini
248 1428 335 1484 nostrl
350 1424 414 1484 lesu
429 1426 540 1493 Christi,
554 1426 600 1497 qni
615 1441 665 1499 pro
680 1425 758 1483 nobis
770 1425 917 1490 incarnari,

127 1522 220 1586 nasci,
246 1521 334 1588 mori,
350 1533 511 1592 resurgere,
528 1519 664 1590 coelosqoc
685 1518 846 1582 ascendere,
869 1532 919 1574 no-

640 1612 741 1668 dnceos
762 1612 916 1682 captivam,

125 1702 253 1773 dignatus
266 1709 323 1766 est;
337 1699 396 1771 ejus
409 1696 621 1774 gubernatione,
637 1702 822 1773 protectione,
838 1700 919 1757 mise·

126 1794 254 1860 ricordlo,
268 1808 283 1849 a
298 1794 404 1850 eunctis
417 1794 572 1850 muniamur
583 1792 723 1849 diabolica
737 1791 841 1849 fraudis
851 1793 918 1849 insi·

125 1884 187 1948 diis,
202 1884 249 1955 qni
267 1894 356 1940 tecum
376 1884 442 1941 vivit
465 1884 492 1940 in
506 1884 609 1941 unitate
631 1883 748 1957 Spiritus
768 1884 854 1941 sancti
868 1899 918 1956 per

126 1974 291 2030 immortalia
303 1974 400 2031 secula
413 1974 584 2032 saeculorum.

142 2109 245 2167 lauta
272 2109 355 2167 ltltll
384 2110 417 2169 vt
441 2110 570 2170 unitio
595 2109 719 2167 sinent
740 2108 903 2169 clumam

423 2202 612 2260 manulius.

161 2336 275 2392 Domine
291 2346 385 2394 sancte
396 2337 478 2394 Pater
493 2338 585 2409 agios,
606 2338 639 2393 ad
656 2345 682 2392 te
696 2337 783 2394 levari
797 2337 919 2392 animam

124 2441 223 2481 meam.
244 2427 316 2481 Deus
332 2442 424 2493 meus,
449 2427 510 2497 qnis
528 2427 601 2482 enim
615 2425 758 2496 majortei
777 2425 837 2481 Tibi
856 2441 919 2498 gra-

124 2518 177 2572 tias
191 2525 219 2572 ιι
231 2516 338 2573 landem
358 2516 456 2572 relero.
487 2514 560 2571 Deus
574 2515 728 2580 hbraham,
743 2515 815 2570 Deus
831 2513 916 2580 lsaac,

126 2607 196 2662 Deos
207 2605 306 2672 Jacob,
332 2606 404 2662 Dens
418 2616 526 2676 patrum
539 2615 711 2672 nostmrum,
725 2607 796 2661 Deus
807 2615 917 2678 aposto-

124 2697 224 2760 lorum,
250 2695 322 2750 Deus
334 2695 539 2766 prophetarum,
553 2694 625 2751 Deus
638 2703 803 2769 martymm;
817 2697 918 2768 quies,

123 2787 209 2855 etqui
223 2784 299 2841 luisti
314 2793 377 2840 ante
392 2785 485 2842 mundi
496 2787 728 2843 constitutionem.
757 2787 828 2844 Deus
843 2787 920 2844 viro·

126 2890 195 2942 rom,
225 2884 355 2931 venturus
374 2876 497 2947 judicare
519 2877 595 2933 uiros
619 2884 647 2932 ct
669 2885 808 2943 mortuos,
829 2877 918 2949 quies

125 2966 196 3022 Deus
206 2982 305 3033 verax,
324 2969 370 3037 qni
382 2966 460 3024 sedes
477 2981 559 3038 super
573 2967 729 3032 cherubim,
749 2966 919 3039 etprospicis

968 481 1122 555 prandium,
1133 490 1161 539 et
1172 483 1258 538 dixit:
1274 479 1381 535 Prende
1392 479 1534 551 prandium
1547 478 1618 549 qnod
1626 476 1674 532 titi
1686 475 1762 532 irrisit

969 571 1108 639 Dominus,
1133 570 1167 627 Et
1177 571 1246 626 dixit
1266 568 1362 624 Daniel
1383 588 1389 623 :
1416 567 1479 623 Non
1494 566 1615 639 relinquit
1627 564 1767 622 merten

967 673 1114 738 quaerentes
1137 678 1174 717 se.
1195 659 1299 716 Exaudi
1319 675 1362 716 me
1372 669 1513 726 orantem,
1540 658 1611 714 sient
1623 654 1763 713 annuisti

969 755 1082 814 lobiam
1094 765 1122 812 et
1137 755 1245 821 Soram,
1259 754 1323 810 dum
1335 759 1447 808 orarent
1460 751 1488 806 in
1499 750 1569 806 atrio
1579 748 1677 805 domus
1685 760 1762 805 sone

969 846 1139 905 tnncobtulit
1152 860 1203 918 pro
1225 846 1266 901 eis
1286 842 1406 914 liaphael
1424 841 1536 913 angelus
1547 839 1703 895 orationem
1715 850 1766 896 eo-

969 954 1045 1008 rum;
1061 939 1101 996 sie
1110 936 1339 1008 exandiaspreces
1349 949 1435 1000 meas,
1447 941 1476 989 et
1485 932 1613 988 admittas
1625 930 1660 986 ad
1668 927 1763 986 auin

968 1037 1091 1087 muctam
1105 1037 1181 1083 taam
1191 1026 1330 1083 orationes
1339 1038 1433 1079 meas:
1449 1019 1765 1078 etmotinenterxxitiss

969 1119 1095 1192 angeium
1109 1125 1206 1184 mum,
1229 1116 1277 1189 qui
1291 1115 1383 1171 deleat
1393 1114 1518 1169 universa
1528 1111 1676 1168 commissa
1688 1124 1763 1178 mex,

968 1211 1040 1267 sicut
1060 1209 1157 1266 delesti
1176 1207 1301 1280 spiritum
1313 1203 1481 1261 immundum
1502 1200 1613 1266 aSara,
1635 1199 1694 1255 illia
1708 1199 1766 1256 lia·

968 1301 1040 1375 guel.
1065 1302 1205 1359 illumines
1223 1313 1396 1365 cormeum,
1416 1297 1487 1354 sicut
1501 1291 1767 1351 illuminastlocxios

969 1396 1070 1455 lobia.
1090 1396 1194 1453 Exaudi
1205 1410 1250 1452 me
1264 1400 1402 1458 orantem,
1416 1390 1488 1446 siem
1509 1385 1644 1444 exaudisti
1660 1383 1766 1441 διω-

968 1506 1042 1557 nam,
1054 1500 1082 1547 et
1101 1489 1223 1546 liberasti
1245 1502 1305 1545 eam
1328 1486 1361 1543 de
1374 1484 1501 1541 manibus
1515 1482 1664 1555 seniorum,
1681 1480 1724 1537 sie
1734 1486 1766 1536 et

969 1600 1013 1642 me
1030 1585 1130 1641 liberes
1148 1584 1183 1640 ab
1205 1582 1258 1639 boc
1276 1580 1384 1646 saecula
1400 1578 1463 1650 quia
1475 1585 1504 1632 tu
1521 1591 1552 1631 es
1568 1581 1676 1630 amator
1686 1584 1765 1645 pore

969 1676 1149 1734 conscientia.
1181 1673 1283 1730 Exaudi
1305 1686 1350 1728 me
1370 1677 1512 1734 orantem,
1537 1667 1609 1723 sient
1627 1663 1764 1722 mamert

935 1744 1114 1823 Baranam
1129 1779 1221 1838 regen
1232 1763 1319 1829 tuan,
1331 1771 1358 1818 n
1370 1761 1466 1818 aaron
1477 1759 1511 1814 an
1526 1772 1559 1816 eo
1575 1757 1764 1814 inermium

968 1861 1074 1926 carnls;
1090 1859 1130 1915 sic
1143 1867 1172 1914 et
1188 1870 1261 1912 ome
1277 1855 1386 1912 anleras
1400 1853 1584 1911 inixmitatem
1597 1851 1725 1923 corpon‘s
1735 1859 1765 1908 et

968 1952 1076 2018 anima,
1089 1959 1117 2009 et
1129 1965 1229 2023 augeas
1241 1950 1308 2005 mibi
1324 1949 1415 2015 iidem,
1430 1947 1502 2002 sicot
1513 1944 1613 2001 auxisti
1627 1944 1669 1999 illi
1678 1957 1766 1999 mooe

969 2060 1004 2101 xv
1018 2044 1052 2101 ad
1067 2044 1161 2100 vitam.
1175 2041 1288 2099 Liberos
1301 2056 1344 2097 me
1357 2040 1390 2097 de
1401 2040 1491 2096 medio
1503 2037 1593 2094 saecoli
1605 2037 1699 2109 hujus,
1709 2034 1764 2093 sie-

968 2145 999 2192 nt
1016 2135 1137 2193 liberasti
1160 2132 1287 2191 Theclam
1308 2132 1341 2187 de
1362 2130 1451 2186 medio
1468 2126 1524 2200 95
1541 2124 1763 2199 amphitbestm3

968 2228 1010 2284 sic
1021 2227 1121 2284 liberes
1132 2240 1176 2282 me
1192 2224 1225 2282 de
1237 2223 1311 2280 omni
1325 2220 1484 2277 infirmitate
1495 2218 1598 2275 earnis.
1615 2216 1657 2273 'le
1670 2212 1765 2289 depre-

968 2334 1027 2386 cor,
1043 2318 1135 2384 Pater,
1152 2318 1197 2388 qui
1211 2317 1239 2372 in
1250 2315 1304 2371 doe
1321 2324 1473 2384 temporum
1491 2319 1722 2368 commemoratus
1735 2322 1766 2366 es

968 2410 1066 2477 nostri,
1084 2410 1196 2465 mittens
1215 2407 1292 2462 nobis
1308 2405 1399 2461 iesum
1418 2404 1557 2459 Christum
1575 2400 1675 2457 Filium
1687 2408 1765 2455 tuum

968 2503 1114 2559 Dominum
1143 2500 1313 2557 Salvatorem
1336 2507 1481 2563 nostrum,
1510 2503 1603 2551 natum
1621 2510 1657 2551 ex
1678 2492 1766 2549 ilario

969 2595 1076 2666 virgine
1097 2595 1131 2651 de
1147 2591 1250 2664 Spiritu
1271 2598 1382 2657 sancto,
1404 2587 1583 2644 annuntiante
1593 2583 1767 2671 Gabrieian·

969 2685 1039 2759 gelo,
1055 2699 1104 2756 per
1121 2696 1201 2754 quem
1213 2698 1263 2738 uos
1275 2680 1397 2736 liberasti
1410 2679 1444 2736 de
1461 2676 1581 2750 periculo
1598 2674 1697 2733 mortis
1715 2674 1768 2731 irs·

967 2781 1107 2838 minentis.
1128 2778 1162 2835 Et
1172 2787 1200 2836 te
1216 2778 1356 2850 deprecor,
1370 2775 1421 2832 Eili
1432 2775 1480 2832 Dei
1495 2775 1625 2841 sinentis,
1640 2774 1688 2845 qui
1701 2772 1767 2831 icci-

970 2871 1006 2928 sti
1021 2869 1156 2941 magnalia
1168 2869 1197 2924 in
1214 2867 1287 2924 Cana
1299 2866 1427 2933 Galilaea,
1440 2866 1473 2922 de
1485 2881 1556 2936 aqua
1570 2864 1667 2920 vinum
1678 2862 1767 2920 iecisti

968 2971 1079 3032 propter
1092 2959 1194 3016 lsrael:
1213 2958 1354 3037 quiescis
1370 2957 1463 3013 oeulos
1480 2956 1622 3031 aperuisti,
1640 2957 1689 3027 qui
1706 2970 1767 3012 tax-

120 3058 255 3131 abyssos:
279 3060 326 3131 qni
346 3061 421 3116 tides
441 3068 552 3125 concta,
579 3061 737 3131 priusquam
757 3069 915 3127 nascantur,
930 3087 954 3153 c
968 3053 1033 3108 dum
1046 3052 1140 3108 audire
1157 3049 1260 3115 iecisti,
1283 3050 1328 3122 qui
1342 3050 1505 3122 paralyticos
1522 3049 1556 3104 ad
1577 3064 1627 3105 sna
1643 3047 1767 3104 membra

42 3178 45 3183 ·
122 3151 170 3222 ugni
187 3151 272 3208 habes
284 3160 448 3224 potestatem
459 3151 598 3218 occidere,
623 3160 650 3208 et
671 3168 778 3208 rursum
794 3152 919 3209 restitne-
968 3145 1112 3211 mrocasti,
1134 3142 1241 3215 linguas
1256 3142 1393 3199 blesomm
1411 3141 1543 3199 daemonio
1555 3149 1674 3197 vexante
1689 3154 1767 3197 sana-

124 3258 170 3311 re;
183 3245 229 3314 qui
250 3244 336 3299 habes
357 3251 520 3314 potestatem
542 3243 576 3300 ‹le
592 3243 669 3298 arido
688 3242 801 3298 uiridem
815 3241 916 3300 lacere.
967 3238 1012 3302 sti,
1030 3237 1141 3294 claudos
1157 3251 1267 3293 currere
1283 3235 1372 3292 iecisti
1396 3235 1470 3291 velut
1492 3248 1604 3300 cervos,
1624 3234 1768 3292 mulierem

123 3333 165 3388 Tu
178 3334 299 3389 omnium
318 3333 391 3390 Deus
405 3335 569 3399 dominator,
591 3333 678 3390 libera
697 3348 741 3388 me
754 3333 789 3388 ab
804 3334 919 3389 hoosae-
966 3329 1092 3400 prollnxu
1115 3329 1257 3401 sanguinis
1281 3327 1421 3394 liberasti,
1453 3335 1576 3384 mortuos
1605 3327 1765 3391 suscitasti,

121 3424 194 3481 culo.
215 3423 319 3478 Exaudi
332 3439 376 3479 me
386 3433 519 3489 orantem,
532 3424 603 3479 sicut
612 3422 745 3479 exaudisti
755 3422 826 3479 Dlios
835 3422 917 3479 lsrael
967 3436 1049 3493 super
1071 3437 1169 3493 aquam
1190 3422 1305 3493 pedibus
1331 3422 1476 3479 ambulasti
1498 3440 1506 3477 ι
1531 3422 1579 3492 qni
1603 3436 1682 3478 mare
1705 3420 1766 3477 iun·

123 3513 158 3568 de
173 3520 245 3567 terra
259 3510 378 3583 AEgypti,
393 3519 420 3568 et
433 3527 487 3569 non
501 3512 743 3580 tibioredideruot,
756 3512 918 3570 neclamnlo
966 3513 1052 3579 dasti,
1083 3523 1111 3570 et
1137 3515 1267 3570 terminos
1296 3515 1320 3570 ei
1346 3515 1497 3585 imposuisti
1530 3515 1559 3570 in
1585 3521 1633 3570 tua
1652 3513 1764 3570 virtute.

126 3611 172 3658 tuo
183 3600 277 3674 lloysi.
298 3599 345 3657 Vae
358 3602 477 3672 peccatis
490 3602 577 3658 meisl
593 3617 656 3659 cum
669 3608 696 3658 te
710 3600 918 3659 levareriscoo·
967 3607 1005 3663 'l'e
1019 3607 1161 3679 deprecor,
1179 3605 1230 3660 Fili
1242 3605 1288 3661 Dei
1310 3606 1382 3671 sivi,
1406 3614 1517 3676 propter
1537 3604 1666 3660 universa
1690 3619 1766 3661 com-

124 3693 244 3765 iringcre
266 3702 387 3757 terrama
413 3696 463 3749 snb
484 3707 565 3765 quam
581 3691 707 3749 lissuram
720 3700 860 3765 petrarum
874 3710 919 3751 me
967 3696 1050 3754 missa
1074 3710 1154 3761 mea,
1183 3694 1229 3766 qni
1257 3710 1287 3751 es
1306 3696 1333 3750 in
1355 3695 1432 3751 omlis
1452 3694 1538 3750 Filius
1557 3694 1584 3750 in
1604 3695 1704 3760 Patre,
1718 3692 1768 3750 Pa-

121 3786 305 3840 absconsurus
328 3800 388 3840 sum
413 3792 476 3840 ante
498 3785 625 3840 rtrmtem
649 3786 744 3840 tnaml
768 3784 818 3842 Cui
831 3788 917 3843 monti
968 3795 1010 3845 ter
1022 3789 1050 3844 in
1075 3796 1101 3843 te
1116 3788 1298 3858 sempiterno;
1324 3787 1370 3856 qni
1384 3785 1464 3842 sedes
1482 3800 1564 3857 super
1580 3785 1725 3841 cherubim
1742 3792 1770 3842 et

124 3876 247 3933 dicturus
260 3892 331 3942 som,
346 3879 413 3933 cade
425 3890 507 3947 super
523 3891 586 3932 me:
605 3883 633 3932 et
643 3878 688 3933 cni
703 3877 783 3945 oolii,
801 3885 861 3949 tege
873 3894 917 3935 me
967 3879 1115 3952 seraphim,
1131 3879 1221 3935 sedem
1240 3879 1354 3934 honoris
1372 3879 1422 3933 tui.
1438 3878 1500 3943 'l'ihi
1515 3878 1648 3934 assistunt
1656 3872 1769 3952 augeb,

122 3974 187 4022 ante
210 3977 313 4023 metum
327 3965 450 4033 Domini,
471 3982 532 4022 eum
547 3973 573 4020 te
593 3967 726 4024 levaveris
747 3967 918 4042 conlringere
966 3968 1319 4034 nnmernsinaestimabiiis,
1342 3969 1470 4026 timentes
1485 3976 1512 4026 ot
1529 3976 1661 4041 parentes
1674 3968 1767 4028 hono·

124 4058 245 4113 terraml
256 4057 344 4130 lingo,
359 4058 482 4125 Domine,
495 4057 608 4115 subveni
622 4060 698 4127 mihi,
714 4069 741 4117 et
752 4061 808 4117 noli
819 4077 916 4118 secun·
966 4078 1025 4120 rem
1047 4071 1076 4119 et
1090 4063 1219 4119 virtutem
1237 4069 1310 4117 tuam
1325 4102 1332 4128 ,
1349 4060 1498 4116 clamantes
1521 4075 1589 4116 voce
1607 4076 1726 4134 magna,
1741 4069 1771 4120 et

124 4150 187 4205 dum
208 4158 299 4206 actum
319 4164 410 4205 meum
426 4148 622 4218 mejudieare:
638 4151 705 4207 nihil
721 4153 833 4209 enimin
849 4168 918 4224 pras·
967 4157 1088 4214 dieentes
1106 4175 1112 4210 :
1130 4153 1255 4221 Sanctus,
1270 4162 1390 4220 sanctus,
1410 4163 1517 4208 sanctus
1531 4151 1676 4220 Dominus,
1695 4152 1770 4210 Dens

123 4244 210 4313 ceptis
224 4245 278 4300 tuis
289 4245 394 4315 parari.
409 4244 512 4300 &andi
527 4260 570 4300 me
581 4254 730 4317 rogantem.
748 4244 824 4302 Sient
835 4259 917 4300 exan-
967 4244 1095 4302 Sabaoth.
1113 4244 1154 4300 To
1172 4245 1229 4315 ipse
1242 4243 1383 4298 nobiseum
1399 4250 1591 4299 testamentum
1612 4240 1722 4309 iecisti,
1742 4252 1771 4300 et

124 4335 187 4390 disti
202 4333 297 4391 ionem
318 4335 353 4390 de
372 4343 465 4391 ventre
477 4335 546 4403 ceti,
563 4337 603 4392 sic
623 4337 752 4393 exaudias
768 4351 811 4392 me
829 4345 857 4393 et
868 4337 918 4408 eji-
966 4335 1046 4408 paolo
1058 4343 1120 4407 post
1131 4334 1226 4391 dixisti
1242 4352 1248 4389 :
1268 4330 1356 4390 Petite
1369 4334 1547 4407 etaceipietie,
1562 4333 1675 4406 querite
1689 4343 1714 4389 et
1724 4335 1770 4390 in·

122 4427 182 4482 cias
194 4443 237 4482 mc
247 4426 280 4482 de
294 4435 380 4482 morte
388 4427 422 4482 ad
433 4427 527 4482 vitam.
549 4425 625 4483 Sicut
636 4426 761 4481 Ninivitas
772 4427 918 4483 induerunt
930 4440 955 4504 υ
967 4427 1085 4491 venietis,
1106 4425 1209 4496 pulsate
1231 4433 1256 4480 et
1276 4427 1409 4496 operietur
1430 4423 1511 4480 nolis.
1548 4421 1735 4496 Quodcunque
1753 4442 1771 4480 ιι

123 4518 244 4574 cinerem
258 4527 287 4572 ot
299 4517 428 4583 cilicium,
450 4526 478 4574 et
490 4517 677 4587 poenitentiarii
689 4525 818 4590 egerant,
842 4518 918 4575 itaet
969 4517 1050 4573 Putre
1071 4534 1127 4571 meo
1140 4517 1267 4588 petieritis
1282 4519 1309 4572 in
1329 4518 1434 4572 nomine
1447 4533 1516 4583 meo,
1541 4516 1688 4587 accipietis.
1711 4515 1770 4590 Ego

122 4620 175 4678 ego
185 4607 377 4679 exhomogesin
392 4604 496 4664 iaciens
507 4614 570 4662 ante
586 4616 762 4678 conspectam
777 4617 854 4664 tunm
867 4624 918 4681 pro
966 4609 1074 4665 Patrem
1086 4617 1159 4679 peto,
1175 4615 1205 4664 nt
1215 4608 1364 4679 accipiam;
1379 4623 1429 4680 ego
1439 4623 1547 4678 quaero,
1563 4616 1594 4663 ut
1608 4607 1765 4675 inveniam3

124 4698 259 4756 universis
278 4701 398 4771 peccatis
410 4700 490 4767 meis,
510 4699 601 4772 quies
622 4700 916 4772 auratorpoenitentiae,
967 4715 1017 4771 ego
1033 4697 1128 4770 pulso,
1150 4707 1181 4754 ut
1198 4699 1337 4771 aperiatur
1358 4699 1435 4754 mibi.
1464 4697 1522 4770 Ego
1545 4699 1572 4753 in
1590 4705 1636 4753 tuo
1652 4699 1766 4756 nomine

123 4790 256 4849 miserere
269 4792 332 4848 mei.
354 4791 406 4848 Sed
426 4801 456 4848 et
476 4792 561 4848 David
572 4792 656 4848 dicit:
670 4791 792 4857 Domine,
807 4804 918 4863 propter
966 4798 1041 4861 peto,
1056 4799 1087 4846 ut
1109 4799 1139 4846 tn
1159 4790 1269 4847 Patrem
1283 4799 1374 4862 petas,
1391 4800 1419 4846 et
1434 4790 1513 4847 detor
1526 4790 1593 4845 mihi
1605 4791 1698 4846 uenia.
1716 4790 1768 4847 Pa·

123 4897 223 4940 nomen
246 4891 322 4937 tnum
344 4882 404 4938 dele
425 4891 566 4954 peccatum
579 4898 685 4950 memn;
709 4890 737 4941 et
755 4898 806 4956 ego
822 4883 918 4954 deprc·
967 4890 1045 4939 ratos
1058 4897 1117 4938 sum
1128 4890 1239 4954 propter
1256 4897 1354 4939 nomen
1373 4891 1449 4939 taum
1465 4882 1606 4938 uictimam
1622 4883 1767 4953 sanguinis

123 4990 191 5031 cans
206 4972 374 5042 maiestatem
393 4981 469 5028 tuam
482 4993 488 5027 :
502 4973 561 5029 dele
578 4975 704 5030 universa
718 4982 830 5046 peccata
842 4989 915 5031 mea.
966 4973 1096 5042 sundere,
1119 4982 1147 5032 et
1171 4976 1351 5047 quodcunque
1368 4983 1534 5032 tormentum
1553 4976 1702 5034 sustinere.
1722 4974 1765 5034 'io

123 5063 229 5121 Exaudi
249 5079 294 5120 me
316 5071 440 5118 orantem
461 5064 531 5120 sicut
546 5064 681 5120 exaudisti
704 5074 760 5120 tres
773 5079 871 5135 pueros
883 5065 917 5120 dc
966 5081 997 5122 es
1008 5066 1115 5137 adjutor
1128 5081 1215 5134 meus,
1235 5066 1361 5124 defensor
1374 5083 1465 5132 mens,
1481 5065 1597 5124 deiende
1613 5067 1650 5125 ab
1668 5067 1768 5125 adver·

124 5157 231 5212 cannino
245 5156 331 5225 ignis,
348 5154 499 5221 Ananiam,
527 5155 670 5219 naariam,
686 5155 776 5211 llisael
795 5174 802 5209 :
818 5164 846 5210 ct
867 5155 917 5210 mi·
967 5158 1040 5214 sario
1060 5158 1178 5213 animam
1201 5170 1300 5214 meam.
1336 5158 1455 5231 Angelus
1479 5157 1623 5214 tunsionis
1639 5163 1767 5232 protegat

123 5247 184 5303 sisti
201 5246 326 5320 angelum
342 5255 418 5303 tuum
432 5261 495 5303 cnm
510 5246 603 5303 nimbo
622 5247 702 5303 roris.
727 5245 862 5304 Goniusns
875 5256 918 5303 est
966 5264 1020 5315 mc,
1034 5250 1162 5322 quoniam
1173 5256 1201 5304 tu
1215 5250 1305 5307 dixisti
1318 5248 1413 5316 :Quod
1427 5250 1560 5305 credentes
1575 5249 1707 5320 petieritis
1718 5262 1767 5321 pet

124 5338 375 5396 Nabuchodonosor
396 5340 559 5411 praepositus
582 5340 674 5410 regni,
698 5340 827 5410 quoniam
846 5347 918 5397 tues
967 5342 1125 5408 orationem,
1145 5341 1253 5396 dabitur
1274 5341 1356 5396 nolis.
1378 5339 1473 5396 Dmnis
1486 5342 1567 5396 homo
1580 5339 1717 5407 mendax;
1735 5347 1766 5398 tn

124 5430 182 5486 ilex
195 5433 376 5503 regnantium,
386 5440 416 5487 ct
425 5431 555 5488 Dominus
566 5432 773 5500 dominantium,
788 5433 833 5503 qni
844 5432 917 5489 solus
966 5433 1041 5490 solus
1054 5448 1147 5489 rerax.
1163 5432 1240 5489 Sicut
1252 5441 1282 5488 tu
1296 5420 1486 5504 repromisisti,
1502 5438 1666 5504 potestatem
1678 5430 1764 5488 habes

124 5523 210 5579 babes
237 5524 488 5588 immortalitatem,
517 5530 547 5578 ot
576 5523 663 5579 lucem
692 5523 916 5587 inaccessibilem,
966 5526 1041 5581 darc.
1060 5525 1188 5592 Domine,
1207 5525 1296 5582 revela
1318 5526 1384 5582 mihi
1404 5533 1764 5583 sacramentnmtnumcoe·

125 5624 294 5681 quemnemo
306 5614 446 5670 hominnm
458 5613 540 5679 videt,
552 5613 813 5685 nccridercpotcst.
828 5613 918 5669 Exau-
966 5617 1044 5685 leste,
1059 5626 1088 5672 ut
1101 5618 1197 5689 dignus
1214 5619 1265 5674 sim
1283 5619 1379 5675 laniem
1397 5627 1553 5674 sanctorum
1566 5627 1676 5674 tuorum
1691 5619 1762 5676 vide

126 5702 220 5763 dirue
240 5712 376 5773 orantem,
395 5705 466 5762 sicut
486 5704 621 5763 exsufflati
640 5704 780 5762 Danielem
801 5704 917 5762 dolatu
966 5722 1006 5764 re·
1046 5707 1163 5780 Spiritus
1186 5717 1296 5766 sanetus
1321 5710 1347 5764 in
1374 5724 1418 5765 me
1441 5717 1570 5780 operetur
1594 5708 1760 5766 voluntatem
