3780 6120
123 216 182 276 775

125 335 181 392 iste
196 330 243 387 Del
256 329 346 401 digitis
361 342 460 399 agnum
472 329 633 385 monstrarit
648 329 754 394 atlesoe,

163 423 301 494 Sanguine
315 422 360 491 qui
375 419 469 475 mundi
480 420 593 475 crimina
606 428 703 475 cuneta
716 418 786 474 tulit

430 511 614 569 Gblllllllllll.

168 608 209 664 Ad
226 622 302 661 nrnm
317 614 466 660 sanctorum
480 603 606 674 Stephani
620 612 644 658 et
661 601 741 657 Pontii
755 601 876 672 apostole.

121 703 185 760 'flac
197 700 352 770 Stephanus
361 697 460 753 colitur
471 711 585 766 magnus
596 701 778 766 protomartyr
792 695 820 749 iu
833 706 892 758 ara,

163 792 301 849 Grandine
311 790 357 860 qui
371 788 489 858 lapidum
501 800 584 857 regna
596 786 675 842 beata
690 786 766 856 petit.

126 887 161 944 Et
177 882 303 956 precibus
318 880 404 950 cujus,
423 878 534 933 nimium
549 877 672 934 narrabile
689 877 772 943 dictu,

164 975 262 1031 Saulus
274 980 333 1028 erat
345 971 434 1026 subito
448 968 547 1024 Paulus
562 947 595 1021 in‘
604 967 669 1023 orbe
686 967 747 1037 piis.

123 1068 218 1125 Bestia
229 1080 308 1121 mane
322 1078 415 1134 rapax,
430 1060 516 1132 spolia
528 1074 588 1129 quta>
605 1073 714 1129 vespere
729 1066 836 1124 tractat,

163 1162 215 1216 lste
225 1173 321 1229 preces
333 1165 441 1211 nostras
453 1152 561 1221 adjuret
571 1153 629 1223 ipse
639 1154 705 1209 suis.

440 1246 605 1303 GLlllllilll.

257 1342 298 1394 Ad
313 1356 389 1395 nrum
404 1339 490 1394 sancti
504 1337 641 1394 Laurentii
654 1340 788 1410 martyrio.

126 1436 213 1506 Quem
227 1449 277 1491 nee
287 1431 395 1488 llamrna
408 1446 491 1488 vorax
506 1432 578 1503 vicit,
593 1431 757 1488 Laurentius
769 1446 844 1486 aram

163 1527 299 1600 Sanguine
309 1533 452 1583 conservet
464 1526 543 1591 bane,
558 1540 634 1596 rogo,
645 1525 777 1597 martyrii.

126 1621 181 1678 iste
198 1621 245 1675 liei
258 1619 359 1677 Christi
376 1618 502 1674 mandata
516 1617 634 1688 implevit
647 1632 750 1686 amore,

162 1709 330 1783 Pauperibus
343 1709 477 1774 tribuens,
493 1708 625 1779 quidquid
637 1709 755 1764 habebnt
767 1709 854 1781 inops.
931 1686 957 1746 Β

127 1802 242 1858 Diuitias
255 1800 326 1858 secli
340 1799 502 1870 contempsit
514 1798 616 1854 babere
633 1799 758 1866 caducas,

164 1896 313 1966 Perpetuus
324 1891 427 1948 Christi
441 1899 470 1947 ut
484 1891 571 1962 possit
584 1890 684 1947 babere
699 1889 772 1962 polo.

483 1980 561 2038 cxc.

128 2080 170 2133 Ad
190 2094 265 2133 arom
282 2085 431 2132 sanctorum
446 2075 565 2142 Quintirri
581 2083 606 2129 et
621 2076 751 2129 todorum
763 2082 919 2145 martyrum.

129 2170 187 2226 lloc
197 2170 281 2225 altare
291 2171 353 2241 pius
365 2177 456 2224 servet
467 2166 613 2235 Quintinus
626 2166 661 2221 ab
674 2168 764 2227 hoste.

165 2262 303 2333 Sanguine
313 2263 359 2332 qui
372 2276 449 2317 sacro
461 2276 544 2332 regna
555 2262 633 2316 beata
646 2260 724 2330 petit.

129 2353 200 2410 lluic
212 2367 318 2422 quoque
329 2351 479 2422 junguntur
492 2351 623 2407 laicorum
639 2351 717 2406 turba
734 2351 850 2422 pionem,

166 2443 217 2513 Qui
231 2444 333 2515 petiere
345 2443 446 2514 polum,
460 2443 593 2514 sanguine
603 2442 735 2514 martyrii.

479 2554 566 2611 CllGl.

219 2648 260 2703 Ad
272 2658 375 2704 sanctor
392 2648 548 2702 Monetium
561 2656 585 2702 et
599 2649 683 2703 socios
696 2656 834 2719 martyres.

130 2740 196 2798 llaec
210 2741 269 2797 loca
280 2741 421 2796 Mauritius
435 2740 538 2795 meritis
548 2738 687 2794 vivacibus
699 2747 786 2804 ornet,

167 2835 298 2906 Egregius
313 2843 415 2904 martyr
428 2848 489 2887 cum
501 2832 606 2904 legione
618 2847 667 2888 sua
679 2850 687 2887 ι

132 2929 252 2996 Quorum
264 2928 332 2982 mira
348 2927 415 2983 [ides
428 2926 520 2991 animi,
535 2933 563 2980 et
576 2925 728 2980 constantia
744 2923 824 2990 mim,

167 3019 334 3076 Commeruit
350 3018 441 3073 laudes
455 3032 562 3086 semper
579 3016 607 3070 in
625 3015 689 3071 orbe
703 3016 770 3085 pias.

478 3107 577 3165 cxcii.

132 3202 260 3256 Aderam
274 3210 424 3256 sanctornm
437 3199 557 3271 Dionpnr'
577 3207 601 3253 et
616 3199 748 3253 sociorum
766 3205 922 3268 martyrum.

133 3292 297 3348 Pontificalis
308 3309 375 3372 apex
385 3301 475 3348 servet
484 3292 628 3363 Dionysius
643 3305 719 3346 nram

169 3383 255 3452 Hanc,
267 3401 341 3456 rogo,
357 3401 419 3440 cnm
433 3384 513 3440 sociis
526 3382 744 3454 martyribusque
758 3379 829 3437 aliis.

134 3476 254 3545 Quorum
268 3475 355 3531 ser-iba
367 3483 442 3530 tenet
453 3475 557 3530 coelesti
570 3476 597 3530 in
608 3489 671 3530 arec
681 3473 795 3539 libellos,

172 3569 242 3624 Ante
252 3568 299 3623 liei
311 3567 406 3623 facicm
418 3568 527 3622 nomine
537 3575 676 3638 perpetuo.

472 3677 573 3734 CllGlll

227 3768 267 3823 td
284 3785 359 3822 orem
370 3777 521 3823 sanctornm
535 3765 659 3822 Germani
672 3777 696 3822 et
713 3767 837 3825 oliorum.

134 3858 282 3915 Confessus
294 3859 356 3913 stdci
369 3859 473 3914 meritis
488 3868 515 3913 ct
527 3859 636 3913 nornine
651 3859 741 3916 clanis

172 3949 323 4005 Germanus
333 3951 440 4021 praesul,
453 3960 545 4021 pastor
555 3960 583 4006 et
596 3952 653 4023 ipse
663 3952 724 4023 pius
739 3969 746 4010 :

136 4043 187 4099 Gui
200 4042 385 4100 confessorum
401 4044 452 4097 huc
467 4045 589 4115 jungitur
607 4060 702 4113 agmen
723 4045 751 4101 in
765 4061 823 4112 ara,

173 4133 229 4190 llos
241 4135 366 4205 precibus
380 4150 493 4204 quorum
508 4145 598 4192 servet
610 4137 710 4207 ubique
721 4137 801 4192 Deus.

478 4226 590 4282 cxciv.

246 4318 285 4372 Ad
298 4334 374 4372 orem
389 4329 540 4372 sanctornm
556 4316 664 4372 linraini
676 4326 700 4372 et
712 4317 837 4372 oliorum.

621 207 787 269 ctnultit.
802 236 842 253 -
859 203 1124 266 tumulentus
1139 202 1269 261 tunm.

933 320 1060 394 plurba
1070 317 1264 373 monachorum
1277 312 1398 371 celebrat
1414 323 1442 370 te
1454 325 1547 373 sancta
1559 331 1609 387 per
1620 318 1724 383 orbern,

1704 202 1758 263 'nt

1002 411 1123 478 Quorum
1136 410 1190 464 nita
1204 407 1256 463 luit
1267 409 1369 463 iaruine
1382 409 1483 477 scripta
1497 416 1553 463 tuo.

967 500 1006 558 le
1019 516 1127 572 quoque
1139 508 1233 556 saneta
1246 500 1345 555 cohors
1358 499 1471 555 iratrum
1485 501 1639 569 specialiter
1651 502 1723 563 istic,

1001 592 1124 648 assiduis
1136 592 1274 663 precibus,
1290 590 1391 656 laudet,
1404 591 1529 656 honorat,
1541 601 1635 659 amet3

967 683 1031 738 lloec
1044 684 1143 753 quibus
1156 681 1219 737 aula
1233 689 1307 750 patet
1320 689 1453 736 nocturno
1466 689 1588 751 tempore
1603 697 1724 752 semper,

1002 775 1052 830 llic
1069 790 1148 830 omre
1161 775 1250 840 docet,
1265 774 1379 828 sundere
1393 774 1476 828 ethic
1489 773 1635 846 lacrymas

968 867 1081 935 llorum,
1097 876 1190 923 sancte
1204 866 1296 934 Pater,
1309 867 1435 937 precibus
1444 867 1488 922 iric
1502 881 1609 936 semper
1621 867 1725 923 adesto.

1300 979 1424 1036 CXCl'll.

1038 1074 1080 1129 td
1093 1089 1168 1128 arom
1186 1082 1337 1128 sanctorum
1356 1072 1511 1143 Hieronymi
1524 1082 1549 1126 et
1563 1071 1686 1127 oliorum.

969 1164 1063 1222 Totius
1077 1165 1258 1238 Hieronymus
1267 1166 1363 1222 doctor
1376 1167 1509 1222 mirabilis
1520 1166 1605 1232 orbis,

1003 1258 1071 1315 Cum
1083 1258 1218 1329 sociisque
1231 1260 1296 1324 suis,
1314 1260 1372 1314 bare
1383 1258 1441 1314 loca
1456 1267 1550 1316 sancta
1567 1268 1652 1317 tenet.
1717 1252 1719 1256 ’

967 1349 1082 1406 Nomina
1094 1350 1209 1421 quisque
1222 1349 1304 1421 legas,
1320 1349 1406 1405 titulis
1420 1351 1569 1421 perscripta
1580 1352 1698 1419 piorum,

1004 1441 1059 1498 llos
1074 1443 1162 1511 rogito
1174 1441 1299 1510 precibus
1312 1455 1414 1509 pronus
1429 1441 1524 1495 adesse
1539 1441 1602 1494 tuis.

1299 1549 1435 1604 cxcviii.

1138 1643 1180 1697 Ad
1195 1659 1270 1697 arom
1283 1642 1367 1696 roncri
1382 1639 1502 1711 Greyorii
1513 1656 1597 1711 pepo.

972 1737 1120 1808 Gregorius
1129 1737 1238 1800 deotpr,
1250 1742 1355 1804 pastor,
1365 1732 1532 1802 patriarcba,
1541 1731 1678 1794 sacerdos,

1009 1831 1133 1886 Romane
1147 1825 1282 1898 quondam
1296 1823 1395 1896 praesul
1407 1823 1433 1878 in
1448 1824 1515 1879 urbe
1529 1824 1609 1893 pius:

972 1927 1022 1983 llic
1036 1939 1133 1996 precor
1143 1937 1191 1978 ore
1204 1920 1400 1977 ieratlratrum
1413 1918 1458 1990 pia
1468 1925 1531 1973 rota
1545 1914 1672 1979 Tonanti,

1007 2018 1074 2075 Grrm
1088 2015 1214 2075 Patribus
1228 2027 1342 2083 quaerum
1353 2010 1398 2066 hie
1408 2009 1517 2065 nomina
1528 2008 1629 2078 scripta
1642 2007 1728 2062 rides.

1314 2101 1428 2159 GllGlll.

1024 2200 1065 2254 Ad
1076 2198 1211 2254 ecclesium
1221 2196 1266 2251 ubi
1288 2202 1439 2249 sanctorum
1454 2190 1570 2261 reliquie
1580 2188 1711 2244 coluntur.

973 2291 1024 2360 Qui
1039 2289 1100 2346 coeli
1115 2288 1207 2358 cupiet
1218 2296 1312 2355 portas
1328 2284 1430 2339 intrare
1444 2289 1579 2352 patentes,

1011 2381 1115 2452 Smpius
1128 2379 1198 2434 banc
1211 2376 1325 2447 pedibus
1334 2374 1418 2429 intret
1432 2379 1460 2427 et
1473 2372 1530 2442 ipse
1540 2370 1605 2426 suis.

975 2472 1039 2530 llaec
1049 2479 1091 2528 est
1102 2477 1239 2542 perpetuae
1251 2464 1371 2523 venienti
1383 2471 1461 2536 porta
1475 2462 1580 2526 salutis,

1008 2562 1065 2618 lloe
1077 2568 1118 2617 est
1136 2558 1205 2614 lucis
1215 2558 1277 2622 iter,
1293 2565 1320 2612 et
1334 2554 1379 2611 uia
1389 2554 1446 2626 jam
1459 2553 1556 2607 reniae.

973 2652 1038 2709 liae
1051 2653 1147 2707 domus
1161 2649 1232 2705 alma
1245 2647 1302 2711 Dei,
1315 2645 1361 2701 bic
1373 2651 1436 2699 sunt
1450 2643 1579 2697 thesaura
1594 2635 1737 2701 terraneis,

1009 2745 1171 2801 Sanctorum
1185 2741 1277 2797 rnnltae
1289 2738 1476 2810 relliquiaeque
1487 2734 1609 2791 Petrum.

973 2839 1077 2896 ldcirco
1094 2836 1258 2910 ingrediens,
1272 2835 1369 2890 deuota
1382 2838 1484 2894 mente,
1495 2829 1594 2892 uiator,

1009 2930 1108 2991 Stenae
1122 2930 1179 2987 solo
1191 2929 1323 2990 membra,
1339 2933 1450 2998 pectore
1463 2937 1545 2993 carpe
1558 2920 1661 2991 polum.

937 3024 1026 3105 cilio
1037 3023 1121 3085 licus,
1131 3021 1176 3076 laic
1189 3019 1286 3084 sancti,
1300 3017 1351 3072 tibi
1369 3031 1442 3087 spes,
1459 3014 1505 3068 hie
1516 3020 1589 3067 terra
1604 3009 1698 3065 salutis

1011 3117 1053 3172 Sit
1066 3112 1211 3184 conjuncta
1225 3119 1272 3165 tuo
1285 3117 1396 3180 pectore
1408 3106 1486 3160 ilrma
1497 3103 1572 3158 indes.

1348 3223 1400 3279 GG.

1100 3321 1271 3375 Adiunctum
1285 3315 1439 3371 llielrnelenr
1454 3310 1649 3382 orcitonprium.

976 3416 1028 3472 llic
1041 3413 1166 3485 precibus
1180 3410 1282 3468 nostris
1293 3408 1407 3464 llirbael
1420 3405 1599 3477 archangelus
1614 3403 1695 3463 adsit.

978 3509 1089 3582 tlagnns
1103 3508 1132 3563 in
1148 3521 1211 3562 aroc
1232 3504 1287 3575 poli
1308 3503 1444 3575 princeps,
1464 3499 1620 3570 Christique
1642 3496 1767 3553 minister

1482 3601 1485 3609 ’
1502 3589 1580 3663 [Ed.,
1593 3584 1735 3657 magister]

978 3690 1093 3762 adjuret
1105 3689 1150 3743 ille
1158 3701 1254 3758 preces
1265 3693 1419 3738 selectorum
1434 3695 1542 3752 semper
1555 3678 1666 3749 ubique,

977 3783 1025 3839 llle
1038 3781 1096 3836 suis
1110 3776 1235 3849 precibus
1251 3789 1300 3829 nos
1315 3773 1360 3828 hic
1373 3779 1518 3827 conservet
1531 3769 1566 3824 ab
1580 3768 1668 3830 boste,

979 3876 1121 3948 invigilare
1135 3870 1182 3926 liei
1197 3868 1278 3924 inciet
1289 3875 1318 3920 et
1328 3864 1454 3919 laudibus
1469 3862 1543 3917 istic.

1345 3954 1409 4010 GGl.

1226 4049 1267 4103 Ad
1284 4064 1359 4102 orem
1377 4044 1529 4118 quemdum.

981 4152 1039 4207 llae
1048 4147 1126 4206 sedet
1138 4160 1200 4201 arce
1211 4144 1283 4199 licus
1294 4141 1389 4212 judex,
1407 4137 1544 4195 Genitoris
1559 4135 1649 4206 imago
1662 4153 1668 4188 :

981 4242 1032 4298 llic
1046 4239 1182 4309 seraphim
1196 4235 1299 4306 fulgent
1313 4232 1419 4288 Domini
1432 4230 1482 4286 sub
1495 4243 1588 4284 amore
1601 4227 1740 4292 calentes;

983 4334 1033 4390 llic
1047 4333 1118 4386 inter
1129 4327 1271 4386 cherubim
1284 4324 1402 4380 volitant
1415 4337 1514 4378 arcana
1529 4319 1661 4376 Tonantis
1673 4336 1680 4385 ;

137 4410 197 4466 liae
207 4420 329 4467 sacratus
344 4426 420 4465 anror
430 4409 466 4482 [F
470 4452 488 4477 .,
505 4409 602 4483 honor]
621 4411 728 4466 llartini
742 4410 825 4483 inlget
835 4411 861 4466 in
873 4426 930 4478 ana,
946 4405 970 4466 D
985 4423 1033 4479 1110
1048 4422 1150 4494 pariter
1163 4418 1267 4488 fulgent
1281 4415 1419 4485 sapientes
1433 4413 1553 4482 quinque
1565 4409 1671 4481 puelle,

175 4501 261 4569 Quem
274 4502 338 4557 catlit
349 4502 466 4571 Europa,
482 4516 562 4570 qoem
577 4502 656 4558 simul
671 4503 745 4559 orbis
760 4510 841 4559 amat.

138 4591 254 4662 Agmina
267 4608 344 4647 sacra
359 4592 400 4647 eui
416 4607 512 4661 magna
525 4591 676 4665 junguntur
689 4595 792 4650 honore

178 4681 341 4738 Sanctorum
352 4683 463 4754 pariter,
478 4698 527 4754 per
539 4685 583 4755 pia
597 4693 659 4740 vota
673 4685 745 4741 fidei.

439 4797 519 4868 225
536 4797 637 4854 cxci.

232 4891 272 4943 tr
287 4907 361 4944 oront
376 4901 527 4944 sanctorum
547 4889 665 4946 Remedit'
680 4899 704 4945 et
721 4890 844 4947 oliorum.

142 4986 221 5042 lianc
235 4986 315 5040 Pater
328 4987 464 5058 egregius,
478 4988 624 5056 doctorque
637 4985 783 5040 Remedius
792 5001 868 5038 arant

180 5080 248 5136 Gurn
260 5081 341 5136 sociis
354 5082 425 5144 rite,
442 5087 532 5134 serrat
543 5081 642 5150 ubique
657 5078 722 5133 sois.

141 5172 220 5242 Quos
229 5173 274 5242 pia
287 5188 353 5228 cura
363 5172 444 5227 simul
457 5186 550 5226 mensa
564 5171 672 5225 satiarit
685 5172 711 5224 in
726 5169 787 5233 ista,

181 5262 235 5332 Qui
244 5264 330 5319 erexit
344 5263 427 5327 illam,
441 5263 541 5333 quique
551 5262 651 5317 dicavit
662 5276 733 5317 earu.

492 5374 605 5431 cxcii.

263 5469 302 5522 Ae
319 5469 453 5523 ecclesium
464 5468 548 5521 suncti
567 5465 700 5521 denedicti
715 5436 824 5519 abbatia.

147 5561 226 5625 llaec,
238 5558 393 5625 benedicte,
409 5561 467 5623 tibi,
483 5559 544 5629 pius
556 5558 625 5613 abba
639 5555 800 5617 monachus,

186 5652 333 5712 eontessor
351 5661 451 5720 vester,
469 5660 539 5707 tecta
554 5651 643 5707 dicata
658 5654 776 5703 manent.

986 4512 1098 4569 AEterna
1110 4512 1137 4567 in
1156 4508 1281 4565 manibus
1294 4512 1435 4576 portantes
1449 4503 1508 4558 lnce
1523 4503 1657 4557 lucernas,

1391 4617 1422 4671 ll.

1152 4714 1193 4768 td
1207 4730 1281 4767 nrnm
1299 4619 1390 4766 tangi?
1403 4706 1477 4760 Petri
1493 4704 1616 4775 apostoli.

987 4807 1110 4876 claviger
1122 4804 1267 4866 aethereus,
1281 4807 1373 4871 portas
1385 4798 1432 4869 qui
1446 4804 1538 4851 serrat
1551 4793 1658 4865 Olympi

951 4946 954 4950 .
988 4899 1085 4952 Petrus
1098 4894 1271 4964 apostoliens.
1286 4891 1412 4962 princeps
1424 4895 1556 4958 etpostor
1567 4885 1654 4940 nullis.

989 4986 1115 5058 Perpetui
1127 4984 1219 5056 lingis,
1229 4983 1339 5038 sibimet
1349 4981 1407 5036 baee
1418 4985 1541 5050 conmcta
1554 4974 1624 5048 [nra]
1633 4974 1721 5029 dicata
1730 4981 1783 5036 est,

988 5077 1112 5135 assiduis
1123 5075 1250 5145 precibus
1268 5080 1353 5127 toturn
1368 5076 1510 5125 conseruet
1519 5068 1551 5122 in
1563 5078 1658 5120 etnim.

1346 5181 1431 5238 cetu.

1206 5278 1247 5331 rid
1260 5293 1334 5331 nram
1351 5275 1433 5329 bento
1452 5272 1576 5342 l'irpinit.

993 5376 1075 5446 Virgo
1088 5373 1172 5428 bieria
1187 5371 1234 5426 liei
1247 5370 1375 5440 genitrix,
1391 5366 1543 5423 castissima
1550 5365 1642 5436 lngo,

992 5465 1051 5521 lant
1065 5471 1093 5519 et
1107 5463 1182 5519 stella
1194 5461 1290 5524 maris,
1303 5466 1404 5514 nostnc
1414 5456 1508 5528 'regina
1519 5454 1633 5511 salutis:

993 5555 1069 5610 llane
1080 5568 1155 5607 aram
1168 5552 1274 5607 meritis
1287 5563 1396 5620 semper
1405 5546 1544 5603 vivacibus
1556 5554 1645 5610 ornet,

994 5644 1059 5712 onze
1069 5653 1175 5700 sacrata
1189 5658 1238 5698 suo
1252 5641 1386 5712 condigno
1400 5647 1505 5704 constat
1518 5641 1630 5695 bonore.
