3780 6120
48 268 125 326 1089
395 262 470 318 0Pl’.
491 259 606 318 beeth.
621 292 655 303 -
674 258 788 317 ttntttl
808 254 999 317 consessio
1016 254 1117 314 ttulit.
1132 286 1167 299 ·-
1186 256 1277 312 tntis
1295 259 1339 315 li.
1621 258 1690 317 tosti

48 389 93 436 ter
110 378 197 440 sirau,
217 371 360 442 pronubis
380 373 477 426 iterum
496 373 524 426 in
543 371 596 428 hoe
609 372 740 446 mysterio
758 385 843 428 sacrae
857 373 882 433 Α
895 367 998 426 locutas
1017 386 1076 426 sem
1100 369 1188 436 soih,
1213 371 1321 441 spiritus
1340 381 1364 426 et
1384 375 1436 427 aits
1461 383 1538 438 suut,
1564 375 1610 430 sed
1630 386 1691 431 suat

47 466 194 524 oblationis
207 462 370 520 immolatur.
392 461 456 534 Ejus
469 463 569 534 quippe
588 460 625 519 ibi
644 477 743 534 corpus
760 463 845 519 sumi·
894 462 1003 534 guidam
1015 478 1048 518 eu
1062 462 1142 528 nohis,
1162 463 1207 534 gui
1228 479 1281 518 nou
1298 463 1417 518 credant.
1440 463 1563 522 Ostendit
1582 481 1612 522 se
1631 482 1690 522 ma·

48 571 105 626 tur,
119 560 178 630 ejus
192 570 257 612 caro
271 555 298 611 ln
311 554 402 626 populi
421 554 507 609 salute
520 555 649 624 partitur,
664 555 724 625 ejus
734 554 846 624 sanguia
895 565 977 622 guum
992 552 1096 608 dixisse
1104 552 1276 624 mysterium,
1288 568 1351 608 cum
1363 554 1402 609 ait
1416 568 1423 608 :
1438 553 1533 622 Veris,
1545 573 1605 628 putu
1620 557 1692 613 locu·

48 668 65 707 a
80 649 206 707 noctibus
218 646 330 702 bibitur.
346 644 400 700 Sed
414 646 550 715 qtromodo
564 645 616 701 boc
630 645 679 700 liat
695 644 756 716 quis
768 658 844 701 corn-
896 651 938 696 tas
956 658 1014 696 sum
1029 642 1109 707 rotie
1129 644 1238 714 rpirttm
1256 653 1280 698 et
1297 645 1350 698 nita
1368 655 1439 701 suat.
1455 645 1522 701 Crrm
1539 655 1629 704 autem
1643 648 1693 704 ad·

47 739 220 815 prehendero
233 743 331 807 potest,
347 735 389 791 rel
408 734 549 791 absolvere
561 734 696 806 protunda
714 736 845 807 mysteria
893 733 984 806 jungit
998 753 1007 790 a
1023 735 1074 790 Sed
1094 746 1156 791 aunt
1173 737 1283 808 paidom
1302 752 1335 792 eu
1348 737 1435 804 solis,
1454 740 1500 810 qui
1511 755 1564 795 uon
1582 742 1692 798 credent

48 832 132 904 hujus
145 826 288 891 sacrilicii,
300 825 372 896 quod
386 841 437 898 pro
449 824 619 882 absolutione
637 833 728 882 nostra
742 827 847 897 passio-
897 825 989 898 (ioan.
1012 840 1051 892 rr,
1072 826 1120 893 et,
1141 827 1197 898 ⁶5i·
1217 827 1343 884 Ostendit
1362 827 1436 886 istud
1458 832 1617 902 mysterium
1636 847 1692 890 non

49 936 113 980 nom
124 917 257 991 unigeniti
269 916 331 973 Filii
352 930 460 987 semper
474 916 606 971 imitatur.
624 915 787 972 sicutenim
801 931 847 973 sa·
897 930 958 974 este
970 919 1023 974 uisi
1038 918 1112 985 ildei,
1126 928 1154 975 et
1167 920 1296 987 bdelium,
1310 921 1356 991 qui
1369 921 1413 977 illa
1426 924 1510 979 verba
1523 923 1639 979 lideliter
1649 939 1692 981 ca-

48 1019 221 1071 erameutum
235 1019 336 1066 sanctas
348 1007 505 1074 Trinitatis,
525 1009 562 1062 ita
576 1015 604 1063 et
620 1008 779 1079 mysterium
795 1009 848 1064 lio·
897 1011 984 1083 piant,
1001 1019 1029 1066 et
1043 1011 1103 1068 ideo
1115 1013 1155 1067 eis
1169 1013 1282 1083 spiritus
1295 1021 1323 1069 et
1335 1014 1391 1069 vita
1406 1022 1485 1081 sunt,
1498 1015 1561 1086 qula
1573 1032 1621 1074 eos
1634 1019 1704 1090 spi··

49 1105 159 1161 minicoe
181 1101 317 1174 passionis
337 1108 365 1155 et
391 1100 508 1166 mortis,
534 1100 608 1170 qnod
634 1100 686 1156 hac
712 1097 848 1157 oblatione
898 1101 1032 1158 ritualiter
1043 1102 1181 1158 intellectu
1195 1104 1343 1160 ririiicaut.
1356 1105 1438 1161 hides
1451 1120 1505 1162 uon
1516 1106 1597 1164 habet
1609 1109 1693 1165 meri-

48 1196 251 1267 irequentatur,
277 1191 419 1263 aequaliter
443 1191 627 1247 necessarium
652 1191 687 1247 ad
711 1189 847 1257 salutem,
898 1199 966 1258 tum,
980 1194 1024 1250 cui
1035 1195 1152 1250 hnmana
1163 1195 1235 1252 ratio
1245 1197 1348 1266 prebet
1360 1198 1586 1268 experimentum.
1599 1199 1694 1257 ilelior

48 1285 189 1359 aqualiter
203 1285 230 1340 in
244 1283 408 1339 conscientia
422 1295 490 1354 pura
509 1289 552 1337 cst
565 1281 724 1337 sumendum
738 1297 770 1338 ac
783 1282 848 1336 reti·
897 1290 941 1339 cst
953 1283 1035 1352 lldes,
1049 1299 1132 1355 quam
1147 1289 1227 1354 ratio,
1242 1288 1305 1359 quia
1326 1289 1359 1343 ad
1373 1289 1567 1359 perfectionem
1585 1290 1694 1362 plenam

48 1377 181 1436 uendum.
204 1374 289 1430 Nemo
309 1373 418 1444 quidem
440 1373 560 1430 bdelium
580 1373 705 1429 dubitare
722 1373 802 1428 debet
815 1372 849 1429 de
899 1389 953 1430 non
965 1377 1123 1446 peruenitur
1139 1378 1191 1432 uisi
1205 1392 1254 1449 per
1271 1377 1366 1443 hdcm,
1386 1380 1456 1435 sicut
1476 1383 1605 1453 scriptum
1626 1389 1692 1439 est:

49 1471 123 1528 tanti
142 1469 264 1541 mysterii
276 1467 407 1531 veritate,
421 1481 482 1537 quae
501 1473 556 1521 mm
574 1465 666 1520 multis
686 1465 849 1520 testimoniis
900 1463 1693 1547 discredimus,canistellipetiaiirmr,tisecffl),

50 1563 167 1635 probata
177 1567 234 1623 ost,
252 1566 282 1614 et
301 1571 495 1627 nonnunquam
509 1557 599 1612 divina
618 1556 783 1612 revelatione
799 1555 849 1610 ali-
899 1564 927 1611 et
938 1557 1000 1613 alibi
1014 1575 1021 1613 :
1033 1559 1126 1614 iustas
1136 1569 1224 1614 cutem
1236 1576 1310 1616 meus
1322 1576 1355 1616 ea
1366 1562 1419 1631 pide
1431 1563 1492 1618 alsit
1503 1562 1582 1636 (liei.
1596 1580 1624 1632 x,
1635 1566 1693 1638 58).

51 1653 152 1725 quibus
167 1647 338 1706 manifestata
348 1656 399 1704 cst.
422 1646 579 1717 Egoautem
592 1647 713 1703 omnium
728 1646 847 1702 tidelium
898 1647 980 1704 Paua
995 1659 1057 1705 sunt
1071 1666 1197 1721 namque,
1219 1652 1264 1721 qui
1281 1652 1390 1708 irmare
1408 1662 1530 1724 possunt,
1545 1657 1616 1727 quod
1632 1672 1695 1713 cre·

52 1743 193 1808 mutuus,
207 1740 274 1797 nihil
285 1740 320 1796 de
334 1740 380 1795 illo
394 1738 509 1811 (gratias
520 1737 586 1811 lieo)
599 1738 626 1793 in
640 1737 733 1809 aliquo
743 1737 848 1803 dubito,
865 1719 977 1794 flocus.
995 1738 1072 1794 Unde
1086 1739 1163 1794 multi
1181 1739 1302 1806 illorum,
1318 1741 1364 1812 quii
1379 1750 1543 1813 putauerunt
1555 1759 1585 1800 se
1602 1760 1695 1817 posse,

54 1837 104 1895 ssd
117 1851 150 1893 eu
165 1843 222 1891 toto
239 1848 299 1889 meo
313 1833 394 1888 corde
406 1831 499 1897 credo,
512 1838 541 1886 et
557 1837 633 1886 certa
649 1831 706 1887 oris
719 1829 851 1885 relatione
901 1829 1018 1899 turpiter
1030 1828 1112 1901 m
1126 1839 1297 1898 erraremus,
1313 1831 1375 1887 dum
1389 1833 1571 1905 relinquentes
1589 1835 1696 1892 humili-

52 1928 198 1991 oonliteor,
215 1925 303 1995 ipsum
326 1924 425 1979 divinae
445 1931 474 1977 et
493 1921 607 1977 virilium
628 1921 739 1977 virturis
760 1936 851 1978 sacra-
902 1927 984 1976 tatem
1005 1920 1066 1975 lidel
1078 1962 1085 1986 ,
1099 1922 1205 1978 ratione
1218 1937 1301 1993 supra
1316 1937 1346 1980 se
1359 1925 1507 1981 ascendere
1517 1942 1697 2001 praesumpse-

54 2027 302 2083 mentnm,reram
319 2014 420 2070 Christi
435 2027 544 2069 carnem
558 2028 634 2079 esse,
648 2028 681 2068 er
694 2013 850 2082 quapasci-
901 2018 974 2067 mut.
1006 2010 1201 2067 Gumoarium
1228 2013 1265 2067 sit
1288 2012 1427 2069 Christum
1452 2016 1644 2073 immortaliter
1669 2026 1697 2074 et

54 2125 129 2176 mur,
137 2116 166 2164 et
178 2122 273 2163 rerum
285 2105 343 2176 ejus
351 2105 564 2177 sanguinemex
574 2118 628 2174 quo
640 2112 775 2174 potamur.
788 2103 851 2159 liaeo
900 2100 1143 2171 incorruptibiliter
1154 2102 1246 2156 uivere
1259 2103 1285 2157 in
1303 2118 1333 2158 se
1351 2104 1425 2173 ipso,
1439 2106 1501 2174 quis
1515 2115 1573 2172 est,
1593 2109 1639 2178 qni
1653 2124 1698 2163 ra-

55 2214 174 2272 nmque
191 2200 279 2256 hostia
293 2213 392 2269 corpus
407 2204 435 2254 et
448 2199 558 2269 sanguis
569 2205 626 2266 est,
641 2205 673 2253 ut
688 2198 785 2254 beatum
801 2195 852 2252 Pe·
901 2189 975 2246 lione
987 2190 1193 2260 mperevtleat
1206 2190 1459 2261 quomodocamcm
1474 2210 1551 2251 suam
1563 2196 1608 2251 det
1618 2198 1697 2254 nobis

46 2301 118 2364 ‚trus
130 2292 192 2347 ait:
214 2289 421 2345 laconiamr'acti
445 2290 507 2360 ogni
527 2297 552 2344 et
571 2287 735 2343 immersisti
753 2284 852 2343 Christi
901 2279 936 2334 ad
953 2280 1188 2336 manducanduml
1201 2279 1370 2337 &edoctam
1387 2283 1460 2339 enlm
1475 2285 1547 2340 istud
1560 2287 1694 2354 mirabile,

57 2383 86 2458 (l
96 2383 170 2440 Pete.
183 2398 204 2449 t,
220 2380 275 2453 lii.
292 2381 373 2437 Panis
387 2380 459 2436 enim
481 2377 540 2445 ille,
555 2379 634 2449 panis
652 2384 680 2435 et
693 2378 756 2434 vite
772 2387 852 2433 aeter·
901 2371 1039 2429 Christum
1052 2386 1107 2428 uon
1124 2371 1252 2437 mudum,
1264 2374 1311 2428 sed
1324 2373 1433 2438 datum,
1446 2390 1501 2431 non
1519 2378 1696 2435 occidendum

58 2490 116 2542 1123
131 2484 158 2531 et
171 2475 242 2530 mlix
256 2473 311 2539 ille,
324 2473 393 2528 calix
408 2471 503 2528 saluas
516 2478 663 2542 perpetua.
681 2471 776 2528 Euhie
788 2484 853 2527 sanc
902 2464 1099 2529 retorsimus,
1116 2479 1169 2519 uon
1184 2464 1356 2521 redimendos
1375 2480 1425 2521 nos
1440 2465 1511 2540 [sed]
1531 2471 1695 2541 redemptos,

57 2567 158 2624 diuinis
175 2565 314 2639 mysteriis
334 2564 513 2626 mundamur,
536 2570 563 2620 et
583 2560 800 2628 sanctificamur,
825 2569 853 2617 et
901 2558 980 2613 nobis
994 2556 1151 2612 inreritate
1163 2563 1311 2621 monstrat;
1327 2557 1394 2614 sicut
1415 2560 1515 2615 veteris
1535 2559 1608 2632 legis
1621 2562 1698 2618 ricti-

56 2658 140 2714 nuins
162 2656 312 2713 divinitatis
329 2655 477 2725 participes
494 2652 635 2718 eilicimur,
655 2654 719 2724 qrria
734 2652 806 2709 bens
825 2654 852 2708 in
902 2663 954 2704 mae
972 2647 1136 2703 haecomnia
1150 2653 1264 2702 ventura
1279 2648 1508 2716 prenuntiabant.
1525 2648 1577 2706 Sed
1591 2653 1638 2723 qul
1651 2669 1698 2708 re-

58 2747 149 2814 nobis,
163 2755 190 2803 et
210 2761 260 2802 nos
278 2746 306 2800 in
325 2745 381 2801 beo
400 2759 550 2801 manemus.
568 2744 655 2801 ,ludio
675 2745 790 2816 quidde
810 2745 854 2802 his
903 2741 1253 2812 rumcorpussuum,quorl
1265 2741 1698 2817 suscitaritdosepulcmpotult,

57 2841 119 2912 ipsa
133 2837 239 2895 Veritas
263 2837 392 2909 loquitur,
417 2844 445 2891 et
466 2838 524 2892 sine
542 2836 624 2891 dubio
641 2836 724 2892 oredo
735 2835 776 2902 el,
793 2850 854 2907 que
900 2832 991 2905 januis
1002 2833 1113 2900 clausis,
1128 2834 1188 2889 sine
1200 2835 1374 2906 corruptione
1388 2842 1416 2891 et
1430 2835 1519 2907 aliqua
1534 2839 1575 2894 sui
1588 2837 1699 2896 laesione

57 2931 170 2990 mentiri
183 2947 236 2987 non
250 2936 349 3001 potest.
370 2929 518 3001 Respondit
536 2929 610 2984 enim
630 2927 855 3001 litigantibusiu-
904 2927 1078 2982 introducere
1104 2927 1138 2981 ad
1165 2924 1329 2998 discipulos,
1355 2936 1444 2999 potest
1469 2931 1561 3000 utique
1588 2944 1698 2987 carnem

58 3024 143 3091 dats,
156 3038 253 3094 panem
270 3022 420 3079 concordiae
437 3021 625 3092 ignorantibus
640 3031 721 3094 atque
741 3022 854 3079 dicenti·
905 3032 983 3072 snam
996 3017 1061 3071 itare
1074 3017 1152 3072 nobis
1165 3018 1199 3071 ad
1217 3017 1433 3073 manducandam
1448 3019 1509 3074 siue
1524 3034 1572 3075 sua
1589 3020 1700 3079 lesione

58 3117 114 3175 bus
127 3134 135 3172 ι
150 3114 287 3182 mommo
298 3124 381 3187 potest
393 3113 466 3169 aoiis
479 3114 523 3168 hic
536 3128 641 3170 curnem
655 3130 732 3170 auum
745 3113 809 3169 dore
819 3110 855 3168 ud
907 3118 935 3165 et
950 3109 1123 3165 detrimento.

59 3206 275 3263 mobilitantium
295 3204 392 3278 (ioca.
415 3222 459 3270 it.
483 3205 517 3262 53
538 3204 622 3276 let-i?
641 3203 743 3271 Quibssss
760 3219 810 3274 W
825 3218 856 3260 ⁸⁸
942 3218 986 3275 ll.
1005 3218 1058 3274 lste
1071 3225 1123 3284 est,
1136 3219 1181 3289 qui
1202 3233 1255 3274 non
1274 3226 1367 3291 aperto
1383 3219 1583 3292 utemvirginis
1597 3223 1701 3295 ingrcs-

59 3299 151 3369 Μ
166 3296 255 3353 ὤῑῑῑΐ
271 3296 371 3363 ΑΜ,
385 3312 462 3351 “mett
474 3295 534 3350 ‘¹5⁶⁰
548 3295 635 3361 lviii,
648 3296 698 3351 πῖθ’
712 3294 856 3351 massaeo·
907 3311 954 3367 sals
966 3316 1009 3364 est
1021 3309 1162 3376 mundum,
1174 3309 1220 3380 qui
1237 3324 1299 3364 cum
1312 3320 1378 3365 tero
1391 3325 1505 3381 corpore
1522 3328 1603 3385 supra
1625 3330 1702 3371 mare

60 3391 152 3447 milit
170 3405 275 3445 mittem
295 3388 319 3443 F
320 3388 361 3444 iiii
373 3388 501 3453 lvmine,
513 3397 538 3445 et
549 3388 664 3443 metii&
677 3389 734 3460 θ’θ’
752 3387 858 3459 “ilidii''
908 3399 1065 3466 ambularit,
1079 3400 1124 3471 qul
1143 3398 1271 3471 pauculas
1286 3415 1363 3457 escas
1377 3403 1549 3461 transitorias
1565 3413 1593 3461 et
1610 3405 1703 3462 risibi-

62 3494 135 3548 Μ,
148 3479 311 3536 mitialem
324 3481 403 3535 ”iiim
417 3480 535 3535 fulvii&
551 3479 604 3546 (Μ
616 3479 759 3534 mititte!
772 3493 857 3532 metm
907 3490 947 3547 les
968 3491 1019 3547 sub
1039 3491 1165 3549 dentibus
1189 3490 1325 3547 edentium
1347 3494 1440 3566 augeri
1458 3494 1532 3552 iecit.
1550 3496 1618 3566 Quid
1637 3514 1703 3572 ergo

61 3586 171 3629 Μ
186 3581 210 3626 θ’
223 3571 286 3626 iiiii
299 3588 387 3626 mem
399 3572 569 3641 “imiimi
586 3568 662 3624 tutet
682 3572 762 3624 mium
779 3577 857 3624 wi·
908 3580 1027 3649 dubitas,
1041 3596 1102 3637 oum
1122 3583 1178 3653 ipsc
1192 3580 1264 3638 dicat
1279 3581 1326 3638 tibi
1346 3598 1354 3637 τ
1376 3582 1428 3650 Qut
1447 3586 1589 3642 manducat
1609 3605 1659 3655 ure,
1678 3598 1704 3643 et

63 3680 138 3727 sa·-
152 3662 221 3719 ciro
234 3663 303 3718 euim
323 3679 382 3717 mec
402 3679 461 3717 ure
473 3663 546 3716 ctam
563 3672 612 3727 est,
629 3663 772 3732 asangm
784 3678 859 3718 meur
908 3673 962 3743 epse
975 3672 1036 3727 aaa
1050 3682 1156 3744 propter
1174 3689 1214 3727 me
1235 3672 1326 3744 (toan.
1347 3672 1404 3747 apt
1423 3674 1495 3731 bens
1516 3678 1619 3748 estqui
1639 3676 1705 3737 tacit

64 3763 171 3811 mni
188 3763 274 3826 potor.
295 3751 348 3818 Qui
362 3752 506 3806 mmm
521 3768 606 3806 ΜΝ
619 3768 740 3817 mmm.
755 3762 780 3807 et
796 3754 860 3809 iiiii
909 3774 1006 3833 magna
1019 3769 1047 3816 et
1059 3758 1203 3825 mirabilia,
1216 3768 1243 3815 ct
1256 3760 1450 3831 inscrutabilia,
1465 3779 1580 3834 quorum
1594 3782 1647 3822 non
1661 3775 1705 3823 est

63 3860 153 3901 m
163 3845 331 3915 uestitum,
346 3843 375 3897 ¹⁶¹⁸
388 3858 430 3897 Μ
442 3851 544 3908 mam,
564 3850 590 3896 ei
605 3858 652 3914 ⁶9⁰
663 3841 691 3896 iit
710 3841 756 3896 ⁵¹¹0
770 3856 779 3894 ··
792 3843 860 3897 liciti
910 3866 1048 3907 numerus.
1064 3848 1103 3905 Ne
1115 3849 1191 3914 velis,
1208 3865 1310 3921 qtrmso,
1323 3851 1375 3906 boc
1387 3852 1491 3908 ratione
1503 3854 1640 3927 indagare.
1653 3854 1704 3911 Sa-

64 3952 109 3993 su
121 3936 192 3991 misit
203 3936 288 3992 arear
303 3934 393 4000 Pater,
408 3943 434 3988 et
450 3949 497 4005 ego
516 3935 570 3989 riso
585 3942 690 4005 propter
703 3929 819 3995 Putrem,
836 3940 860 3987 ei
910 3955 958 4011 pra
976 3946 1003 3995 te
1015 3947 1057 3996 ost
1072 3939 1218 4010 negotium,
1235 3939 1314 3995 nimis
1326 3940 1432 3995 excedit
1444 3941 1517 3997 uires
1534 3951 1603 3999 tuas.
1618 3943 1705 4001 Ncmo

63 4027 263 4099 &maducat
273 4041 322 4090 me,
340 4026 393 4096 ipse
406 4024 467 4081 sirit
478 4036 582 4097 propter
593 4041 644 4079 me.
661 4023 712 4078 iiic
726 4033 763 4079 est
772 4027 859 4096 porris,
910 4030 983 4086 enlm
1005 4036 1095 4102 potest
1112 4029 1234 4098 corporis
1249 4037 1277 4083 et
1293 4028 1432 4100 sanguinis
1443 4028 1560 4099 Christi,
1581 4049 1630 4105 pro
1647 4051 1704 4091 ma·

66 4120 114 4192 gui
124 4118 159 4174 de
169 4117 233 4174 ooeio
246 4116 389 4173 deseendit.
406 4114 458 4182 Qui
472 4115 692 4172 manducatione
707 4130 811 4186 punem,
823 4118 862 4171 ui·
907 4124 1006 4195 jestate
1024 4121 1074 4187 rei,
1091 4128 1262 4176 sacramenta
1279 4133 1452 4193 cognoscere.
1467 4120 1608 4178 Praebeant
1624 4124 1704 4189 lltlcm

66 4217 111 4265 set
123 4211 154 4265 is
167 4219 304 4265 oetemum.
910 4210 1043 4268 mirabilia
1068 4208 1256 4276 mirabilibus,
1286 4211 1568 4283 incomprehensibilia
1599 4215 1704 4273 incom-

107 4305 138 4361 i.
152 4305 268 4362 adverte
277 4306 333 4376 iam
345 4304 463 4368 mudena,
476 4317 493 4357 o
505 4302 727 4373 pravissimarum
741 4303 861 4377 gentium
910 4302 1145 4376 prehensibillbus.
1164 4301 1259 4357 birino
1279 4302 1410 4375 operatio,
1427 4303 1449 4358 si
1464 4304 1569 4361 ratione
1585 4322 1707 4379 compre·

68 4412 198 4470 parumn
211 4398 381 4464 doctrina,et
390 4396 444 4451 noli
454 4397 536 4451 surda
547 4411 614 4452 aure
625 4405 653 4453 et
673 4397 862 4455 incircumciso
873 4413 901 4476 ῃ
911 4394 1049 4459 henditur,
1066 4408 1120 4448 non
1132 4400 1173 4449 est
1187 4393 1253 4448 adeo
1266 4392 1442 4450 admirabilis.
1456 4394 1560 4451 ltesistc
1571 4412 1704 4467 quaerere.

67 4490 155 4547 ourde
168 4490 322 4560 preterire,
340 4490 414 4559 quod
431 4487 533 4544 dicitur
556 4506 562 4541 :
585 4487 637 4554 Qut
651 4490 794 4545 manducat
811 4506 862 4555 me,
914 4485 1000 4542 Crede
1016 4498 1123 4540 mecum
1138 4490 1261 4552 tantam,
1277 4484 1339 4556 quia
1354 4482 1477 4543 Christos
1493 4485 1572 4543 nobis
1586 4490 1706 4560 quotidie

70 4595 150 4637 suam
160 4580 288 4635 nimirum
302 4587 330 4635 et
342 4594 397 4633 non
411 4579 491 4633 aliam
507 4593 616 4634 carnem
636 4580 812 4636 demonstrat
834 4579 863 4636 Si
914 4578 1092 4634 ministratur.
1118 4575 1243 4633 Christus
1267 4584 1310 4632 cst
1332 4574 1408 4633 cibus
1422 4583 1450 4632 et
1470 4585 1550 4648 potus
1568 4578 1704 4637 Ecclesiae.

69 4671 362 4734 enimhocnonesset,
376 4684 545 4740 treguaquam
560 4670 718 4740 mysterium
733 4670 864 4727 illudtam
915 4669 1099 4734 Canachus,
1127 4681 1237 4739 sanguis
1261 4675 1352 4737 potus.
1378 4664 1482 4736 Curius?
1503 4668 1612 4727 Christi.
1638 4674 1708 4729 ludi

21 4832 24 4837 Ι
71 4764 211 4828 mirabile,
230 4770 258 4818 et
271 4761 418 4828 ineffabile,
433 4769 514 4833 atque
527 4761 796 4833 incomprehensibile
811 4763 864 4818 dicl
915 4760 1003 4830 ipsum
1024 4758 1159 4814 dicentem
1184 4771 1192 4810 τ
1217 4752 1274 4810 iloc
1296 4765 1335 4810 est
1358 4772 1452 4828 corpas
1478 4774 1565 4814 meam
1589 4761 1599 4833 (
1610 4760 1707 4819 batth.

71 4863 174 4927 posset.
186 4853 237 4922 (psl
247 4852 427 4908 lieumcredit
438 4853 660 4922 omnipotentem,
675 4853 865 4923 creditutiquc
916 4866 992 4915 xxia,
1014 4849 1081 4923 26),
1103 4854 1149 4902 et:
1167 4844 1224 4918 Epo
1243 4861 1301 4903 aum
1316 4846 1393 4917 punis
1406 4849 1464 4904 citu
1480 4848 1576 4921 (iouh.
1595 4868 1636 4919 rt,
1650 4853 1707 4925 te).

71 4958 137 5005 um
150 4943 229 5000 lacile
238 4958 319 5014 posse
331 4943 366 4998 de
379 4958 409 4998 ne
427 4943 532 5014 aliqua,
547 4943 619 5013 qnod
634 4942 700 5007 vult,
719 4940 818 4998 lacere.
836 4940 865 4997 Si
917 4940 975 4995 iioc
986 4938 1065 5008 facim
1074 4939 1101 4992 ia
1110 4953 1194 4992 meam
1205 4938 1475 4999 commemorationem
1483 4938 1559 5015 (Luc.
1573 4958 1639 5011 unu,
1651 4945 1705 5016 itt).

71 5037 125 5098 hoc
139 5043 211 5092 esset
224 5035 272 5102 ita,
283 5034 474 5106 comprehendi
489 5048 570 5089 sensu
583 5043 611 5089 et
625 5033 715 5089 uerbis
726 5033 778 5089 dici
792 5042 867 5090 ccrto
917 5031 974 5086 lioc
987 5043 1052 5099 ergo
1066 5026 1215 5099 agendum,
1229 5026 1282 5082 hoc
1296 5024 1520 5099 frequentandum
1536 5037 1708 5090 commenda-

72 5126 214 5197 potuisset.
231 5126 330 5183 ilerum
349 5125 411 5195 quia
431 5123 510 5195 longe
527 5122 607 5178 slltcr
621 5122 748 5179 sehabet
764 5122 867 5178 ueritas
917 5121 956 5175 rit
982 5118 1127 5184 Ecclesiae,
1152 5130 1292 5187 quousque
1316 5118 1409 5174 ueniat
1437 5118 1463 5173 in
1491 5118 1573 5177 linem
1600 5123 1708 5189 secuit,

71 5219 143 5277 tanti
156 5217 289 5290 mysterii,
299 5232 381 5288 mam
393 5224 422 5271 tu
433 5216 563 5272 haeretico
574 5214 702 5287 deceptos
714 5213 810 5286 spirito
823 5227 868 5268 ur·
917 5208 1088 5282 quandoerit
1101 5217 1258 5265 sanctorem
1274 5208 1397 5281 requiem
1411 5225 1464 5266 non
1479 5210 1566 5268 adbuc
1580 5211 1607 5269 iu
1618 5229 1709 5270 sacra·

72 5309 196 5376 bitrarh,
212 5315 287 5364 recte
300 5307 399 5364 diditur
410 5307 569 5379 mysterium
582 5304 654 5362 hdel.
666 5303 725 5361 lton
737 5305 808 5361 euim
820 5303 868 5360 hu·
918 5314 1027 5372 mento,
1042 5317 1096 5377 quo
1113 5303 1140 5358 in
1164 5301 1216 5357 boo
1232 5307 1354 5373 tempore
1376 5303 1549 5361 consociatur
1569 5302 1710 5375 Ecclesia,

72 5414 155 5458 amno
167 5400 305 5457 intellectu
319 5398 511 5470 comprehendi
529 5405 557 5454 et
577 5395 670 5452 subtili
684 5396 789 5452 rationo
802 5410 866 5466 per-
917 5396 1036 5469 qrrandiu
1050 5394 1161 5461 bibitur,
1173 5393 1245 5464 qood
1257 5392 1291 5448 de
1303 5392 1403 5450 Christi
1419 5392 1505 5451 latere
1517 5398 1646 5463 manarit,
1662 5398 1711 5457 sel

72 5493 155 5564 pendi
170 5492 252 5557 ualet,
264 5491 312 5547 sod
328 5489 460 5560 simplicis
474 5488 538 5545 idei
558 5487 731 5544 wothsima
750 5487 867 5559 puritate
917 5497 1009 5544 tamen
1025 5488 1053 5543 in
1071 5487 1129 5559 ipsa
1143 5483 1310 5557 perfectione
1327 5483 1421 5541 salotis
1436 5493 1560 5554 eternae,
1574 5504 1636 5544 cum
1654 5498 1711 5543 tra·

72 5589 145 5659 capi.
161 5588 238 5646 Unde
251 5586 381 5644 Dominus
398 5587 501 5643 dehoc
518 5592 689 5641 sacraureuto
706 5583 866 5654 ‹pribusdam
918 5582 997 5635 detur
1011 5594 1124 5651 regnum
1145 5578 1200 5647 lieo
1219 5575 1310 5641 Pelii,
1326 5585 1356 5631 11²
1373 5577 1401 5632 in
1421 5577 1466 5634 iilt
1485 5580 1626 5652 perspicua
1646 5597 1710 5637 tou·

75 5680 215 5752 discipulis
230 5694 285 5735 non
296 5677 468 5735 credentibus
483 5678 605 5750 loquens,
620 5676 679 5730 ait:
702 5672 794 5743 l'eria,
808 5692 867 5747 quae
918 5671 1091 5744 temptatione
1103 5668 1329 5726 incommutabilis
1345 5671 1467 5727 veritatis
1484 5671 1563 5727 uubis
1576 5676 1710 5746 mysteriis
