3780 6120
118 266 171 322 ‘tta
547 256 577 312 li.
597 256 629 311 F.
649 252 762 309 ALBlNi
782 251 848 307 SEU
865 247 1002 305 attulit
1022 244 1162 302 optutu
1181 241 1271 298 PARS
1289 239 1333 297 ltt.
1710 236 1763 293 tto

118 383 193 438 laune
205 378 349 435 Psalmista
361 374 447 432 exsui
459 373 544 443 ipsius
556 385 678 442 personat
692 367 782 423 seritis
799 366 915 421 liberum
930 366 953 425 Α
966 378 1021 417 non
1034 361 1171 432 intelligis,
1186 361 1213 415 in
1225 359 1333 415 Christo
1348 372 1478 427 personas
1491 363 1518 412 te
1531 354 1681 420 allirmare,
1696 353 1763 409 dunt

119 487 182 529 esse
194 478 318 534 testatur,
325 468 371 525 ubi
379 468 418 521 ait
431 484 438 520 :
453 463 477 518 F
478 473 552 519 octus
566 479 624 517 eum
637 460 788 516 sicutlmmo
798 457 855 511 sine
868 456 916 509 nd·
967 455 1044 520 dicis,
1059 456 1082 508 ei
1096 463 1120 508 et
1137 454 1177 509 illi
1185 455 1198 508 ,1
1216 453 1299 521 Quasi
1313 454 1382 508 alius
1395 453 1431 506 sit
1444 452 1490 522 qni
1504 465 1538 506 ex
1551 448 1608 505 oen
1621 446 1704 504 Patre
1715 462 1764 517 qe-

42 561 49 575 ”
116 564 219 635 jutorio
234 563 303 616 inter
315 569 432 615 mortuos
445 553 604 629 liicrlPsol.
621 548 790 623 taurini).
802 550 917 604 lterum·
967 545 1039 600 nitus
1052 554 1104 610 est,
1130 555 1157 599 et
1172 545 1240 599 alius
1252 545 1299 614 qui
1318 560 1352 599 ex
1365 544 1476 613 i'irgiue
1490 551 1579 598 matre
1603 540 1692 597 lactus
1708 552 1762 606 est,

120 670 175 727 que
189 654 217 710 iu
227 653 280 709 alio
291 651 412 723 psalmo:
422 647 492 702 Deus
502 647 631 700 ultionum
643 643 782 707 Dominus,
795 641 865 695 licus
877 639 918 695 nl·
967 636 1030 691 dum
1049 636 1211 707 evangelista
1226 638 1292 692 dieit
1307 654 1314 689 ι
1334 634 1447 690 Verbum
1459 651 1522 690 coro
1534 635 1635 706 luctum
1648 643 1699 689 est.
1714 634 1764 691 ilia

122 749 223 801 tionum
238 743 380 813 libereepit
397 732 918 811 (Pacl.xcrn,l).ldtipseliominusin
967 742 1033 782 vero
1054 729 1136 783 rerba
1159 728 1235 783 isaim
1257 728 1410 797 prophetae,
1438 742 1499 797 qum
1524 735 1555 780 tu
1580 725 1704 781 mamas
1728 722 1765 781 de

122 836 288 908 Erarrgelio·
308 832 337 889 Si
353 831 440 887 Filins
463 845 516 893 ror,
533 829 581 894 ait,
603 826 761 890 liberaverit,
782 836 917 879 tencteri
967 816 1075 873 Christo
1096 832 1157 873 esse
1180 816 1346 881 vaticinata,
1375 815 1409 870 tle
1432 814 1504 886 Cyro
1529 831 1594 886 rege
1615 815 1766 873 Persarum

123 929 199 983 liberi
210 928 283 983 eritis
295 924 450 999 (loomrrn,
460 919 516 992 iii).
528 917 594 987 Quae
604 927 646 972 est
659 913 918 979 libertasnostra,si
967 909 1096 979 predicta
1116 916 1189 972 sunt,
1214 908 1260 978 qui
1282 907 1410 978 populum
1425 907 1475 962 liei
1492 908 1526 962 de
1537 907 1703 978 Babylonica
1717 924 1766 965 ca·

123 1019 255 1077 liberator
269 1024 362 1073 noster
377 1014 500 1085 captiuus
513 1025 573 1066 esse
587 1009 714 1080 putatur?
726 1007 772 1062 llle
784 1004 919 1077 siquidem
968 1000 1092 1070 privitate
1116 1001 1143 1054 in
1161 1001 1277 1071 patriam
1299 1000 1412 1066 remisit,
1435 1015 1490 1055 non
1505 999 1540 1055 de
1551 996 1675 1064 Clariato,
1690 1008 1721 1055 ιιι
1734 1008 1767 1056 ιιι

123 1113 241 1182 pessima
252 1107 410 1178 captivitate
420 1104 544 1175 captiuus
555 1110 607 1165 est,
623 1100 669 1171 qui
684 1099 770 1155 credit
781 1098 919 1154 Christum
969 1095 1048 1149 reris.
1073 1092 1198 1159 Quoties
1216 1091 1459 1147 circumstantibus
1481 1089 1602 1159 ejtrsdem
1623 1093 1767 1162 prophetae

123 1201 262 1270 captivum
276 1213 347 1264 esse,
369 1197 397 1251 in
412 1194 489 1265 cuius
502 1192 672 1249 uestimentis
694 1190 826 1260 scriptum
845 1187 920 1243 vide-
968 1188 1059 1245 serbis
1073 1187 1199 1242 facillime
1221 1186 1332 1256 intelligi
1350 1192 1448 1254 potest,
1464 1184 1510 1239 ubi
1524 1184 1563 1239 ait
1577 1198 1586 1239 t
1600 1184 1713 1240 Accium
1726 1194 1766 1252 te,

123 1293 172 1349 itat
182 1292 328 1362 Apostolus
343 1307 351 1343 ι
367 1288 424 1343 lica
438 1293 571 1359 reprimet
582 1283 713 1338 llominns
726 1280 920 1335 dominantium
968 1287 993 1333 et
1007 1294 1060 1332 uon
1079 1278 1164 1348 888
1182 1277 1324 1349 coquoeimi
1337 1292 1378 1329 mc
1399 1273 1491 1348 (iscire
1504 1289 1567 1342 xus,
1579 1272 1619 1346 5).
1637 1274 1718 1343 Quod
1731 1276 1768 1333 ds

123 1383 152 1455 (l
169 1382 237 1439 liin.
253 1398 289 1447 ιι,
306 1380 362 1452 15).
379 1378 435 1434 Nec
458 1379 516 1448 ipse
533 1377 619 1432 Adam
634 1372 818 1444 protoplastus
831 1370 919 1440 capti·
969 1370 1080 1427 Christo
1103 1372 1204 1441 alisque
1226 1370 1309 1426 dubio
1329 1369 1382 1425 diei
1400 1384 1454 1424 non
1471 1375 1572 1440 potest.
1597 1366 1768 1443 Hieronymo

122 1493 174 1532 vus
199 1484 307 1532 creatus
329 1482 381 1537 est,
401 1470 448 1527 sed
469 1470 583 1526 liberet
607 1470 750 1539 ingenuus,
762 1473 866 1534 utpote
885 1462 921 1519 ad
971 1475 1079 1530 quoque
1102 1467 1169 1516 teste
1190 1460 1300 1530 probari
1322 1459 1405 1525 valet,
1426 1460 1499 1529 quod
1522 1458 1691 1517 omnimodis
1707 1461 1768 1519 itae

125 1566 272 1635 imaginem
285 1561 529 1619 etsimilitudinem
544 1559 593 1615 Dei
615 1576 622 1613 z
646 1573 696 1613 nee
716 1565 780 1612 ante
797 1555 920 1626 captivus
970 1553 1114 1624 prophetia
1134 1552 1168 1607 atl
1191 1551 1329 1608 Christum
1351 1568 1405 1607 ιιοιι
1426 1552 1555 1622 pertinet.
1579 1551 1653 1608 Dicit
1674 1553 1764 1609 euim:

124 1655 277 1712 credendus
290 1661 350 1717 est,
373 1666 455 1721 quam
468 1666 484 1706 a
502 1648 609 1705 diabolo
625 1649 754 1716 deceptus
768 1660 828 1701 esse
846 1645 920 1714 lega·
975 1665 986 1698 ι
1003 1646 1066 1702 Seio
1081 1647 1109 1701 in
1123 1647 1175 1702 hoc
1189 1647 1307 1716 capitulo
1324 1662 1376 1701 nort
1391 1647 1479 1703 solum
1492 1646 1662 1713 Latinorum,
1680 1646 1728 1705 sed
1739 1656 1768 1705 et

125 1755 179 1803 tur.
193 1747 227 1800 Et
240 1744 374 1815 quomodo
386 1743 511 1799 Christus
522 1742 647 1812 captiuus
660 1739 713 1795 dici
731 1745 836 1809 potest,
855 1737 919 1792 dum
936 1721 1128 1794 BGraecorum
1149 1739 1281 1810 plurimos
1300 1742 1477 1797 veliementer
1497 1757 1603 1809 errare,
1621 1744 1766 1799 milman-

125 1838 170 1895 ilie
195 1838 255 1908 ipse
280 1837 308 1892 iu
332 1835 478 1907 Evangelio
503 1834 573 1888 ait:
604 1832 679 1887 Venit
699 1832 820 1902 princeps
838 1829 919 1899 luins
970 1832 1039 1885 tium
1060 1830 1193 1900 scripturn
1216 1846 1278 1887 esse
1297 1831 1671 1899 deliominocltristo,dum
1685 1846 1768 1913 rupea

125 1930 228 1994 reinardi,
240 1937 265 1982 ct
279 1929 307 1982 in
320 1944 361 1983 me
376 1945 430 1981 non
442 1927 517 1982 leniet
529 1927 674 1998 quidquam
686 1924 778 1996 (loun.
794 1936 851 1987 arr,
860 1920 918 1992 ὅθ).
971 1921 1116 1977 Dominum
1130 1930 1221 1987 sonat,
1236 1937 1288 1976 non
1304 1923 1337 1977 de
1351 1923 1432 1993 Cyro.
1453 1943 1462 1975 ι
1484 1923 1574 1993 Atque
1592 1922 1693 1981 iterum
1707 1936 1769 1997 post

52 2082 54 2087 ,
125 2021 156 2077 st
170 2022 198 2077 iu
210 2021 319 2077 Clrristo
329 2020 476 2091 quidquam
491 2018 612 2073 inuenire
623 2031 677 2071 non
692 2015 779 2086 potuit
792 2013 921 2083 antiquus
970 2026 1075 2081 pauca:
1093 2030 1103 2064 ι
1121 2011 1230 2066 Accium
1248 2022 1388 2076 terinos
1403 2014 1545 2084 copnoeisti
1557 2031 1608 2068 mc.
1623 2014 1665 2070 Tu
1680 2026 1768 2073 aetem

126 2113 222 2178 hostis,
238 2113 310 2183 quoti
324 2127 403 2167 suum
417 2118 501 2176 esset,
516 2110 587 2165 unde
598 2124 660 2163 eurn
676 2107 813 2178 captivum
829 2114 921 2161 tenere
971 2120 1024 2157 non
1046 2105 1188 2174 copnooisti
1204 2121 1254 2169 mc,
1281 2104 1374 2168 idest,
1399 2104 1545 2160 simulacra
1570 2105 1691 2173 coluisti,
1714 2123 1769 2165 uon

127 2205 233 2275 potuit?
258 2204 312 2260 Sed
334 2203 380 2259 ille
400 2203 488 2272 magis
509 2208 653 2271 superatus
676 2208 703 2255 et
725 2199 825 2269 ligatus
845 2206 921 2254 esta
972 2194 1067 2248 licum.
1091 2194 1202 2248 accinxi
1220 2204 1244 2249 te
1259 2194 1423 2264 fortitudine,
1439 2196 1529 2263 idest,
1543 2198 1692 2254 stultarum
1704 2214 1771 2273 pen-

124 2295 246 2362 christo,
260 2296 307 2367 qui
326 2305 354 2351 et
368 2294 553 2350 tortitudinem
568 2307 658 2357 snam,
672 2306 732 2360 quae
746 2288 822 2363 [qna]
833 2290 922 2359 ipsum
973 2283 1040 2338 itum
1054 2283 1106 2339 teci
1129 2293 1156 2339 te
1169 2300 1231 2340 esse
1245 2286 1388 2349 rictorem,
1402 2294 1430 2342 ct
1446 2303 1500 2344 non
1515 2290 1668 2360 miinoristt
1692 2293 1772 2349 ausi·

126 2385 240 2450 vicerat,
260 2385 287 2439 in
305 2383 462 2455 evangelica
481 2377 922 2455 parabolaostendensait:t1ent
972 2382 1096 2437 liotorem
1119 2390 1203 2437 tuum.
1230 2383 1257 2437 ln
1281 2399 1334 2453 quo
1358 2384 1418 2439 loco
1440 2386 1507 2440 satis
1528 2386 1623 2442 mirari
1650 2402 1769 2459 nequeo,

126 2478 203 2549 fortis
216 2484 335 2530 armatus
349 2474 462 2529 custodit
478 2475 677 2536 utrinmsuum,
697 2472 724 2525 in
736 2487 801 2541 poce
814 2479 876 2525 sunt
891 2485 922 2523 tn
973 2488 1033 2543 quae
1055 2473 1170 2529 stultitia
1193 2474 1229 2529 sit
1257 2475 1412 2546 legentium,
1437 2485 1468 2533 ut
1491 2478 1551 2535 inec
1575 2478 1609 2535 ad
1629 2477 1771 2543 Christum

124 2585 185 2642 quie
202 2567 325 2639 possidet.
339 2564 368 2621 Si
379 2575 468 2620 entem
480 2564 576 2634 [ortior
591 2561 637 2617 illo
659 2561 842 2632 superueniens
856 2560 924 2614 eicc-
973 2562 1103 2629 reserant,
1117 2581 1168 2635 per
1186 2581 1267 2636 quem
1283 2568 1400 2624 mundus
1413 2571 1606 2629 mammam,
1617 2581 1661 2629 ως
1674 2572 1742 2631 pm·
1758 2594 1768 2629 ,

128 2663 162 2715 rit
175 2675 249 2724 enm,
264 2658 385 2711 uniuerso
407 2655 464 2725 ejus
479 2670 553 2707 orum
573 2652 677 2721 aufert,
694 2652 723 2705 in
735 2650 828 2723 quitus
841 2649 924 2718 coafi-
975 2655 1003 2709 Si
1016 2655 1175 2711 doctissimo
1193 2656 1349 2714 (trecarum
1365 2659 1580 2733 Latinammque
1604 2662 1771 2731 litterarum,

128 2753 223 2817 debut,
247 2760 272 2806 et
286 2749 370 2821 spolio
384 2750 442 2820 ejus
457 2747 591 2802 distribuit
612 2745 687 2818 (duc.
707 2762 751 2810 ιιι,
772 2744 829 2816 il).
846 2743 925 2801 Clari-
974 2743 1030 2798 imo
1048 2753 1076 2800 et
1091 2745 1286 2802 llehraicarum
1309 2751 1441 2820 magistro
1455 2750 1621 2825 llieronymo
1646 2756 1771 2814 multanda

126 2853 187 2900 stus
197 2859 263 2899 vero
273 2842 432 2898 vietorcum
444 2839 528 2911 gloria
541 2839 670 2908 triumphi
681 2837 766 2894 coelos
776 2835 925 2893 ascendens
974 2833 1089 2888 stultitia
1111 2835 1271 2903 ridebatur,
1297 2839 1355 2893 haee
1382 2841 1415 2895 de
1437 2839 1547 2896 Christo
1576 2843 1771 2915 interpretari,

127 2944 286 2992 sanctorum
297 2935 403 2989 animas
416 2934 497 3004 longo
515 2930 610 2987 exsilio
624 2930 755 3000 captivas,
775 2936 925 3000 etapara·
974 2927 1109 2994 quomodo
1141 2937 1169 2982 tu
1196 2929 1253 2999 ipse
1284 2932 1357 2985 tuam
1381 2948 1435 2987 non
1458 2934 1586 3007 intelligis
1615 2937 1771 3004 stultitiam,

127 3030 179 3086 disi
194 3028 299 3101 gaudiis
317 3035 461 3083 extraneas
475 3041 523 3081 sua
539 3023 696 3081 fortitudine
717 3023 874 3093 captivavit,
896 3029 923 3077 et
974 3016 1021 3085 qui
1045 3017 1080 3072 ab
1104 3017 1176 3074 illius
1204 3019 1337 3076 catholico
1362 3037 1444 3079 sensu
1469 3023 1585 3081 multum
1613 3027 1772 3101 discrepare

126 3126 157 3178 in
171 3120 291 3179 coelestis
305 3120 381 3192 regui
394 3117 490 3190 gaudia
505 3132 597 3175 seeum
608 3116 728 3173 adierit.
974 3109 1120 3177 probaris?

162 3212 206 3270 ill.
225 3212 316 3267 Alium
327 3226 435 3281 quoque
446 3207 641 3280 Psalmiqrapiai
653 3207 819 3280 proposuisti
834 3205 922 3263 uersi·
1008 3219 1053 3275 pp,
1072 3219 1161 3276 Altam
1180 3237 1288 3293 quoque
1307 3222 1427 3294 ejusdem
1446 3227 1586 3298 proph&
1603 3229 1769 3289 sumum

126 3304 231 3370 culum,
242 3318 324 3374 quem
336 3300 490 3370 hujusmodi
503 3300 678 3373 perstruxisti
691 3301 793 3363 serbis,
811 3300 921 3356 dicens:
975 3311 1089 3381 posuisti
1101 3314 1275 3378 sententiam,
1288 3330 1369 3384 quam
1380 3331 1413 3371 et
1428 3324 1474 3372 tuo
1484 3318 1666 3388 praescribens
1679 3336 1772 3389 ιοιιειι,

128 3395 169 3449 tt
183 3393 393 3466 ipsumsiuquis,
404 3392 454 3447 liei
463 3390 563 3447 Filiam
574 3408 623 3447 oon
634 3389 725 3447 Petris
736 3390 819 3448 dicit:
832 3391 923 3447 Peleu
974 3400 1090 3455 dixisti:
1110 3420 1119 3453 i
1136 3403 1196 3472 lpse
1217 3418 1325 3475 quoque
1347 3401 1419 3462 pens
1441 3407 1489 3464 pei
1511 3408 1597 3467 pilius
1620 3413 1772 3471 mundum

129 3502 180 3552 inc,
191 3495 216 3541 ct
227 3484 295 3539 daim
305 3484 352 3538 tiit
362 3493 451 3554 pentes
461 3482 642 3537 lroercditctem
652 3491 737 3547 teum,
748 3492 771 3538 ct
782 3483 924 3554 posscssio-
975 3493 1152 3560 divinitatem,
1171 3495 1198 3549 j„
1211 3511 1263 3566 qua
1279 3497 1336 3567 ime
1349 3507 1377 3554 ,ι
1391 3498 1473 3556 pam
1493 3517 1577 3557 unum
1599 3512 1676 3573 sum,
1687 3504 1770 3563 dicu:

129 3585 274 3633 ''imi'‘“m
291 3576 415 3631 “mm
433 3573 710 3649 119110(Ρο11Ῑ·1118)ῑ
728 3582 924 3646 etpostpauea
975 3582 1094 3639 Gloriam
1121 3602 1205 3641 mecm
1231 3588 1307 3645 elteri
1335 3609 1386 3647 non
1410 3594 1509 3649 dodoi
1538 3595 1617 3670 (leni.
1648 3598 1771 3675 xtut‚8).

131 3667 292 3741 sunjungis:
307 3686 316 3719 ⁴
332 3667 391 3725 Non
411 3675 454 3724 en
473 3667 545 3723 tecm
564 3675 664 3736 uetere,
687 3675 716 3722 n
733 3666 798 3722 dare
811 3683 818 3720 =
830 3676 924 3737 petere
974 3676 1096 3733 atterum
1111 3679 1215 3747 votens,
1241 3690 1271 3737 n
1294 3684 1524 3758 sarminetum,
1546 3691 1593 3762 qur
1608 3691 1669 3751 une
1690 3694 1770 3761 uem

129 3770 173 3819 est
194 3761 277 3827 serri,
301 3759 367 3817 dare
390 3759 503 3817 domini.
520 3778 530 3813 t
558 3758 652 3815 Nonne
674 3758 775 3814 oblitus
788 3774 818 3814 es
831 3760 859 3815 in
872 3760 925 3816 noe
975 3776 1002 3824 et
1021 3769 1147 3834 alienun,
1168 3771 1203 3827 de
1220 3787 1274 3842 quo
1296 3774 1354 3831 ineo
1375 3776 1447 3832 dicta
1463 3786 1527 3835 sunt
1540 3798 1546 3833 :
1560 3781 1588 3837 id
1602 3792 1658 3849 est,
1674 3784 1708 3841 de
1723 3784 1773 3843 pu.

127 3852 192 3909 1000
212 3851 367 3923 1001111011ῑὸ
387 3867 496 3918 11010011,
519 3851 685 3923 11111111Ιο10
709 3852 924 3909 01111110ῠῦ010
974 3860 1106 3916 manitate
1120 3862 1232 3918 Christi.
1257 3863 1435 3936 Nequaquam
1448 3868 1519 3926 hanc
1542 3875 1708 3930 sententiam
1722 3890 1772 3947 po·

129 3943 180 4002 Dei
195 3945 304 4011 Filium·
320 3945 355 4001 ad
374 3960 456 4017 (1111111
478 3946 538 4002 haeo
556 3961 609 4001 rou
631 3954 745 4017 paterna
769 3946 841 4002 lacta
863 3955 922 4003 est:
975 3967 1072 4018 neres,
1088 3953 1140 4009 nisi
1161 3970 1221 4009 eam
1242 3956 1279 4010 ita
1295 3957 1344 4013 tibi
1364 3959 1512 4029 placuisset
1534 3963 1660 4037 intelligi.
1677 3966 1772 4035 Erras,

132 4035 197 4095 Pete
209 4048 234 4093 et
246 4039 314 4093 doio
328 4038 375 4093 tili
385 4038 599 4109 pcmeciutique
610 4041 759 4096 seeundum
772 4048 846 4095 tuam
863 4056 925 4097 sen-
975 4041 1060 4098 irater
1071 4043 1209 4113 Elipande,
1225 4062 1312 4112 erras,
1329 4058 1357 4104 et
1380 4050 1449 4106 male
1472 4068 1548 4109 erras
1563 4055 1590 4109 in
1613 4055 1697 4125 hujrrs
1712 4074 1774 4115 seu·

131 4131 253 4195 tentiam,
267 4131 314 4201 qui
328 4132 406 4201 petit,
422 4131 478 4202 ipse
493 4140 535 4188 est
547 4130 595 4189 liei
611 4132 706 4188 Filius.
723 4132 773 4188 ilic
787 4134 881 4189 nolens
896 4134 924 4190 in
975 4136 1067 4190 tentiae
1084 4135 1319 4206 interpretatione,
1345 4141 1372 4196 in
1396 4157 1449 4212 qua
1472 4144 1554 4200 etiam
1577 4153 1606 4202 et
1616 4146 1702 4205 tirius
1723 4148 1774 4206 ali-

131 4222 204 4277 siam
217 4221 340 4276 veritatis
358 4221 516 4289 pervenisti,
533 4223 566 4278 de
579 4238 632 4292 qua
651 4226 741 4279 statim
756 4227 925 4283 errabundus
975 4227 1083 4295 quando
1105 4229 1217 4294 erravit,
1241 4230 1394 4302 intelligens
1414 4234 1482 4289 duas
1501 4251 1561 4291 esse
1583 4252 1729 4307 personas,
1745 4240 1773 4297 iri

132 4311 277 4374 divertisti,
299 4318 327 4365 et
340 4309 479 4366 salebroso
497 4313 606 4367 tramite
620 4328 681 4369 mos
706 4315 734 4370 in
757 4317 796 4371 tui
823 4317 925 4373 erroris
976 4322 1029 4381 est,
1043 4314 1112 4384 ejus,
1128 4318 1174 4386 qui
1191 4319 1249 4374 hac
1271 4320 1354 4375 uerba
1378 4321 1456 4387 dixit,
1478 4333 1507 4379 ct
1529 4325 1612 4393 illius,
1636 4329 1673 4386 ad
1690 4346 1773 4403 quern

130 4406 238 4460 latseam
260 4403 359 4458 iterum
377 4402 514 4467 corruisti,
533 4406 729 4476 arreptitioque
746 4409 841 4478 spiritu
857 4409 925 4465 duas
940 4438 964 4499 υ
977 4405 1049 4461 dieta
1062 4417 1139 4473 sunt;
1159 4410 1238 4479 quasi
1251 4410 1321 4466 Deus
1337 4412 1416 4469 l‘nter
1432 4416 1464 4470 de
1477 4415 1546 4472 Filio
1561 4418 1678 4477 dixisset
1690 4440 1697 4476 :
1709 4420 1775 4481 Glo-

130 4496 208 4553 lsa'ue
231 4494 369 4565 prophete
390 4492 538 4548 sententias
560 4493 594 4547 de
618 4493 728 4550 Christo
752 4495 925 4566 interpretari
979 4499 1048 4552 riom
1070 4517 1155 4554 meam
1176 4502 1255 4557 alteri
1275 4521 1326 4558 non
1348 4506 1416 4562 dabo
1430 4521 1440 4559 :
1456 4510 1540 4565 voluit
1563 4527 1598 4568 ex
1619 4528 1655 4572 eo
1676 4517 1774 4587 serbo,

132 4589 251 4658 coepisti,
273 4602 343 4658 quas
365 4586 493 4642 catholici
518 4594 679 4643 tractatores
705 4590 815 4645 omnino
836 4593 869 4646 dc
892 4608 925 4648 eo
979 4590 1051 4658 quod
1063 4590 1140 4656 dixit,
1156 4591 1242 4657 elteri,
1260 4594 1344 4652 tilium
1364 4598 1496 4655 minorem
1513 4601 1594 4659 Patre
1608 4603 1772 4681 intelligere.

133 4682 295 4737 vaticinatas
310 4696 371 4737 esse
393 4689 526 4747 renuunt,
540 4682 638 4752 quibus
660 4680 726 4736 talia
740 4684 824 4738 rerba
845 4690 924 4739 ante-
978 4680 1019 4735 l'u
1040 4696 1105 4736 vero
1129 4683 1193 4738 dum
1219 4684 1299 4755 liujus
1329 4687 1435 4745 lorcam
1458 4692 1607 4762 impietatis
1634 4698 1774 4757 transilire

133 4773 266 4844 posuisti:
285 4791 295 4824 ι
313 4774 352 4829 lie
369 4774 437 4844 ipso,
453 4773 554 4844 inquis,
576 4789 628 4830 vox
640 4772 730 4829 Patris
752 4774 819 4831 dicit
835 4793 843 4831 ι
858 4775 925 4831 Ecce
978 4771 1150 4842 contendisti,
1165 4777 1193 4833 iu
1206 4782 1363 4852 voraginem
1376 4782 1494 4840 Nestorii
1507 4786 1616 4845 incauto
1628 4790 1698 4863 pede
1711 4807 1775 4849 cori-

133 4873 255 4937 opoente
271 4874 295 4920 te
307 4864 360 4930 iio,
376 4875 400 4920 et
413 4866 541 4936 plorioroa
559 4877 637 4922 terrm
655 4867 808 4924 domilicio.
829 4869 864 4927 Et
875 4869 926 4927 lte-
979 4867 1070 4934 ruisti,
1085 4876 1184 4938 putans
1195 4870 1295 4926 lilium
1310 4874 1357 4930 liei
1376 4874 1435 4932 luet
1455 4877 1539 4933 rerba
1563 4894 1597 4937 ex
1619 4882 1774 4943 diripiam

134 4972 194 5013 rum
207 4975 213 5011 :
227 4954 296 5010 licet
314 4971 360 5026 epo
379 4965 439 5010 unte
454 4966 480 5011 te
497 4957 647 5023 ambuleio,
668 4967 692 5015 et
712 4968 812 5015 ntontcs
832 4960 925 5032 plenos
979 4959 1128 5015 substantia
1151 4963 1300 5031 predicere
1321 4964 1355 5022 de
1367 4966 1543 5026 humanitatis
1563 4980 1674 5043 natura,
1689 4992 1773 5049 qnam

135 5047 243 5114 lmiurn,
254 5056 280 5101 ct
295 5061 367 5101 actm
383 5045 483 5117 ferrem
494 5048 672 5120 confrinpnm,
685 5060 709 5106 et
723 5051 792 5107 dato
805 5053 852 5108 titi
868 5054 926 5109 tlte-
979 5052 1099 5122 suscepit
1112 5067 1146 5107 ex
1160 5053 1237 5108 beata
1249 5056 1369 5127 Virgine.
1392 5056 1446 5115 Sed
1466 5069 1576 5118 sanetus
1588 5062 1773 5140 Hieronymus

134 5137 371 5205 acnrotocmtltor,
387 5139 628 5210 ntuiusqnoninm
639 5141 851 5199 Bentinnsltens
865 5154 927 5200 tune
980 5144 1163 5200 nobilissimus
1194 5146 1221 5200 in
1248 5146 1368 5204 Ecclesia
1395 5149 1495 5211 Christi
1519 5155 1631 5224 doctor,
1663 5162 1772 5235 utrique

135 5248 279 5302 0901111111
304 5231 398 5304 (litim
413 5247 475 5297 111,
487 5231 516 5298 2,
528 5229 567 5304 5).
592 5231 739 5306 Subiunsis
761 5250 869 5309 quoque
884 5236 928 5293 iris
979 5243 1100 5292 vestrum
1125 5237 1259 5295 catholica
1281 5240 1503 5315 interpretatione
1525 5246 1607 5321 hujus
1627 5254 1772 5313 senentio

134 5321 228 5377 verbis
249 5331 324 5379 tuam
347 5321 598 5395 interpretationem
615 5341 622 5377 ι
639 5342 649 5374 ι
667 5324 749 5392 lione,
767 5326 866 5399 inquis,
880 5327 927 5384 cui
978 5329 1152 5386 vehementer
1174 5325 1286 5389 resistit.
1309 5331 1356 5390 Sic
1374 5336 1447 5391 enim
1466 5338 1494 5394 in
1513 5347 1631 5399 tractatu
1649 5342 1772 5415 ejusdum

134 5408 203 5468 dtott
224 5411 408 5471 intertum
434 5426 496 5471 tuae
523 5428 571 5487 epe
596 5416 677 5472 tum?
698 5416 758 5473 lion
782 5417 818 5482 ei,
833 5417 925 5485 idest,
978 5421 1125 5492 prophete,
1137 5436 1188 5492 per
1200 5438 1280 5494 quem
1298 5423 1451 5485 tacuerim
1472 5434 1572 5489 nostris
1589 5434 1772 5499 insanumque

135 5502 238 5572 Verbo,
250 5507 297 5576 qui
315 5515 379 5565 ιιιιι
395 5508 496 5565 emenia
514 5522 549 5564 err
563 5507 645 5565 Patre
665 5509 789 5582 geuitm3
809 5510 858 5567 sed
876 5509 925 5577 illi,
979 5512 1102 5579 auribus,
1125 5514 1297 5587 intelligenda
1321 5520 1466 5578 estimavit
1489 5541 1497 5579 ι
1519 5525 1608 5601 elipe
1627 5529 1769 5601 lienium,

135 5597 182 5670 qui
197 5597 226 5655 in
240 5596 320 5652 tinem
334 5599 466 5670 tempatis
478 5599 514 5657 de
527 5600 729 5674 latissimae
742 5604 826 5661 homo
838 5602 927 5661 iactus
979 5604 1076 5677 inquit,
1097 5607 1198 5664 incest
1219 5625 1313 5666 mmm
1332 5628 1428 5679 meum
1451 5614 1564 5688 pterim
1587 5638 1676 5679 mom
1693 5624 1773 5683 elttt'i

135 5696 189 5755 est,
212 5687 288 5745 dicit.
311 5709 321 5743 ι
356 5687 496 5757 Quomodo
523 5691 550 5748 iu
572 5692 646 5751 hisce
669 5694 725 5751 tuis
748 5694 839 5754 sertis
858 5693 926 5753 duas
978 5695 1121 5754 cantato.
1146 5694 1206 5755 lieu
1223 5698 1350 5769 excludit,
1367 5702 1465 5776 lnquit,
1478 5706 1588 5780 l'ilium,
1604 5714 1650 5771 cui
1669 5714 1770 5776 dicenti
