3780 6120
125 316 177 373 oti
549 310 579 366 b.
599 311 631 369 F.
649 308 760 368 summ
780 309 846 366 SEU
865 309 1002 368 alcuini
1020 309 1163 368 obnubit
1181 310 1271 368 PARS
1287 308 1334 367 it.
1701 302 1751 360 618

125 436 203 500 meis,
232 431 472 506 porquosanimae
502 437 628 484 naturam
651 436 704 483 tuae
729 443 841 482 cornere
862 442 915 484 non
931 427 1087 497 ASpiritus
1102 437 1144 484 est
1159 426 1262 493 anima,
1275 428 1304 481 in
1317 422 1509 492 membrisjam
1523 430 1596 476 totus
1608 418 1710 488 1111111111

123 527 209 599 potui.
241 520 458 592 Quamriaiuxta
472 527 791 588 communepreceptum
810 518 914 573 bomini
1001 518 1104 591 Quippe
1120 522 1177 576 suis
1191 520 1283 584 vivax,
1299 517 1387 573 laetus
1404 530 1494 571 amare
1508 513 1603 569 ileum.

124 616 250 688 diligam
276 626 328 669 nco
344 628 398 667 nou
412 626 463 682 pro
487 611 587 683 optima
602 618 710 664 tuorum
730 609 801 664 lama
814 611 916 666 studio·
964 613 1052 683 Atque
1065 613 1222 669 Creatorem
1233 612 1324 667 laudet
1340 611 1400 666 sinc
1411 610 1464 665 ilne
1478 609 1640 680 benignum,

124 722 183 760 narn
196 717 256 775 puae
282 701 343 758 aliis
356 700 531 755 narrantibus
548 699 581 754 de
602 706 629 753 tc
652 699 750 769 saepius
768 700 868 764 audiri,
887 700 915 756 in
998 701 1048 769 Qui
1068 717 1098 758 se
1115 701 1252 758 concessit
1267 701 1339 756 scire
1352 708 1477 770 patenter
1487 714 1559 755 eum.

123 797 222 868 quibus
245 793 328 850 velim
344 801 372 848 te
384 805 491 861 semper
505 789 649 861 prolicere,
666 800 694 846 et
716 791 772 847 lico
794 790 914 861 placere,
964 788 998 844 m
1010 790 1084 845 cuitu
1096 792 1217 860 pmdens
1228 791 1304 846 iilum
1314 791 1472 846 venerarier
1486 789 1569 856 almo,

124 901 155 944 ut
179 888 259 961 digna
283 885 409 942 efficiaris
439 883 536 938 animae
573 883 706 938 rationem
735 892 763 939 et
788 891 912 942 naturam
999 880 1048 936 Est
1058 880 1130 951 quod
1147 880 1203 937 sola
1217 881 1312 946 salus,
1327 880 1424 952 gloria,
1442 880 1509 945 rita,
1522 880 1640 936 anime:

123 993 214 1043 nosse,
239 985 268 1031 ct
280 974 353 1046 quod
371 989 444 1028 nunc
459 973 487 1027 in
514 972 659 1042 enigmate
682 972 770 1038 uides,
793 971 914 1044 perlecta
965 969 1078 1027 Scilicet
1090 971 1218 1028 aetbereis
1235 981 1401 1044 quapropter
1414 988 1445 1029 se
1459 973 1565 1029 actibus
1578 982 1670 1041 ornet,

124 1070 236 1125 scientia
252 1069 280 1122 in
298 1066 390 1121 lutura
411 1064 563 1134 perspicias
593 1062 769 1120 beatitudine.
799 1065 915 1122 Proinde
1000 1060 1176 1118 Anteocuios
1188 1062 1305 1129 1101111111,
1319 1071 1399 1119 ¹¹⁰⁰oe
1413 1063 1589 1134 (1111111θά11,

122 1169 187 1230 opto
201 1169 236 1226 te,
252 1160 307 1216 illia
319 1159 489 1225 charissima,
509 1167 620 1214 aeternae
636 1160 732 1229 patriae
744 1158 914 1226 felicitatem,
965 1151 1061 1207 0m¹tl²
1078 1153 1124 1223 11111
1139 1154 1228 1208 cernit
1239 1154 1329 1210 cordis
1347 1162 1452 1212 secreta
1473 1171 1592 1228 superno

123 1267 204 1321 quam
224 1259 297 1306 tuam
312 1250 469 1306 desiderare
484 1250 586 1320 optime
601 1251 662 1305 novi
684 1251 855 1320 sapientiam,
876 1251 918 1306 lu·
1000 1241 1132 1308 Lumine,
1146 1258 1227 1313 (luem
1244 1244 1347 1300 nullum
1362 1246 1430 1302 velle
1446 1247 1532 1303 latere
1544 1257 1645 1318 potest.

124 1351 199 1411 tegra
214 1343 343 1413 prosequi
359 1341 507 1398 uoluntate.
529 1340 586 1396 b'ec
601 1349 628 1396 tc
644 1340 678 1395 ab
694 1342 754 1413 ejus
782 1340 918 1397 desiderio
966 1335 1100 1405 Quocirca
1114 1336 1237 1394 incubuit
1247 1336 1314 1410 [Al·‚
1327 1339 1469 1414 incumbit]
1482 1357 1608 1414 magnum
1620 1361 1672 1400 nos
1686 1362 1758 1403 nam·

123 1434 178 1490 ulla
204 1430 286 1501 liujus
298 1431 389 1488 saeculi
417 1439 524 1487 auertat
537 1428 679 1498 'ambitio;
708 1447 758 1488 neo
774 1431 918 1502 cujuslibet
1514 1433 1578 1506 [quc
1591 1451 1716 1505 neccsse,

124 1524 284 1594 temporalis
292 1523 331 1579 rei
342 1522 497 1579 delectatio.
512 1520 595 1578 Pauci
608 1530 671 1577 sunt
681 1521 761 1592 buius
771 1523 834 1579 vitae
846 1523 916 1588 dies,
1003 1517 1039 1573 Ut
1052 1519 1096 1588 pia
1111 1527 1262 1590 pertractet
1274 1536 1352 1578 meus
1365 1523 1435 1579 bene
1450 1524 1528 1595 dipna
1540 1525 1596 1582 ilco
1612 1547 1619 1582 ε

124 1623 152 1671 et
181 1615 342 1670 meritorum
373 1613 518 1669 retributio
554 1613 629 1669 nullo
664 1615 827 1670 terminatur
850 1614 914 1670 bne.
966 1604 1244 1680 01118118116110111
1261 1617 1366 1666 1311111111
1380 1621 1498 1670 melate
1513 1631 1652 1686 8111111111.

125 1709 195 1763 Pera
222 1714 265 1761 est
279 1704 382 1761 scilieet
412 1705 556 1775 sapientia,
576 1720 669 1760 veram
684 1712 742 1761 toto
758 1705 839 1761 eorde
856 1705 916 1761 dili·
1001 1697 1395 1776 Jamplenumsanctopectus
1409 1720 1502 1764 amore
1520 1709 1577 1766 bet.

124 1813 187 1870 μη,
207 1798 306 1863 pipam
330 1804 359 1851 ee
371 1797 435 1852 epus
456 1797 559 1853 virtum
572 1796 723 1863 inpendere,
747 1805 778 1852 up
801 1797 836 1852 ad
854 1809 916 1852 eam
932 1780 1031 1844 Bliaec
1049 1803 1112 1846 rena
1130 1799 1173 1845 est
1189 1791 1287 1847 animae
1299 1807 1364 1848 rere
1381 1802 1568 1867 superomnia
1584 1811 1688 1860 nostrae

123 1892 264 1960 pervenire
277 1896 414 1945 mereatur
424 1889 470 1960 qui
481 1904 541 1944 eam
553 1888 676 1961 diligere,
688 1888 780 1944 uerbis
794 1888 917 1944 severis·
1001 1876 1105 1943 Gloria·
1123 1879 1264 1946 1101111111,
1279 1890 1360 1952 atque
1373 1884 1453 1941 beata
1466 1887 1553 1958 quies.

123 1982 191 2036 simc
203 1979 324 2051 pmilteri
344 1979 469 2035 rideatur
486 1977 553 2052 pit,
577 1978 708 2052 videturi,
724 1980 787 2051 quia
807 1987 916 2036 nonest
966 1965 1061 2025 1111100
1073 1975 1100 2024 ῑθ
1116 1971 1206 2026 studio
1221 1987 1293 2029 nunc
1311 1988 1441 2034 exercere
1453 1990 1590 2038 memento

123 2070 151 2124 lu
174 2084 298 2125 sermone
326 2069 637 2142 tautummodorepnum
663 2069 722 2136 bei,
742 2072 833 2127 sedin
859 2070 916 2126 vir-
1003 2059 1125 2130 Ffifflinlr
1137 2061 1339 2134 11011110113,
1356 2067 1577 2142 i¹¹⁰¹i¹i⁵P0¹¹⁸=b
1592 2073 1661 2132 1³0⁰·

123 2169 181 2218 tuta
195 2163 281 2218 sancti
290 2161 407 2232 Spiritus
439 2170 636 2224 otsauotorum
661 2164 781 2243 perlecta
809 2163 917 2225 meme

122 2266 185 2307 mm
200 2252 333 2309 oppipare,
1134 2219 1240 2281 ttibb
1255 2222 1397 2281 cannen
1415 2226 1604 2291 ebobiensi.

1217 2356 1257 2414 Te
1270 2360 1352 2417 bomo
1368 2362 1475 2427 laudet.

321 2459 336 2488 ⁸
351 2445 550 2505 Etbcmctln
568 2448 720 2504 Cliilillili.
1183 2448 1394 2520 uinceretur,

1183 2536 1317 2607 Pectore,
1334 2552 1434 2613 mente,

124 2624 175 2695 Qui
189 2640 274 2691 marc,
287 2625 333 2696 qui
346 2633 457 2693 terram,
469 2627 568 2683 coelum
581 2628 627 2698 qui
639 2628 760 2683 condidit
775 2628 860 2684 altum
1181 2627 1260 2686 Pacis
1274 2647 1386 2691 amore:

160 2715 211 2783 Qui
228 2717 300 2788 repit
317 2717 434 2787 imperio
451 2726 549 2775 cuncta
563 2727 739 2785 creaturan,
1178 2720 1237 2778 lion
1257 2725 1337 2781 modo
1351 2742 1434 2801 parra

123 2805 248 2864 iusserat
261 2806 307 2862 bic
318 2806 455 2864 bominum
470 2809 553 2865 rebus
569 2811 709 2867 dominare
726 2813 777 2867 sub
795 2812 898 2882 astris,
1181 2813 1249 2872 Pars
1264 2817 1328 2888 quia
1344 2820 1436 2876 mundi
1451 2831 1505 2880 cst.

159 2897 213 2970 Qui
229 2913 312 2956 sensu
329 2899 404 2957 solus
420 2910 449 2958 et
466 2901 573 2960 ratione
587 2903 662 2975 riget
678 2921 685 2959 :
1202 2905 1272 2964 ⁴Sed
1288 2910 1336 2965 tibi
1352 2922 1444 2970 sancte

125 2990 177 3060 Qui
191 2990 266 3047 vaiet
276 2991 348 3048 inter
358 2992 431 3049 enim
441 2992 573 3063 virentia,
591 3009 704 3052 noscere
716 2996 808 3052 muudi
1180 2996 1261 3056 Solus
1276 3000 1365 3074 imago

160 3079 276 3161 iamque
290 3080 447 3139 Creatorem
462 3083 562 3140 mentis
576 3085 604 3141 in
620 3100 683 3141 aree
697 3101 787 3141 suum.
1184 3090 1279 3165 iiagna
1293 3094 1406 3152 Creator

126 3169 226 3230 Pactus
242 3174 278 3230 ab
295 3182 415 3239 atomo,
430 3173 548 3245 celixque
566 3183 684 3232 eternus
698 3185 729 3231 ut
741 3187 813 3233 esset
928 3144 953 3208 c
1180 3182 1277 3242 lieutis
1291 3186 1319 3243 in
1333 3204 1397 3246 aree

161 3263 229 3321 llira
244 3266 354 3337 quidem
370 3267 461 3338 magni
479 3268 553 3324 solus
567 3269 657 3343 imago
669 3268 739 3332 ilci:
1183 3274 1298 3333 Pectore
1314 3295 1383 3350 puro

123 3351 227 3409 Nobilis
245 3354 344 3410 exinde
360 3363 403 3410 est
421 3354 519 3410 aruum
536 3364 633 3416 natura
648 3358 773 3428 sagacis,
1179 3367 1248 3434 ilum
1260 3371 1304 3441 pie
1319 3372 1397 3429 vivit.

161 3445 249 3515 atque
264 3453 360 3517 potens
377 3461 460 3503 sensu
475 3462 588 3506 eernere
602 3459 699 3507 cuncta
717 3467 788 3511 suo:
1216 3459 1239 3518 0
1255 3460 1438 3535 bernsuide,

125 3532 191 3604 ane
208 3549 296 3602 mare,
309 3550 370 3613 quae
387 3545 489 3605 terras,
505 3538 604 3594 coelum
617 3555 677 3611 quar
688 3542 809 3612 pervolat
819 3544 914 3613 altrum,
1181 3550 1253 3611 Laus
1268 3559 1314 3609 tua
1328 3570 1435 3628 sempor

160 3624 289 3695 Quamvis
309 3629 345 3685 sit
362 3629 453 3686 camis
470 3645 582 3688 camere
594 3631 686 3689 clausa
701 3650 778 3693 suae:
1179 3642 1294 3701 Pectora
1304 3655 1333 3701 et
1343 3663 1390 3704 ora

124 3715 253 3787 Corporis
268 3724 352 3789 utque
362 3718 457 3776 oculus
469 3761 477 3785 ‚
491 3721 568 3777 risus
582 3722 616 3778 ad
633 3723 725 3779 sidera
738 3726 843 3791 tendit,
1178 3734 1332 3808 Compleat;
1346 3747 1375 3796 ut
1387 3749 1414 3798 te

160 3804 221 3862 ilno
232 3814 286 3862 stet
297 3807 423 3876 quamvis
437 3809 529 3867 carnis
544 3811 573 3867 in
585 3825 649 3869 aree
663 3813 745 3882 loco,
1180 3826 1295 3902 Semper
1306 3848 1429 3896 amemus

124 3894 280 3953 immortale
295 3896 390 3965 decus,
406 3897 488 3972 hujus
504 3900 552 3956 lux
569 3917 653 3959 aurea
670 3903 754 3972 vita,
1178 3919 1295 3981 sanctus
1313 3925 1423 3998 ubique,

158 3985 190 4041 lu
202 4002 233 4043 se
249 3987 330 4059 digna
342 3988 428 4045 ileum
444 4006 553 4065 semper
566 3993 667 4051 babere
683 4010 773 4057 suum·
1214 4012 1277 4071 iiaec
1294 4016 1339 4087 pia
1357 4020 1451 4089 rerba,

122 4074 152 4131 Si
168 4076 251 4144 bona,
265 4078 290 4134 si
303 4080 424 4154 sapiens,
437 4080 540 4139 Christi
558 4084 582 4141 si
595 4099 625 4142 re
636 4095 717 4143 omat
728 4102 841 4155 amore,
1179 4101 1263 4176 virgo
1280 4106 1378 4174 fidelis,

157 4166 193 4225 Ut
210 4167 275 4224 felix
291 4169 380 4225 valcat
392 4171 485 4228 rivere
500 4172 528 4228 in
547 4188 611 4230 arce
628 4176 702 4247 poli,
1178 4192 1234 4252 ore
1245 4206 1361 4264 capere,

122 4257 156 4312 m
171 4267 234 4330 post
250 4259 330 4332 buius
344 4260 417 4316 enim
435 4261 509 4327 ritae,
527 4276 576 4339 per
593 4266 686 4333 saecla,
706 4257 825 4334 iabores,
1183 4283 1221 4343 111
1234 4294 1281 4342 tua
1294 4291 1370 4347 mitis

156 4349 268 4408 Coelesti
284 4353 312 4409 in
327 4367 412 4425 regno
426 4368 542 4411 cernere
556 4372 664 4433 semper
680 4376 753 4416 eum.
1180 4375 1316 4451 Tempora
1328 4381 1458 4443 Christus

119 4439 177 4497 Lux
191 4449 292 4498 aeterna
306 4442 395 4510 bens,
411 4443 456 4508 cni
471 4444 531 4502 laus
546 4455 574 4509 et
586 4448 682 4519 gloria,
696 4465 822 4516 merces.
928 4495 953 4556 υ
1179 4469 1245 4533 Tota
1259 4475 1401 4547 gubernet.

158 4530 187 4588 Si
204 4531 284 4600 bene,
297 4535 321 4590 si
336 4534 416 4607 digne
429 4536 528 4594 vixerit
540 4537 599 4610 ipsa
614 4538 679 4609 Deo.
1213 4564 1251 4621 Te
1270 4569 1315 4625 cui
1333 4582 1436 4629 castum

119 4620 162 4677 sn
178 4624 258 4680 modo
274 4635 379 4694 sancta,
397 4627 451 4701 piis
467 4629 572 4686 meritis
588 4631 625 4688 slt
641 4641 727 4699 casta,
742 4634 857 4711 pudica.
1178 4653 1314 4727 Corpore,
1328 4676 1439 4735 mente,

156 4713 266 4772 Floreat
277 4718 305 4772 in
321 4718 420 4775 studiis
434 4735 542 4793 semper
556 4723 656 4795 ubique
673 4726 768 4783 sacris.
1179 4744 1272 4821 Dirige
1287 4755 1414 4824 templum

120 4802 156 4860 Se
170 4815 257 4877 regat.
271 4815 353 4879 atque
366 4825 422 4866 sue
433 4813 526 4869 camis
536 4814 667 4873 vivaciter
681 4826 777 4887 aetus,
1178 4839 1270 4899 Dulcis
1284 4848 1390 4914 amica,

156 4894 192 4951 111
206 4897 300 4968 regina
312 4905 421 4968 potens,
434 4899 540 4973 legibus
552 4907 688 4964 aethereis.
1176 4929 1212 4993 Et
1224 4933 1283 4988 siue
1299 4952 1401 5009 sempor

120 4984 200 5058 152
213 4987 242 5043 lu
258 5004 288 5044 sc
300 4990 337 5044 nil
350 4992 440 5062 cupiat
452 4997 541 5065 pravi,
555 4999 593 5054 nil
607 5011 683 5071 optet
693 5003 779 5075 iniqui
793 5045 801 5071 .
1178 5021 1244 5080 Fine
1259 5029 1357 5086 valeto.

155 5076 198 5133 Nil
216 5080 342 5150 cuiquam
359 5092 467 5157 noceat,
479 5097 565 5158 optet,
578 5103 650 5163 agat,
665 5095 707 5151 rel
722 5106 804 5152 amet.
1210 5115 1260 5183 oui
1275 5120 1322 5176 tibi
1339 5124 1414 5179 solus

118 5167 159 5225 lie
169 5172 284 5230 oraculis
296 5173 405 5232 sibimet
418 5175 507 5236 fuscet
518 5182 580 5238 data
591 5193 713 5259 tempora
725 5192 797 5258 rita,
1176 5202 1218 5261 sn
1235 5224 1301 5283 rogo
1315 5228 1422 5287 semper

155 5260 197 5316 Sit
210 5263 255 5333 pia
268 5267 382 5336 servire,
396 5280 500 5337 saneta,
517 5276 621 5347 quieta,
635 5278 700 5336 lieo.
1175 5297 1244 5365 Lux.
1263 5317 1348 5370 amor,
1369 5317 1448 5381 atrpre

120 5348 240 5409 iiuribus
253 5356 368 5428 egregiis
384 5359 412 5415 in
430 5377 461 5418 se
474 5361 532 5433 jam
546 5367 620 5424 vivat
633 5369 756 5441 honeste,
1172 5391 1270 5453 Forma
1284 5397 1400 5468 salutis,

156 5439 190 5497 111
202 5442 307 5512 placcat
329 5464 429 5519 sponso
444 5456 484 5513 sic
498 5455 565 5531 pit,
580 5464 644 5522 odd.
658 5468 746 5543 ureris]
771 5474 909 5533 moderata
1175 5481 1235 5541 i'ita
1248 5493 1397 5561 perennis,

772 5561 837 5633 [pio.
1171 5577 1263 5637 Gloria
1281 5598 1387 5656 perpes.

153 5685 212 5742 ⁸in
236 5688 297 5744 coil.
318 5707 367 5750 ms.

398 5699 593 5773 Tepcmsccnsi
619 5712 712 5770 titulus
727 5734 734 5770 ε
750 5716 861 5775 Cenum
876 5722 909 5778 de
924 5725 1005 5781 nobili
1018 5739 1042 5782 et
1058 5733 1147 5800 rapaci
1167 5743 1262 5794 nmero
1279 5739 1385 5798 ammo.
