3780 6120
179 302 233 359 dib
607 303 637 357 tt.
659 301 690 356 F.
710 301 823 356 Albini
843 301 908 358 seb
928 299 1065 359 tectim
1082 298 1220 355 occubit
1237 296 1327 354 PARS
1345 297 1387 354 tv.
1756 299 1810 356 itt

177 417 336 475 mobilitatis
349 423 399 479 εει,
421 421 451 468 ιιι
466 429 499 469 ne
513 424 568 470 turn
580 416 699 487 quidem,
712 431 773 471 eum
795 416 897 484 sopitus
914 423 965 478 εει,
981 420 1004 477 Α
1019 415 1086 469 ritus
1098 412 1293 479 intellectualis,
1312 412 1464 477 rationalis,
1478 427 1585 485 semper
1599 412 1628 469 ln
1642 421 1729 481 motu,
1740 431 1810 472 sem·

179 509 374 578 conquiescat:
391 513 472 559 tantae
487 505 643 570 celeritatis,
657 514 687 559 ut
697 521 751 559 uno
765 504 972 575 temporlspun-
1022 519 1070 575 per
1096 505 1200 568 uirens,
1223 505 1300 558 honae
1324 502 1613 572 malaeqneroluntatis
1636 519 1739 574 capam
1766 522 1810 563 se-

181 612 224 658 cto
238 601 335 657 coelum
356 599 504 664 collustret,
522 597 573 670 [et]
599 599 621 654 si
636 597 709 662 velit,
733 596 818 652 maria
840 596 969 666 pervolet,
1020 594 1136 648 cundum
1151 593 1346 663 benignitatem
1368 591 1505 648 Creatoris
1529 594 1613 649 libero
1632 595 1747 650 arbitrio
1762 612 1810 656 no-

181 702 270 749 terras
288 698 316 746 et
340 692 423 746 urbes
436 698 581 761 peragret:
603 689 693 744 omnia
718 688 844 757 deniqne,
857 702 918 757 quae
939 688 972 742 li-
1020 683 1149 750 bilitatus,
1162 683 1357 740 suaroluntate
1373 684 1493 740 vitiatus.
1507 685 1554 744 Dei
1574 689 1660 758 gratia
1679 688 1810 746 liberatus

180 783 282 847 buerit,
298 782 422 852 quamvis
438 781 516 851 longe
528 780 635 849 lateque
645 778 768 834 sarhmota
785 779 849 842 sint,
861 778 888 832 in
908 793 973 832 eou-
1021 773 1170 848 [inquibus
1196 775 1267 831 Deus
1286 776 1344 846 ipse
1359 777 1470 849 voluit];
1497 779 1532 833 ad
1554 782 1703 850 regendum
1718 784 1810 841 earnis

180 883 275 946 speetu
289 870 342 926 sibi
355 870 412 940 ipse
424 868 569 938 cogitando
581 867 738 924 constituat.
755 867 789 926 Et
799 867 914 921 miratur
926 865 972 920 ali·
1020 875 1109 923 motus
1121 874 1242 931 creatus,
1270 864 1423 932 inuisibilis,
1451 869 1637 939 incorporalis,
1657 870 1718 926 sine
1743 859 1810 942 pou·

181 965 252 1034 quis,
267 961 390 1017 sidiuiua
403 974 479 1014 mens
494 958 553 1023 bei,
568 958 709 1013 universas
724 956 814 1013 mundi
825 964 915 1026 partes
935 955 973 1009 si-
1021 956 1095 1022 dere,
1118 956 1178 1012 sine
1191 956 1291 1023 colore,
1315 956 1549 1027 circumscriptus,
1575 959 1602 1013 in
1619 960 1735 1031 singulis
1755 977 1811 1019 suae

179 1057 248 1120 mul,
262 1062 290 1109 ει
306 1066 414 1122 semper
426 1060 572 1121 praesentes
586 1049 695 1113 habeat,
713 1063 772 1117 qnae
789 1047 879 1102 omnia
903 1045 972 1116 regit
1020 1047 1111 1102 camis
1130 1046 1259 1103 membris
1278 1053 1365 1109 totus;
1382 1046 1410 1102 in
1424 1063 1478 1116 quo
1489 1056 1533 1103 εει
1551 1048 1640 1120 imago
1654 1049 1808 1109 condaris

178 1148 279 1218 uhique
301 1158 430 1215 praesens,
448 1142 548 1210 ubique
560 1149 636 1206 tuta;
657 1155 719 1196 cum
733 1148 807 1195 tanta
830 1138 866 1193 sit
881 1137 922 1192 vis
940 1151 972 1190 ac
1021 1139 1180 1211 spiritaliter
1202 1139 1338 1208 primitiva
1349 1139 1487 1195 creatione
1510 1139 1653 1209 impressa,
1676 1143 1749 1197 sicut
1768 1159 1812 1199 su-

177 1243 300 1311 potestas
312 1234 410 1290 mentis
422 1234 547 1289 humane
559 1233 630 1288 intra
642 1231 754 1287 mortale
773 1246 871 1301 corpus
885 1229 972 1285 inelu·
1021 1230 1114 1298 perias
1131 1226 1308 1284 ostendimus.
1327 1226 1455 1294 Quamvis
1472 1226 1508 1280 sit
1519 1227 1619 1283 misera
1638 1229 1729 1284 duma
1744 1229 1811 1287 Con·

178 1347 227 1396 εει,
242 1337 271 1385 ut
290 1343 324 1383 ne
339 1328 423 1398 septis
441 1326 551 1396 quidem
569 1324 753 1395 gravishujus
772 1339 804 1378 ae
821 1322 890 1393 pigri
914 1335 973 1375 mr·
1022 1323 1109 1379 ditore
1141 1323 1169 1380 in
1198 1321 1317 1391 seipsam
1343 1318 1490 1385 delabitur;
1514 1328 1606 1377 tamen
1630 1321 1812 1379 aeternitatem

178 1426 262 1497 poris,
278 1439 332 1494 quo
356 1423 457 1494 illigata
471 1428 525 1488 est,
548 1421 669 1477 coerceri
695 1420 750 1474 ullo
774 1419 854 1474 modo
875 1417 971 1488 possit,
1022 1413 1221 1484 imaginemque
1245 1408 1384 1481 dignitatis
1407 1424 1463 1464 suae
1477 1409 1590 1479 perdere
1615 1425 1669 1467 non
1692 1403 1811 1481 poterita

179 1518 324 1587 quominus
338 1515 452 1569 liberam
471 1513 606 1584 cogitandi
627 1511 794 1576 facultatem,
813 1509 913 1579 qnietis
926 1508 975 1562 lm
1022 1517 1076 1558 non
1090 1501 1193 1557 hahens
1208 1500 1236 1555 in
1250 1515 1280 1554 se
1296 1505 1458 1569 potestatem
1481 1499 1597 1553 exeundi
1612 1498 1646 1554 de
1661 1514 1756 1566 carne,
1781 1510 1811 1557 ει

179 1610 285 1679 pagens
300 1605 409 1660 habeas,
1022 1593 1152 1649 redeundi
1174 1593 1271 1648 itemm
1284 1592 1311 1646 in
1329 1605 1399 1654 enm,
1425 1590 1473 1647 sed
1489 1589 1674 1662 ejusarbitrio
1691 1595 1738 1664 qui
1749 1594 1815 1652 lecit

214 1698 259 1753 tx.
284 1695 429 1751 Sciendum
450 1701 492 1748 est
513 1692 677 1758 certissime,
703 1691 833 1755 animam,
856 1689 880 1746 si
894 1689 922 1743 iu
940 1702 973 1743 ea
1023 1700 1083 1739 enm
1108 1684 1238 1754 carnique
1262 1681 1383 1736 immisit.
1411 1681 1490 1736 Exiet
1520 1683 1592 1737 enim
1614 1685 1742 1755 quamvis
1767 1702 1814 1742 no

180 1789 319 1844 nobilitate
335 1785 529 1856 permansisset
547 1799 599 1853 qua
620 1783 728 1838 condita
739 1790 782 1837 est
799 1779 969 1845 adnectere,
987 1774 1081 1837 fllens
1105 1773 1312 1848 praesentandus
1335 1773 1436 1843 judicio
1463 1773 1526 1835 Dei;
1550 1773 1659 1846 lleoque
1671 1777 1813 1846 judicante

178 1878 342 1935 omnimodis
353 1874 608 1937 immortalemesse‚
622 1872 692 1928 sieut
705 1878 861 1927 sanctorum
872 1868 970 1924 animae
1018 1868 1108 1924 locum
1134 1865 1247 1922 intrabit
1273 1863 1329 1918 suis
1355 1863 1459 1918 meritis
1487 1866 1661 1937 condignrmr,
1685 1878 1811 1939 spectare

179 1978 253 2032 sunt;
269 1967 316 2022 sed
331 1964 491 2021 dumlibero
505 1963 630 2029 arbitrio,
644 1962 740 2033 spiritu
755 1961 901 2031 instigante
914 1972 971 2012 ma·
1020 1956 1088 2029 llll,
1113 1952 1281 2026 exspectare]
1297 1952 1384 2009 ultimi
1405 1953 1611 2023 dieiilldlciffllb
1641 1967 1671 2014 ¹¹1
1695 1961 1813 2030 ²⁰⁰5&ss

180 2059 263 2129 ligno,
279 2056 425 2124 depravata
440 2061 491 2119 est,
505 2052 604 2123 partim
628 2051 750 2107 mortalis
773 2065 807 2106 ex
822 2047 971 2103 immortali
1019 2064 1141 2114 carnem,
1163 2049 1192 2103 in
1215 2063 1268 2119 qua
1284 2048 1311 2103 in
1328 2048 1379 2104 hoc
1410 2048 1509 2103 saeculo
1529 2049 1645 2104 visebat.
1671 2049 1725 2118 Qui
1738 2052 1814 2122 spiri

179 2148 251 2204 laeta
260 2153 312 2211 cst,
326 2146 373 2202 sed
382 2161 436 2200 non
448 2153 514 2201 tota.
528 2144 603 2199 Sicut
616 2142 740 2212 corporis
751 2141 805 2196 rita
816 2141 906 2195 anima
916 2146 970 2203 εει,
1021 2148 1064 2197 tus
1082 2140 1162 2195 modo
1176 2140 1250 2194 curis
1276 2142 1393 2212 angitur,
1421 2141 1501 2196 modo
1518 2142 1639 2211 corporis
1668 2142 1811 2199 doloribus

180 2240 220 2297 ita
235 2239 332 2294 animae
344 2237 399 2291 vita
414 2237 485 2291 licus
497 2244 549 2291 est.
564 2234 631 2289 bum
646 2233 735 2288 anima
750 2231 970 2300 deseritcorpus,
1021 2229 1155 2296 condolet,
1182 2230 1364 2288 niodoloetitia
1376 2232 1526 2296 hilarescit,
1551 2232 1632 2287 modo
1649 2236 1758 2305 cognita
1775 2249 1815 2290 re

180 2330 296 2385 moritur·
308 2343 417 2399 corpus,
434 2335 461 2382 et
474 2335 609 2381 mortuum
631 2332 704 2380 recte
723 2323 832 2387 elicitur,
848 2321 911 2391 quia
931 2321 972 2375 in·
1020 2321 1131 2393 cogitat,
1144 2320 1223 2375 modo
1235 2321 1372 2393 incognita
1388 2324 1458 2379 seire
1469 2320 1574 2392 quaerit.
1602 2321 1661 2378 Alia
1675 2322 1744 2389 ruit,
1760 2323 1815 2381 alia

180 2421 309 2476 sensibile
320 2428 383 2474 est:
407 2426 449 2474 est
463 2424 553 2472 tamen
576 2430 675 2484 corpus
698 2415 836 2482 corruptio
849 2411 973 2482 quaedam
1021 2427 1076 2467 non
1093 2410 1158 2465 nult.
1186 2409 1217 2465 ln
1233 2420 1344 2481 quaest
1365 2429 1441 2469 amor
1463 2411 1633 2481 naturaliter,
1659 2414 1723 2483 quia
1735 2430 1815 2470 amor

179 2489 971 2579 excarnisnatum,quamvisnonrivilrcetnrabanima.
1022 2501 1159 2557 intellectu
1177 2500 1372 2558 discernendus
1402 2512 1454 2568 cst,
1480 2511 1509 2559 ει
1523 2504 1626 2560 ratione
1646 2501 1681 2558 ab
1709 2501 1813 2558 illicitis

180 2599 286 2656 Animae
298 2613 363 2654 vero
377 2613 450 2653 mors
470 2605 523 2659 est,
545 2596 608 2649 dnm
624 2608 683 2648 eam
704 2593 775 2647 Deus
790 2592 890 2647 deserit
902 2591 972 2645 dotto
1022 2592 1244 2659 delectationibus
1259 2591 1460 2667 [cohibendus],
1475 2604 1506 2648 ut
1519 2608 1551 2649 ea
1564 2599 1635 2650 amet
1648 2606 1708 2663 qaae
1717 2606 1813 2647 amau·

182 2703 239 2745 stuc
251 2687 355 2760 gratiae,
365 2687 400 2741 ob
413 2683 625 2754 magnitudinem
637 2683 779 2745 scelerum,
793 2680 908 2736 moritur
921 2694 974 2734 me
1024 2683 1058 2739 da
1077 2690 1150 2735 sunt.

180 2781 248 2836 lioro
261 2774 303 2836 sni
316 2786 403 2848 parte.
419 2778 527 2832 buabm
539 2789 604 2831 tero
627 2774 974 2846 dignitatibusassreators
1060 2769 1106 2830 xt.
1123 2769 1211 2841 Atque
1241 2771 1388 2827 secundam
1411 2770 1527 2828 officinm
1549 2772 1639 2844 operis
1657 2772 1699 2829 sai
1728 2772 1815 2830 variis

183 2870 274 2925 anima
288 2870 315 2925 iu
328 2882 377 2924 sua
388 2877 485 2923 natura
498 2865 646 2940 glorificata
668 2874 721 2928 εει,
744 2866 771 2922 id
792 2874 845 2930 εει,
866 2864 974 2920 atemi-
1023 2868 1194 2931 nuncupatur
1217 2862 1372 2916 nominibus
1389 2863 1501 2917 :anima
1527 2869 1580 2928 εει,
1597 2863 1663 2919 dum
1679 2862 1815 2931 vivificam

181 2969 237 3016 tate
257 2968 287 3016 ει
309 2958 486 3017 beatitudine.
515 2957 658 3013 Beatitrrdo
685 2955 789 3011 seilicet
812 2955 909 3009 animan
932 2960 975 3008 cst
1024 2952 1088 3007 dum
1103 2952 1313 3022 contemplatur,
1327 2953 1439 3023 spiritus
1456 2961 1514 3018 est;
1530 2954 1595 3009 dum
1609 2954 1818 3021 sentiemus

180 3050 470 3107 Deumhahereinse.
487 3047 566 3124 140
580 3047 719 3117 Quomodo
737 3047 860 3103 habere?
879 3047 972 3112 illest,
1025 3054 1082 3113 est;
1108 3045 1172 3102 dnm
1193 3047 1274 3116 sapit,
1288 3047 1395 3101 animus
1419 3053 1477 3112 est;
1497 3045 1709 3118 dumintelligit,
1738 3061 1817 3103 meus

178 3140 281 3212 iustam
294 3156 366 3208 esse,
379 3141 442 3212 quia
454 3140 525 3196 Deus
538 3138 627 3209 iustus
640 3149 701 3205 est;
725 3147 753 3195 ct
768 3137 970 3195 misericordem
983 3115 1008 3180 c
1022 3149 1079 3206 est;
1106 3139 1169 3196 dum
1182 3139 1320 3205 discernit,
1344 3139 1414 3195 ratio
1425 3145 1482 3205 est;
1509 3138 1573 3193 dum
1593 3138 1741 3202 consentit,
1765 3152 1817 3192 so·

181 3247 252 3296 esse,
265 3231 327 3302 quia
342 3230 414 3287 licus
428 3230 584 3288 misericors
596 3239 657 3296 est;
672 3238 699 3285 et
709 3231 809 3290 honam
828 3244 898 3292 esse,
909 3228 972 3298 quia
1002 3272 1004 3277 ⁴
1023 3232 1113 3287 luntas
1130 3238 1188 3294 est;
1215 3230 1278 3284 dnm
1301 3230 1470 3297 recordatur,
1487 3228 1618 3283 memoria
1632 3236 1685 3284 εει.
1704 3225 1763 3282 lion
1780 3235 1819 3281 ta·

181 3322 253 3377 bens
265 3324 353 3376 honus
364 3327 423 3387 est;
437 3329 465 3376 et
478 3327 597 3376 sanctam
612 3335 681 3385 esse,
696 3321 759 3390 quia
775 3321 846 3375 Dens
864 3327 974 3374 sanctus
1023 3338 1086 3378 men
1110 3320 1217 3376 haesita
1238 3321 1394 3376 dividentur
1406 3321 1433 3376 iu
1450 3319 1611 3386 substantia,
1641 3320 1712 3375 sieut
1724 3320 1753 3382 in
1769 3334 1818 3375 uo

182 3419 288 3478 est;et
308 3411 467 3466 charitatem
489 3410 602 3475 habere,
624 3412 689 3481 quia
710 3411 780 3465 Dens
801 3410 917 3465 chamini
935 3417 973 3463 est
1023 3412 1155 3477 minibus;
1184 3412 1246 3481 quia
1264 3411 1321 3467 haec
1344 3412 1447 3478 omnia,
1477 3419 1586 3469 unaest
1604 3411 1701 3465 anima.
1733 3410 1813 3466 lnter

183 3498 274 3571 (loon.
291 3514 329 3564 rr,
344 3497 382 3570 8).
398 3497 448 3565 Qui
462 3499 607 3568 plurimum
622 3499 680 3553 hacc
701 3499 727 3552 in
742 3513 771 3554 se
787 3498 876 3562 hahet,
888 3498 973 3567 umjo-
1024 3501 1184 3572 spiritumet
1195 3501 1314 3555 animam
1324 3500 1458 3571 ejusmodi
1475 3508 1566 3572 potest
1578 3498 1810 3564 diltereutiaessc,

182 3604 241 3644 rem
256 3589 283 3643 in
306 3603 336 3644 se
359 3588 564 3646 similitudinem
587 3588 634 3643 liei
657 3588 782 3643 habetet
804 3588 972 3659 imaginem:
1024 3589 1096 3659 quod
1120 3594 1209 3645 omnis
1235 3589 1325 3644 anima
1344 3589 1455 3659 spiritus
1474 3596 1525 3654 est,
1548 3603 1603 3644 non
1620 3597 1709 3643 mmerr
1722 3587 1817 3642 omnis

182 3677 336 3748 quicunque
349 3691 414 3733 vero
427 3676 485 3731 hece
501 3675 631 3731 inanima
646 3692 700 3732 non
719 3677 809 3743 hahet,
824 3683 851 3732 ει
863 3678 915 3730 alia
930 3677 974 3732 his
1024 3680 1135 3749 spiritus
1159 3664 1259 3735 anima.
1274 3678 1329 3735 Sed
1350 3687 1378 3733 et
1393 3679 1489 3735 beatus
1501 3678 1640 3748 apostolus
1652 3676 1754 3733 Paulus
1768 3674 1819 3731 nii·

182 3768 292 3834 similia,
314 3784 373 3838 quae
385 3768 531 3840 Apostolus
555 3767 656 3849 tructus
680 3769 831 3825 nominarit
852 3771 973 3840 spiritus,
1024 3771 1144 3826 rabiliter
1155 3770 1286 3830 discernit
1300 3772 1371 3826 inter
1389 3772 1512 3842 spiritum
1526 3780 1555 3827 et
1568 3778 1687 3827 mentem
1699 3770 1815 3825 dicens:

183 3859 231 3914 bei
247 3858 413 3914 habitatione
425 3859 550 3929 indignus
561 3856 700 3923 efficietur,
716 3866 744 3912 el
765 3859 819 3914 erit
830 3859 975 3914 semivivus
1025 3862 1142 3918 Psallam
1166 3865 1270 3934 spiritu,
1295 3863 1405 3935 prolium
1430 3874 1453 3917 et
1478 3873 1561 3918 mente
1575 3862 1601 3935 (1
1614 3862 1675 3917 Gor.
1688 3878 1745 3928 xit,
1759 3863 1815 3932 tsi.

184 3948 256 4021 (Gal.
273 3967 299 4017 v,
313 3949 380 4022 iii:
399 3950 468 4006 siem
482 3950 602 4006 latrones
615 3950 752 4009 hominem
766 3950 974 4006 descendentem
1025 3953 1127 4025 Spiritu
1138 3954 1239 4024 psallit,
1266 3953 1312 4024 qui
1325 3967 1416 4008 rerum
1434 3952 1586 4027 [obscuras]
1601 3951 1817 4024 significationes

184 4043 219 4098 ab
230 4040 380 4096 Jerusalem
392 4042 418 4095 iu
428 4040 536 4101 iericho
550 4041 742 4111 spoliaverunt,
753 4040 974 4106 vulneraverunt,
1024 4062 1078 4103 non
1090 4047 1253 4117 intelligens,
1280 4061 1326 4101 ore
1336 4045 1455 4115 prolert;
1468 4045 1559 4117 psallit
1573 4055 1675 4111 mente,
1697 4046 1743 4115 qni
1757 4061 1819 4101 eas·

183 4140 211 4188 ει
223 4133 382 4189 semivirum
397 4131 565 4202 reliquemnt
576 4131 652 4204 (Lac.
667 4149 696 4197 r,
708 4130 764 4205 ab).
777 4131 913 4188 Semiviva
923 4132 975 4187 erit
1024 4136 1085 4192 dem
1104 4135 1315 4208 significationes
1341 4136 1440 4191 mentis
1467 4135 1585 4190 efficacia
1599 4133 1732 4206 intelligit
1747 4133 1817 4190 Nam

183 4226 283 4288 anima,
299 4225 322 4280 si
335 4233 445 4295 propter
461 4224 526 4279 ritis
541 4233 568 4278 ει
592 4224 759 4293 iniquitates,
780 4223 974 4278 beatitudinem
1025 4227 1136 4296 spiritus
1157 4225 1405 4281 Nabuchodonosor
1427 4226 1500 4297 regis
1515 4224 1677 4280 informatus
1692 4231 1763 4289 erat,
1781 4231 1814 4277 ut

183 4315 295 4370 visionis
308 4324 336 4368 ει
349 4312 524 4369 habitationis
537 4312 585 4368 liei
597 4313 743 4382 perdiderit
755 4330 762 4379 ;
783 4314 912 4383 adquam
926 4328 975 4369 au·
1024 4318 1128 4373 videret
1139 4315 1239 4381 lutura,
1266 4316 1314 4372 sed
1327 4331 1381 4373 non
1410 4325 1471 4372 erat
1490 4330 1568 4370 mens
1595 4314 1758 4379 illuminata,
1785 4329 1817 4369 m

184 4413 238 4459 tem
251 4401 327 4475 ills,
341 4401 389 4457 sed
402 4408 492 4463 mmeu
504 4402 642 4474 adquam]
655 4411 746 4458 ereata
762 4410 814 4467 εει,
837 4403 973 4458 aeternita·
1023 4407 1187 4478 intelligeret
1198 4420 1258 4476 quae
1281 4406 1397 4462 ridebat.
1423 4403 1698 4475 Accessitpropheta,
1720 4403 1818 4458 divino

184 4500 240 4548 tem
249 4491 361 4562 βθιιίιιθ
373 4506 427 4546 non
439 4498 538 4560 bolest-
551 4490 698 4551 Mutabitur
707 4491 779 4547 enim
791 4500 901 4562 propter
912 4505 974 4562 pec-
1025 4496 1193 4552 illuminatus
1206 4496 1315 4566 spiritu,
1340 4496 1387 4566 qui
1401 4505 1545 4565 utrumque
1559 4502 1588 4549 et
1599 4493 1731 4551 intellerit
1753 4508 1819 4562 qum

184 4587 246 4635 cata
258 4594 308 4634 sua
321 4579 459 4636 beatitudo
472 4580 499 4634 in
512 4580 648 4637 miseriam
662 4595 669 4646 ;
684 4585 712 4634 ει
728 4579 780 4639 hoc
796 4581 858 4646 erit,
874 4580 896 4635 si
909 4594 976 4635 cou-
1025 4584 1200 4649 resiliebat,
1215 4591 1243 4639 ει
1254 4585 1378 4656 exposuit
1391 4584 1456 4655 quid
1469 4582 1656 4654 significarent
1671 4581 1752 4655 (llam
1768 4580 1815 4652 n).

142 4704 144 4710 ·
186 4671 353 4772 cupiscentia
364 4671 407 4726 tel
421 4671 460 4726 ira
470 4673 531 4742 plus
542 4672 725 4730 dominabitur
734 4671 761 4726 in
774 4671 883 4727 homine
892 4686 974 4743 quam
1060 4696 1116 4756 χιι,
1137 4696 1194 4752 Hoc
1210 4697 1300 4766 itaque
1310 4697 1413 4767 absque
1423 4696 1589 4751 dubitatione
1601 4694 1744 4751 sciendum
1759 4701 1815 4761 egl·

185 4771 265 4825 rano,
282 4761 310 4815 in
323 4777 376 4831 qna
389 4762 447 4818 sola
460 4763 594 4832 praecellit
606 4763 797 4820 animantibus.
811 4762 872 4823 ideo
884 4763 918 4819 de
928 4764 974 4818 tali
1026 4789 1097 4859 quod
1121 4788 1218 4843 anime
1230 4787 1399 4858 pulchritudo
1423 4788 1508 4844 virtus
1531 4795 1584 4852 est,
1596 4793 1624 4842 et
1645 4785 1705 4857 ejus
1726 4782 1818 4840 detor.

185 4851 342 4907 dictumest
355 4851 384 4906 in
397 4851 521 4908 Psalmo:
538 4852 573 4907 Et
585 4853 661 4908 bomo
677 4854 775 4912 cumin
791 4854 975 4918 ltonoreesset,
1028 4878 1109 4932 mnas
1143 4877 1249 4931 vigum,
1280 4874 1309 4931 sp
1328 4876 1401 4930 enim
1426 4876 1469 4930 vei
1492 4875 1588 4938 Deum,
1614 4874 1657 4930 rel
1684 4875 1816 4944 seipsam,

187 4961 239 5000 ''⁰''
252 4943 389 5009 ''malai‘'
407 4954 572 5016 ‘mmmm‘
589 4955 627 5000 ⁶⁸²
638 4945 764 5015 imm
783 4944 974 5015 imilienifl'u'·
1027 4968 1068 5022 rel
1083 4967 1204 5038 spiritale
1226 4966 1327 5036 aliquid
1352 4967 1524 5022 considerare
1545 4967 1635 5037 gestit,
1667 4965 1767 5020 arerht
1784 4977 1818 5020 se

185 5043 211 5088 ει
228 5034 321 5089 similit
343 5035 429 5104 [octus
449 5043 487 5089 est
513 5034 566 5089 illis
589 5033 680 5105 (Psoi.
698 5051 793 5100 xct'rtt,
816 5033 876 5106 la).
901 5035 978 5091 Sicut
1025 5059 1183 5115 ,sensibus
1199 5057 1300 5123 camis,
1328 5072 1362 5112 ne
1377 5056 1444 5111 fiam
1457 5057 1483 5111 ei
1507 5056 1712 5126 impedimento,
1733 5054 1820 5127 swi-

186 5124 260 5180 enim
274 5124 378 5194 ¹⁰q¹¹⁸¹³
389 5126 518 5197 ”mmm
532 5126 559 5181 ¹¹¹
574 5140 654 5181 ΜΘ
667 5126 975 5192 ⁰ae¹⁰m²¹¹¹¹¹¹³¹¹¹¹b¹¹⁵r
1024 5150 1087 5206 talia
1112 5148 1230 5204 rimanti.
1248 5147 1327 5216 Saepo
1339 5148 1421 5203 etiam
1443 5149 1470 5202 in
1496 5155 1602 5202 tantum
1628 5145 1820 5203 allectataerit

187 5213 226 5268 ita
240 5220 267 5268 et
278 5213 367 5268 anima
382 5216 487 5271 ratione
497 5215 552 5272 sola
568 5215 683 5271 nobilior
696 5225 737 5272 εει
748 5216 799 5281 εἰε,
810 5229 871 5284 quae
881 5230 976 5272 omnies
1024 5239 1143 5310 qualib&
1171 5238 1344 5311 cogitatione·
1369 5246 1407 5302 ut,
1430 5239 1553 5309 quamvis
1575 5244 1683 5309 apenos
1715 5236 1820 5295 haben

187 5306 310 5403 camales
322 5308 554 5380 concupiscentias
568 5319 595 5365 et
613 5310 696 5364 animi
719 5317 810 5364 motus
828 5310 906 5379 qnasi
926 5310 976 5363 do·
1026 5332 1129 5396 oculos,
1153 5345 1213 5401 Μ
1236 5337 1334 5400 msto
1346 5335 1420 5394 sum,
1443 5343 1498 5386 nou
1522 5330 1626 5394 videm
1645 5341 1698 5384 nec
1716 5342 1821 5385 somn,

188 5405 261 5446 mma
277 5404 305 5451 ⁰²
319 5399 411 5469 regim
425 5398 458 5453 ‘¹⁰
477 5398 584 5454 summi
604 5397 738 5467 ae‘lniu'fis
754 5398 818 5452 ⁸⁰⁸⁰
841 5411 935 5466 ’ΨΜ
948 5405 976 5453 ⁰²
1025 5434 1081 5477 tem
1098 5437 1192 5476 uocem
1207 5419 1347 5492 intelligat,
1363 5434 1414 5474 nee
1428 5428 1587 5492 tangentem
1599 5435 1699 5490 corpus
1712 5419 1819 5474 sentiat

190 5493 343 5555 temperare
359 5490 448 5546 debet.
1026 5510 1094 5583 int,
1121 5509 1270 5572 neuuilit,
1298 5523 1352 5564 non
1371 5508 1504 5581 intelligit,
1530 5526 1584 5564 non
1605 5508 1710 5583 sentit].
1731 5507 1818 5580 liegit

227 5597 260 5650 x.
288 5599 345 5654 Hoc
367 5604 446 5658 modo
469 5605 557 5658 anima
585 5604 690 5660 deliniri
712 5612 801 5673 potest
823 5602 898 5673 jrmta
920 5617 975 5656 suar
1026 5602 1098 5656 enim
1122 5615 1219 5670 corpus
1235 5615 1284 5670 per
1300 5614 1418 5669 qumque
1429 5615 1535 5665 sensus,
1548 5615 1607 5672 qum
1627 5600 1725 5657 horum
1746 5598 1819 5654 nihil

190 5689 383 5756 proprietatem
410 5701 513 5747 naturae
530 5712 536 5748 :
556 5695 644 5747 anima
661 5710 707 5746 seu
731 5695 837 5748 animus
859 5702 901 5748 est
925 5693 977 5762 spi·
1027 5704 1079 5747 est.
1093 5691 1159 5744 lium
1174 5691 1206 5745 de
1223 5691 1426 5760 recogitamus,
1442 5691 1509 5746 nihil
1522 5689 1817 5762 corporeumoogitare
