3780 6120
126 310 179 366 dii
579 303 743 361 nonulla
762 334 796 344 -
815 303 916 360 libau
935 302 980 358 DE
998 301 1117 358 amite
1138 301 1296 357 hattone.
1700 303 1753 357 olo

125 420 265 478 aternus.
297 418 459 472 sicutenim
475 416 547 470 licus
559 430 668 472 omnem
682 415 855 488 [creaturam
874 415 914 469 sie
932 413 1039 475 Aditha
1061 423 1089 469 et
1111 414 1244 469 libertatis
1266 422 1414 485 apeccato,
1430 423 1460 470 ut
1473 417 1594 470 omnium
1609 416 1635 471 iu
1651 431 1681 471 se
1694 434 1757 475 eou-

125 513 216 568 auima
232 508 312 581 150
327 507 447 579 omnem]
466 522 622 577 corpoream
646 516 798 562 creaturam
815 513 917 559 uatunu
968 505 1111 560 ildentium
1135 521 1245 572 carnes,
1270 506 1360 561 diviua
1388 509 1417 562 iu
1445 523 1479 563 ea
1504 518 1634 578 operante
1658 511 1755 581 gratia,

125 604 258 675 dignitate
270 600 408 671 praecellit.
433 600 499 667 Qua
513 601 595 656 etiam
612 616 660 671 per
671 600 757 655 lucem
773 608 801 655 et
814 614 915 663 acrem,
967 598 1076 668 purgari
1094 605 1122 652 ct
1134 597 1243 652 libcrari
1256 600 1363 666 possint
1376 598 1442 672 lili,
1464 601 1599 673 possumh
1612 601 1680 669 Qtvia
1694 617 1757 658 san-

125 709 187 765 quae
214 700 279 751 sunt
296 691 489 746 excellentiora
514 691 606 747 muudi
619 705 745 761 corpora,
761 706 859 761 corpus
874 689 919 744 atl-
968 686 1027 756 guis
1052 687 1097 756 qui
1112 687 1250 743 decadem
1265 703 1360 753 carue,
1377 689 1471 745 lancea
1493 691 1588 753 militis
1604 691 1757 757 vulnerata,

124 785 266 842 ministrat
280 797 368 837 suum.
389 781 515 837 Omnium
534 797 625 836 rerum
643 782 805 852 speciosior
821 782 919 836 anianae
968 771 1093 839 fluxam·
1116 777 1232 844 prelium
1257 785 1300 833 esi
1323 777 1419 833 salutis
1442 778 1576 847 humanm,
1605 796 1655 852 pet
1681 779 1759 852 cuius

125 875 281 939 annuntiat,
308 888 377 943 quas
411 873 469 943 ipsa
497 873 525 928 in
552 887 582 928 se
615 876 743 943 acceptas
768 872 918 944 specificat,
967 863 1125 920 effusionem
1139 867 1273 923 exstincta
1296 876 1338 923 esi
1364 868 1488 925 flaminea
1507 870 1551 928 illa
1573 872 1692 942 paradisi
1709 888 1757 929 clt-

125 965 352 1038 spccilrcatasque
380 963 516 1031 recondit;
532 972 632 1018 etcum
649 962 809 1017 alllictiones
820 960 918 1029 aliqum
969 956 1067 1022 stodia,
1094 965 1122 1012 ct
1136 957 1178 1012 ria
1195 957 1317 1015 fidelibus
1343 969 1436 1030 aperta
1452 970 1496 1017 est
1516 963 1550 1017 ad
1566 963 1667 1035 lignum
1683 964 1756 1030 vitre,

124 1056 233 1126 eorpori
259 1057 398 1119 eveniunt,
426 1053 571 1110 obauditur
589 1054 691 1118 anima,
711 1053 774 1107 dum
788 1061 921 1121 tempera·
969 1048 1040 1118 quod
1054 1048 1205 1118 plautatum
1230 1057 1272 1105 est
1283 1065 1363 1106 secus
1378 1051 1508 1107 decursus
1525 1067 1656 1123 aquarum
1667 1054 1762 1110 viven-

124 1157 248 1205 ruentum
268 1145 395 1211 lactendi,
412 1147 483 1216 quod
499 1145 565 1211 vult,
580 1145 681 1211 deerit;
696 1152 725 1199 et
736 1145 793 1199 bec
805 1143 919 1199 ollensio
971 1138 1039 1193 tium
1051 1138 1137 1210 (Psoi.
1161 1156 1180 1204 1,
1193 1139 1231 1211 5).
1259 1140 1340 1212 Cujus
1360 1142 1425 1212 ligni
1450 1145 1668 1214 sapientissimus
1684 1145 1761 1201 Salo·

125 1239 203 1296 dolor
215 1248 337 1294 vocatur.
355 1235 385 1291 Si
398 1237 531 1306 autemin
550 1244 655 1292 tautum
671 1234 813 1290 iraudutur
838 1248 921 1290 mem-
970 1246 1043 1297 mon,
1069 1232 1132 1287 dum
1153 1232 1280 1289 dolando
1296 1234 1435 1302 sapientae
1463 1236 1546 1291 multa
1573 1237 1698 1304 dixisset,
1716 1254 1761 1294 re-

124 1329 238 1387 brorum
263 1327 473 1392 ministratione,
492 1334 523 1381 ut
539 1343 593 1382 non
607 1326 716 1391 habeat,
745 1325 810 1396 quid
827 1339 922 1394 opere-
970 1321 1099 1378 eordatus
1118 1330 1171 1389 est,
1195 1323 1232 1377 ita
1243 1323 1465 1381 transmeans
1482 1327 1570 1394 hano,
1596 1330 1641 1399 qai
1664 1330 1761 1384 incenit

126 1429 173 1478 tur
188 1422 215 1476 in
228 1421 280 1487 eis,
303 1418 415 1482 recedit,
432 1419 508 1488 quasi
522 1417 661 1488 indignata
675 1416 837 1471 habitationi
853 1430 918 1469 sirac.
970 1416 1138 1484 sapientiam,
1159 1419 1238 1487 etqui
1251 1418 1331 1488 affluit
1346 1418 1495 1487 prudentia.
1520 1419 1555 1474 Et
1576 1420 1656 1489 paulo
1674 1432 1735 1489 post
1752 1439 1759 1474 :

125 1513 196 1583 Quid
219 1512 256 1567 sit
277 1510 378 1576 anima,
401 1508 439 1565 ull
462 1508 559 1563 melius
583 1507 703 1563 occurat
721 1506 813 1561 dicere
838 1518 920 1576 quam
975 1506 1032 1562 l'ire
1050 1509 1107 1578 ejas
1123 1510 1171 1562 cire
1187 1507 1315 1578 pulchra,
1343 1517 1466 1564 etormet
1487 1512 1587 1564 semite
1614 1511 1759 1581 ejuapaci·

126 1602 239 1675 spiritus
268 1601 345 1665 vitn3
363 1599 411 1653 sed
436 1598 560 1667 norrejus
583 1597 644 1652 vite
657 1597 757 1666 qttmin
775 1596 920 1667 pecoribus
967 1596 1038 1667 fictu.
1058 1597 1171 1667 Lignum
1187 1599 1248 1652 nittc
1264 1606 1302 1651 eat
1327 1597 1369 1650 hir
1392 1598 1437 1666 qni
1461 1595 1678 1666 apprehenderint
1692 1612 1761 1664 eam,

126 1701 182 1758 est,
214 1692 272 1747 siue
301 1689 425 1744 rationali
455 1688 626 1744 nrontozscd
643 1689 698 1743 vita
724 1702 797 1743 nune
820 1687 918 1751 minor,
971 1693 1254 1762 etqaitenneriteant,
1271 1690 1360 1744 beatur
1386 1689 1478 1761 (Pron.
1498 1704 1542 1754 ιιι,
1564 1689 1608 1755 li,
1629 1689 1686 1759 lt).

126 1798 212 1854 quam
230 1780 394 1851 angelorum,
409 1788 437 1834 et
448 1778 537 1833 lutura
548 1776 656 1847 quidem
668 1778 835 1849 augelorum,
852 1778 874 1832 si
885 1782 958 1842 exn
1007 1781 1077 1836 xlv.
1108 1780 1238 1836 llumanae
1259 1795 1325 1837 vero
1349 1781 1446 1836 animae
1469 1779 1641 1849 pulchritudo
1668 1788 1712 1834 est
1736 1789 1765 1836 et

125 1879 264 1943 praecepto
280 1869 321 1925 sui
339 1868 476 1925 Creamris
494 1868 540 1923 hic
553 1867 659 1923 vixerit.
971 1870 1064 1935 decus,
1091 1871 1233 1941 sapientiae
1246 1871 1375 1937 studium,
1395 1886 1449 1926 nou
1464 1869 1509 1924 illa
1530 1885 1590 1940 quae
1606 1870 1765 1927 interranis

164 1963 232 2018 lllll.
245 1961 325 2033 Origo
338 1977 404 2016 vero
424 1962 577 2015 animarum
602 1961 673 2017 unde
699 1961 747 2027 sit,
772 1959 855 2016 solius
870 1959 919 2015 lici
970 1963 1039 2019 salet
1061 1963 1189 2034 occupari
1213 1963 1340 2034 negotiis,
1368 1962 1478 2018 sedilia
1508 1962 1593 2032 magis
1622 1977 1675 2032 qua
1693 1962 1765 2017 ocus

126 2055 274 2128 cognitioni
304 2053 510 2124 relinquendum
528 2059 580 2107 est.
607 2050 695 2118 viarn
711 2051 795 2106 multa
821 2050 919 2106 exinde
969 2055 1068 2111 colitur
1090 2063 1118 2110 et
1141 2063 1258 2111 amatur.
1286 2053 1335 2110 Cui
1354 2055 1468 2125 teipsam
1482 2055 1602 2119 studeas,
1621 2053 1765 2127 i'irgouo-

125 2144 279 2219 philosophi
308 2160 378 2199 vana
397 2143 544 2207 linxerunt,
570 2150 598 2196 et
619 2141 749 2212 plurimas
773 2140 919 2196 Christiani
970 2145 1183 2211 bilissima,tota
1212 2148 1311 2204 mentis
1331 2148 1482 2204 intentione
1511 2148 1679 2218 manciparc;
1700 2147 1764 2218 quia

126 2240 253 2297 doctores
275 2236 419 2308 opiniones
440 2235 502 2290 inde
531 2241 692 2305 posuemnt‚
725 2242 754 2288 et
770 2232 920 2303 nihilpene
970 2237 998 2291 iu
1020 2236 1071 2291 bac
1095 2245 1138 2292 est
1157 2237 1212 2292 vita
1240 2239 1313 2293 omni
1332 2237 1527 2308 tranquillitate
1545 2238 1714 2304 beatissima,
1735 2237 1763 2295 iu

125 2340 232 2389 oeiissffl
247 2329 425 2399 reliquerim·
443 2327 552 2399 &3⁰⁸²
570 2326 666 2381 &³²⁰⁸
682 2323 921 2396 Aflblsllfflls'dss
971 2330 1022 2386 liae
1034 2339 1078 2386 est
1088 2330 1159 2386 iilius
1176 2346 1288 2386 summae
1312 2330 1452 2386 Trinitatis
1472 2330 1561 2401 irnago
1574 2329 1689 2384 feliciter
1703 2344 1764 2399 per-

126 2421 232 2492 origine
248 2418 345 2474 animae
370 2419 449 2473 berito
470 2416 634 2488 llieronymo
659 2416 767 2485 scripsit
781 2424 810 2470 et
834 2415 919 2479 misit,
971 2419 1051 2475 lecta.
1069 2419 1171 2475 llicest
1197 2420 1341 2479 thesaurus
1370 2420 1565 2484 desiderabilis,
1593 2420 1638 2489 qui
1660 2419 1766 2490 retpvie·

125 2509 222 2566 volens
231 2507 302 2563 scire
314 2506 378 2577 quid
396 2504 542 2561 atlivmaret
555 2514 647 2561 tantus
662 2505 758 2561 doctor
770 2505 804 2559 de
817 2504 922 2576 origine
971 2510 1024 2564 soit
1051 2509 1077 2563 in
1105 2525 1153 2565 ore
1186 2510 1336 2580 prudentis,
1361 2519 1388 2565 ct
1413 2511 1532 2565 abundat
1558 2512 1585 2565 in
1613 2510 1696 2565 eorde
1716 2525 1763 2565 sa·

125 2599 237 2655 animae·
257 2596 286 2653 Si
298 2596 341 2651 ille
367 2596 436 2652 liber
460 2596 599 2652 vobiscum
625 2596 789 2660 inveniatur,
817 2594 875 2666 ¹080
895 2603 923 2650 θῑ
971 2602 1080 2672 pirantis.
1106 2601 1169 2657 llaec
1188 2602 1215 2656 in
1248 2602 1399 2674 virgiliacis
1427 2616 1481 2657 nou
1506 2601 1660 2656 invenietur
1688 2616 1766 2655 nten-

127 2688 262 2759 intellige,
289 2687 352 2758 qvvid
371 2686 416 2742 ille
442 2687 616 2741 acutissimus
648 2702 739 2742 rerum
758 2687 922 2742 naturalium
972 2692 1067 2757 nactis,
1089 2694 1135 2749 sei
1155 2695 1182 2748 in
1205 2694 1360 2764 evangelica
1386 2693 1528 2751 affluenter
1552 2694 1703 2764 reperietur
1719 2710 1765 2749 ge.

126 2779 277 2851 inquisitor
287 2778 321 2833 de
339 2778 442 2849 origine
454 2777 553 2835 dixerit
563 2778 669 2833 animae.
695 2777 817 2845 Quatuor
839 2792 922 2847 quas·
972 2785 1063 2841 ritate.
1090 2784 1128 2840 Pe
1143 2801 1207 2840 vera
1235 2786 1338 2841 scilicet
1364 2787 1500 2857 sapientia
1526 2787 1651 2844 dieitur:
1672 2786 1764 2843 Omanis

126 2872 194 2928 dam
210 2872 237 2926 in
252 2886 285 2927 ea
298 2870 481 2940 disputatione
504 2869 595 2939 posuit
620 2868 774 2940 opiniones,
797 2876 827 2922 ut
849 2868 923 2923 arhi-
973 2876 1131 2945 rapierrtiaa
1154 2874 1327 2930 boatinolieo
1351 2885 1388 2930 eat
1416 2875 1512 2947 (Ereti.
1531 2876 1602 2949 nl).
1629 2877 1764 2949 Quidquid

127 2974 200 3031 tror,
218 2964 260 3019 ⁰1¹5
283 2962 378 3018 beilllss
395 2961 575 3032 ¹150i0¹¹i¹¹¹¹¹⁵
592 2976 645 3015 ΠΜ
668 2959 828 3016 brevissima
854 2956 922 3031 [Ab.
973 2968 1046 3022 enlm
1064 2974 1137 3022 vecte
1161 2982 1210 3037 per
1233 2967 1394 3036 sapientiam
1422 2967 1581 3039 intelligitur
1599 2976 1626 3023 ct
1647 2978 1764 3033 amatur,

125 3052 315 3129 parvissimal,
344 3051 392 3107 sed
419 3051 575 3106 acutissima
602 3049 742 3121 respendit
776 3048 888 3122 epistola
914 3067 921 3102 :
975 3055 1023 3112 [tei
1056 3057 1155 3112 donum
1182 3066 1234 3113 031,
1269 3057 1386 3113 proinde
1412 3058 1512 3124 omnig,
1540 3058 1587 3128 qui
1616 3059 1766 3113 secundum

127 3144 345 3217 d⁰0ffl¹ib⁰¹¹ffl¹¹
368 3141 635 3213 inlilfialesslmusr
654 3140 759 3197 sedhic
778 3135 1060 3205 nobiscumcnenm
1086 3150 1262 3220 sapiensest,
1291 3151 1388 3207 beatus
1411 3158 1463 3206 est.
1495 3149 1574 3207 Unde
1603 3149 1630 3208 in
1648 3146 1699 3206 lob
1724 3152 1766 3207 di·

127 3252 187 3295 1¹⁰ss
197 3237 351 3308 reperitur;
381 3250 431 3289 ¹¹⁰⁰
452 3233 535 3288 filiam
550 3232 663 3303 e955101a
691 3231 877 3303 resil⁰¹¹Si⁰¹¹is
891 3230 925 3284 Μ
975 3241 1068 3297 citur:
1083 3240 1218 3311 Sapientia
1236 3241 1349 3296 hominia
1366 3251 1404 3297 est
1419 3240 1511 3311 pietas,
1540 3239 1659 3295 recedere
1680 3249 1767 3295 autern

125 3346 205 3387 eum.
235 3329 312 3385 Fecit
333 3343 440 3401 quoque
462 3326 531 3381 idem
559 3325 663 3392 doctor,
680 3333 711 3381 ut
726 3326 752 3380 in
771 3324 847 3379 libris
875 3322 926 3377 ile-
975 3330 1075 3386 amato
1087 3322 1197 3387 scientia
1215 3330 1286 3403 (iob.
1303 3347 1400 3397 xrvur,
1421 3330 1488 3403 ibi:
1505 3345 1560 3386 uno
1580 3344 1646 3396 vero
1658 3331 1768 3387 uomiue

127 3424 325 3482 metallorum
351 3420 409 3491 ejus
427 3420 534 3491 legitur,
563 3418 615 3472 alia
637 3418 670 3473 de
694 3418 800 3472 ratione
827 3415 925 3470 anime
961 3423 1093 3493 'pleting
1117 3422 1220 3479 cultum
1238 3422 1321 3478 andus
1341 3421 1439 3478 divinae
1463 3420 1603 3493 religionis
1626 3421 1769 3493 designare

126 3514 271 3586 opuscula,
286 3513 313 3568 ill
329 3521 382 3577 eit,
395 3512 427 3566 de
443 3510 595 3576 Qbssmtissle
607 3510 702 3563 inimo!
714 3507 809 3562 librum
825 3523 924 3572 “numi
975 3512 1078 3569 volens.
1105 3511 1175 3579 Quid
1203 3512 1309 3568 beatius
1333 3521 1377 3568 est
1391 3511 1499 3579 anime,
1524 3527 1605 3583 quam
1632 3525 1768 3567 summum

127 3606 168 3662 de
187 3601 496 3658 immanabtateonimc
516 3596 838 3662 lii.unnnt;clelinabm
857 3597 923 3650 rini-
976 3601 1054 3672 151
1071 3602 1183 3673 diligere
1208 3602 1320 3668 bonum,
1347 3601 1583 3672 quodpeumr?
1615 3601 1685 3670 Quid
1714 3600 1770 3655 [011.

130 3695 229 3752 ntalntr
251 3694 344 3748 librum
366 3709 463 3756 nurum,
487 3689 519 3745 de
550 3686 755 3745 immortalitate
772 3690 878 3754 anima,
901 3698 925 3742 ct
975 3690 1045 3754 cius,
1069 3706 1151 3761 quam
1174 3705 1203 3745 se
1226 3691 1336 3761 dignum
1361 3689 1429 3764 [rii.,
1453 3705 1485 3746 se
1511 3689 1633 3761 dignam]
1664 3696 1767 3745 aeterna

130 3782 393 3856 ejurarigiaelilrraa
405 3788 529 3854 qrretnor,
544 3778 590 3849 qui
613 3776 730 3832 necdum
747 3777 850 3831 inventi
862 3785 927 3832 svmt
975 3793 1129 3850 praeparare
1160 3778 1337 3844 beatitudine,
1362 3781 1426 3835 dum
1451 3780 1632 3835 immortalem
1648 3796 1686 3836 ‚se
1708 3797 1769 3836 esse

132 3891 151 3931 a
173 3875 260 3930 nobis.
285 3873 313 3928 Si
332 3872 434 3928 iortein
453 3870 571 3926 aunario
590 3868 722 3940 imperiali
741 3869 925 3935 inveniantur,
976 3871 1118 3926 verissime
1132 3870 1228 3925 novit?
1248 3868 1303 3925 Nee
1315 3871 1433 3926 aestimes
1450 3871 1497 3927 tibi
1513 3878 1617 3926 tantvm
1635 3871 1767 3938 subicere,

133 3967 259 4039 quarite,
283 3963 374 4036 legite,
403 3972 431 4017 et
459 3961 649 4017 commuuione
679 3959 821 4016 charitatis
848 3959 927 4014 nobis
978 3977 1059 4018 nosse
1082 3960 1147 4031 quid
1182 3959 1274 4017 fucere
1293 3961 1402 4026 debeas,
1422 3960 1474 4017 uisi
1500 3963 1583 4017 etiam
1613 3979 1696 4033 opere
1719 3965 1769 4020 im-

134 4058 245 4130 dirigite
271 4058 305 4111 acl
321 4056 458 4127 legendos.
486 4051 515 4108 lu
542 4053 678 4108 hoeenim
707 4066 916 4108 omuesoousen
977 4051 1051 4121 picas
1074 4068 1134 4121 qrrm
1157 4052 1237 4107 nosti.
1257 4050 1343 4119 Quam
1362 4050 1473 4121 plurimi
1489 4066 1518 4107 se
1540 4052 1676 4122 sapientes
1696 4057 1767 4111 assti-

134 4149 209 4207 tiunt
231 4145 356 4202 catholici
379 4145 538 4214 scriptores,
564 4143 634 4213 quod
658 4140 747 4197 anima
771 4158 787 4195 a
813 4141 870 4197 beo
892 4141 927 4195 sit
978 4148 1063 4205 mant,
1086 4149 1114 4195 et
1140 4141 1211 4194 viam
1231 4155 1260 4196 se
1281 4140 1405 4195 veritatis
1426 4155 1508 4196 nosse
1532 4139 1694 4211 gloriantur,
1722 4143 1770 4199 scal

133 4236 261 4303 condita;
287 4250 338 4291 nec
353 4244 458 4305 partem
481 4249 541 4288 cam
574 4247 635 4288 esse
656 4233 832 4300 beinaturae,
864 4235 926 4302 quia
979 4232 1514 4305 nequaquamveresuutsapientes,qui
1529 4233 1699 4291 nonhabent
1714 4234 1770 4289 lor-

133 4327 160 4385 si
176 4341 212 4383 ex
223 4325 270 4382 bei
284 4336 358 4383 esset
373 4334 470 4380 natvrra
488 4331 637 4393 assumpta,
661 4338 776 4394 peceare
791 4339 845 4381 non
869 4340 918 4395 pos
980 4323 1122 4378 titudinem
1134 4323 1217 4380 animi
1226 4323 1260 4378 ad
1270 4322 1467 4394 proficiendum
1479 4324 1544 4398 lali„
1562 4324 1768 4398 perficiendtun]

133 4430 191 4477 set.
215 4417 271 4475 Nee
292 4433 353 4473 eam
378 4416 476 4487 corpus
493 4430 554 4471 csse
580 4413 713 4486 palpabile
739 4415 780 4470 vel
802 4416 926 4471 visibile:
979 4426 1072 4482 opere,
1086 4410 1157 4482 quod
1171 4411 1372 4483 sapiuntilrgo
1388 4429 1452 4470 vem
1470 4423 1512 4469 εει
1530 4415 1674 4486 sapientia,
1690 4431 1771 4472 nosse

132 4525 189 4568 nee
202 4510 270 4566 mori
280 4526 341 4566 eam
352 4526 442 4580 posse,
455 4510 492 4564 ita
507 4515 537 4563 ut
550 4523 604 4563 non
625 4507 676 4574 sit;
695 4522 771 4563 neca
784 4514 860 4563 reatu
874 4509 929 4579 pri·
942 4481 968 4542 ⁰
981 4516 1040 4572 quae
1046 4502 1155 4566 debeas,
1163 4508 1191 4556 et
1198 4510 1262 4558 nota
1268 4501 1410 4573 perlicere.
1419 4503 1535 4558 Proinde
1545 4503 1646 4559 trullam
1655 4511 1771 4576 quatuor

135 4620 191 4661 raae
216 4603 448 4675 prevaricationis
474 4601 582 4672 liberari
605 4614 698 4671 posse,
721 4601 773 4656 nisi
792 4616 841 4671 per
865 4617 926 4671 gra·
981 4592 1078 4647 animae
1089 4593 1231 4660 virtutum,
1257 4582 1398 4662 dequibus
1409 4608 1491 4664 supra
1506 4593 1635 4661 diximus,
1650 4596 1770 4667 periccto

136 4697 206 4755 tiam
230 4705 258 4752 et
283 4695 441 4767 mysterium
476 4692 632 4748 mediatoris
656 4690 706 4745 liei
731 4699 759 4746 et
789 4691 926 4746 homiuum
980 4686 1176 4754 habetanima,
1193 4688 1217 4743 si
1235 4696 1307 4743 totas
1335 4702 1389 4743 nou
1412 4688 1504 4756 babet,
1520 4689 1583 4760 quia
1607 4691 1769 4751 haecomnia

135 4786 245 4844 Domini
260 4786 346 4842 nostri
369 4783 433 4840 lesu
451 4782 563 4848 Christi,
583 4783 630 4852 qui
653 4782 763 4852 plenam
778 4781 929 4836 humanita-
980 4781 1108 4838 adunam
1122 4783 1264 4838 charitatis
1284 4782 1426 4838 intendunt
1444 4792 1619 4855 praeceptum,
1640 4803 1701 4858 guae
1712 4789 1770 4843 sola

137 4883 175 4939 tis
198 4890 298 4938 nostrae
313 4888 450 4941 naturam,
465 4877 566 4946 absque
584 4876 658 4931 omni
677 4881 800 4945 peccato,
825 4873 854 4929 in
872 4889 928 4928 suae
982 4874 1009 4929 in
1033 4873 1172 4931 catholicae
1186 4873 1247 4930 fidei
1273 4874 1399 4940 veritate,
1413 4875 1522 4947 dignam
1533 4876 1632 4933 efficiet
1650 4878 1769 4933 animam

137 4971 289 5029 divinitatis
311 4969 459 5040 assumpsit
486 4980 629 5037 personam
644 4984 650 5019 :
667 4965 730 5035 quia
755 4973 828 5020 totus
845 4964 928 5019 homo
979 4967 1148 5023 habitatione
1173 4962 1275 5023 sanctae
1307 4966 1459 5033 Trinitatis,
1482 4969 1518 5023 ad
1529 4982 1605 5036 curus
1624 4968 1769 5039 imaginem

137 5059 275 5134 peccavit,
295 5068 323 5114 et
336 5066 407 5113 totus
419 5059 500 5113 homo
520 5055 676 5111 liberandus
693 5063 764 5121 erat,
779 5054 927 5109 secuudum
980 5058 1117 5115 conditam
1129 5072 1190 5113 esse
1203 5057 1328 5128 superius
1342 5057 1522 5123 ostendimus
1535 5059 1567 5113 de
1578 5060 1655 5131 cujus
1666 5044 1770 5114 maone

138 5148 372 5220 dispensationem
395 5157 502 5203 aeternae
529 5145 638 5217 pietatis
653 5145 680 5199 in
699 5144 764 5201 [teo.
784 5145 868 5201 Totus
884 5147 930 5201 ho
980 5156 1007 5204 et
1026 5157 1132 5211 natura,
1162 5146 1232 5202 sicut
1258 5145 1396 5217 flagitasti,
1422 5147 1481 5203 heac
1503 5164 1588 5218 pauca
1606 5149 1768 5219 perstriuxi·

137 5254 185 5299 rao
206 5238 386 5294 assumendus
403 5248 473 5303 erat,
492 5237 580 5301 idest,
606 5237 736 5291 auimaet
756 5251 830 5303 caro,
853 5235 931 5307 cujus
982 5254 1052 5302 mus,
1086 5239 1329 5308 proulepistolaris
1351 5239 1475 5309 angustia
1497 5241 1643 5296 concessit.
1661 5239 1770 5296 llirom-

138 5333 242 5395 anima‚
261 5331 288 5386 id
309 5340 362 5396 est,
390 5330 576 5401 Redemptoris
591 5329 690 5394 nostri,
707 5335 789 5384 tantae
802 5330 931 5385 sanctita·
982 5345 1035 5400 que
1046 5329 1243 5399 quodammodo
1258 5329 1453 5385 ascholasticis
1469 5326 1555 5385 videri
1570 5331 1678 5400 poterit,
1699 5346 1769 5401 quo·

139 5425 176 5483 tis
196 5434 225 5482 et
238 5423 440 5495 justificationis
467 5432 519 5488 est,
547 5431 577 5477 ut
596 5438 691 5477 omnes
719 5423 746 5476 iu
771 5438 800 5477 se
818 5422 941 5485 creden,
980 5420 1061 5477 modo
1075 5427 1101 5475 te
1125 5420 1185 5489 plus
1208 5418 1273 5473 mihi
1291 5418 1428 5490 cognitam
1444 5433 1504 5475 esse
1515 5427 1611 5490 putare
1628 5419 1769 5485 voluisses,

140 5517 209 5575 tium
234 5517 331 5572 animae
351 5515 620 5589 pereumlrll.‚per
642 5514 932 5588 camisauctilrcarict
980 5525 1061 5580 quam
1075 5507 1124 5563 tihi
1139 5507 1200 5577 ipsi.
1229 5506 1304 5562 Umle
1334 5506 1455 5564 viriseel
1478 5508 1582 5563 ratione
1602 5510 1688 5582 riges,
1716 5511 1768 5564 uisi

140 5608 282 5683 justillcari
293 5611 399 5680 possint
413 5608 478 5682 [ιιι.,
494 5608 619 5681 agarenum,
638 5620 742 5665 etcaro
761 5615 841 5661 tantae
855 5622 932 5661 mun-
981 5601 1010 5657 in
1038 5600 1134 5655 animae
1160 5598 1326 5654 substantia?
1357 5599 1420 5656 ditm
1437 5609 1462 5656 te
1481 5615 1594 5671 perraro
1612 5600 1698 5658 ocvvlis
1716 5601 1770 5656 ridi

177 5725 191 5754 ¹
220 5717 311 5777 Sancti
330 5717 471 5790 Augustini
482 5719 641 5775 servientium
655 5716 688 5773 dc
703 5717 807 5788 origiue
831 5715 928 5773 anianae
945 5713 1065 5788 reperies
1078 5712 1106 5769 in
1120 5711 1177 5784 agos
1188 5711 1269 5782 epist.
1281 5710 1340 5766 loo.
