3780 6120
207 321 275 380 lidi
612 316 642 376 b.
662 318 692 376 F.
706 315 820 376 stetui
838 316 905 376 SEU
923 314 1060 374 secutur
1077 313 1217 372 tibuunt
1236 311 1327 370 PARS
1346 310 1412 369 viii.
1768 313 1837 370 tuti

207 455 257 493 can
272 433 347 508 (Gen.
361 453 380 502 ι,
391 435 429 504 ιι.
445 435 480 491 ιιι
489 434 554 506 quid
572 434 644 490 euim
666 433 725 488 ltaee
737 431 772 487 de
784 441 858 489 terra
882 440 996 501 praster-
1008 433 1032 489 Α
1045 435 1100 492 est;
1114 434 1143 481 et
1152 424 1203 480 boc
1217 432 1291 479 tatvta
1302 423 1444 479 velocitate
1457 421 1556 478 divine
1575 423 1700 488 virtutis,
1724 434 1754 478 ut
1773 442 1838 480 uec·

209 531 293 585 misso
305 528 374 584 coevo
386 526 490 591 intulit,
504 526 556 580 nisi
567 525 630 595 qaia
644 523 711 578 nihii
725 522 906 579 taiedecoeto
917 521 996 576 inter·
1045 516 1108 570 dnm
1132 515 1251 586 primum
1275 513 1366 568 mundi
1398 514 1536 569 nascentis
1560 522 1734 569 mouuutuu
1760 527 1836 572 esset

208 624 253 694 figi
264 621 369 685 voluit?
380 619 469 692 ipsum
483 628 525 675 est
536 619 610 674 enim
622 616 861 687 coeiumsupcrias,
873 614 945 686 quod
960 614 996 670 ab
1045 617 1245 664 transcensum.

208 706 597 778 omnimundibujusvolubili
611 713 684 762 statu
695 715 842 770 secretum,
858 704 995 777 glorisdi-
1080 699 1136 754 xi..
1157 699 1206 754 ilis
1221 699 1259 754 ita
1277 698 1393 765 auditis,
1416 697 1487 753 absit
1507 708 1538 754 ut
1563 697 1712 754 sinistrum
1736 699 1838 770 alicuid

208 805 279 857 vinae
294 802 446 873 praescntiae
461 806 553 857 manet
565 796 851 869 semperquietum,in
864 810 919 866 quo
933 811 995 866 per-
1045 793 1111 848 mibi
1127 792 1258 862 suspicari
1273 790 1355 846 libeat
1370 791 1405 847 de
1420 792 1511 847 verbis
1523 791 1688 857 doctomm,
1715 798 1791 847 tauta
1804 794 1837 851 de

208 891 279 948 ferte
293 894 383 949 omnia
395 891 524 962 disposita
536 903 643 959 semper
653 887 770 944 fuerunt.
779 886 847 944 Nam
857 889 892 944 de
902 896 996 945 nostro
1045 882 1159 938 summis
1172 881 1253 938 rebus
1270 882 1447 952 mouentium.
1473 883 1549 939 Licet
1559 883 1680 956 ifoyses,
1706 901 1771 943 casm
1784 905 1837 958 qno

208 984 287 1047 eoefo,
301 984 328 1038 in
340 998 394 1053 quo
403 982 489 1053 posita
500 988 564 1036 sunt
571 979 715 1035 luminaria
727 979 790 1035 baio
800 979 995 1036 seculoneoes·
1044 973 1116 1030 Deus
1128 973 1233 1030 locotus
1247 983 1300 1040 est,
1315 974 1374 1029 haic
1388 989 1459 1046 neue
1469 975 1569 1032 lufaus
1583 976 1738 1048 reliquerit.
1754 978 1838 1037 lidan

208 1074 291 1138 saria,
302 1071 521 1141 insequentibus,
529 1068 827 1142 quomodovelqnando
835 1070 871 1126 sit
879 1067 994 1135 factum,
1044 1063 1117 1119 enim
1132 1063 1188 1120 lien
1201 1063 1363 1135 promissum
1377 1077 1439 1119 esse
1450 1064 1601 1135 impletum,
1618 1066 1669 1137 qui
1685 1067 1770 1122 dicit:
1787 1067 1836 1135 Qvi

207 1162 265 1234 ipsc
280 1160 419 1234 legislator
436 1160 568 1217 declarat.
587 1158 646 1216 Non
660 1173 726 1231 ergo
747 1159 912 1216 credendum
935 1162 993 1225 est;
1044 1153 1127 1211 credit
1140 1154 1232 1221 innan,
1244 1155 1496 1226 {isininndcoentre
1511 1157 1569 1225 eina
1581 1159 1667 1229 psam
1686 1176 1766 1231 apsa
1777 1161 1838 1217 rive

208 1261 239 1308 ut
255 1253 381 1324 superius
399 1251 465 1308 illud
487 1250 600 1318 ooeium,
621 1250 694 1321 quod
704 1258 747 1306 est
760 1247 917 1305 mortalium
932 1262 994 1304 om·
1044 1243 1136 1318 (loon.
1152 1260 1201 1311 vu,
1213 1244 1270 1317 58).
1299 1245 1377 1302 Unde
1389 1247 1534 1303 modernos
1550 1247 1633 1304 laudo
1655 1248 1798 1316 doctores,
1812 1261 1838 1307 et

207 1344 282 1400 nium
299 1342 489 1413 conspectibus
511 1339 708 1408 inaccessibile,
722 1340 804 1396 inane
820 1346 940 1395 creatum
958 1338 995 1393 sit
1044 1334 1248 1404 eorumscripta
1261 1333 1377 1391 libenter
1392 1334 1494 1403 lectito,
1519 1336 1565 1407 qui
1580 1338 1647 1394 dum
1664 1338 1839 1409 antiquorum

207 1444 368 1500 etvacuum,
381 1441 412 1488 ut
423 1443 508 1500 terra,
521 1447 581 1503 quae
603 1431 665 1489 talis
679 1439 744 1488 tuuc
762 1441 833 1498 erat,
847 1429 935 1500 qualis
946 1428 995 1484 ad-
1044 1424 1116 1481 dicta
1129 1424 1281 1491 revolvunt,
1297 1441 1332 1481 ex
1344 1425 1488 1482 multomm
1501 1426 1618 1485 musac
1633 1428 1761 1485 radicem
1771 1431 1840 1487 reri·

207 1524 262 1580 bue
282 1525 332 1580 sub
356 1525 412 1579 imo
439 1524 523 1579 maris
547 1521 680 1595 profundo
705 1536 740 1576 ea
762 1529 840 1592 parte
862 1526 992 1575 remanet.
1044 1509 1401 1568 ffllssfimffldoissleflillssl·
1417 1512 1524 1581 Quium
1539 1515 1610 1570 essim
1626 1515 1836 1585 susslillssiffl·

208 1613 312 1684 Quippe
325 1613 403 1684 cujus
414 1614 569 1669 universam
578 1610 750 1682 superficiem
763 1610 792 1665 ιιι
806 1617 910 1665 tautam
921 1616 995 1679 tepe-
1043 1611 1119 1659 tauto
1126 1602 1350 1674 perspicaciores,
1361 1612 1390 1660 et
1398 1619 1431 1661 eo
1443 1605 1528 1676 magis
1538 1605 1639 1662 florent
1654 1607 1780 1679 ingenio,
1789 1625 1837 1680 aas

208 1704 274 1760 baut
285 1702 453 1759 altitudinem
465 1716 552 1772 aque,
570 1709 601 1756 ut
613 1700 649 1756 ad
661 1699 722 1757 illos
734 1699 809 1757 locos
830 1712 916 1770 usquc
933 1712 994 1767 per-
1043 1693 1077 1748 de
1086 1691 1209 1762 pluribus
1219 1690 1338 1749 fontibus
1348 1693 1508 1749 hauserunt.
1531 1695 1617 1767 igitur
1632 1712 1670 1753 ex
1682 1697 1729 1755 bis
1744 1699 1834 1767 tribas,

209 1795 361 1866 tingerent,
378 1794 425 1850 ubi
445 1808 518 1850 nuuc
540 1807 628 1863 usque
643 1806 725 1861 supra
747 1791 947 1847 firmamentum
960 1804 995 1845 ex
1010 1776 1107 1858 Borrae
1122 1788 1274 1859 posuimus,
1286 1786 1351 1859 quid
1363 1788 1452 1845 verius
1467 1790 1512 1855 sit,
1530 1804 1581 1860 epo
1591 1805 1651 1846 non
1664 1789 1781 1864 indago,
1793 1809 1834 1849 ae·

208 1894 287 1957 parte
300 1885 434 1954 resident3
448 1886 495 1941 sed
509 1883 594 1958 [oum]
606 1884 663 1941 suis
678 1882 775 1940 incolis
785 1898 848 1939 mor
860 1889 993 1947 creatum,
1045 1896 1098 1951 que
1115 1880 1303 1948 cluniacum
1325 1881 1540 1952 simparvissimi
1565 1883 1698 1940 homulus
1728 1885 1836 1957 ingenii,

208 1975 261 2032 laoc
271 1983 323 2042 est,
334 1975 498 2031 beatissimis
509 1974 673 2046 Angelorum
688 1973 840 2046 agminibus
852 1972 996 2043 impletum
1044 1973 1092 2028 sed
1108 1971 1221 2044 Spiritui
1231 1981 1326 2030 sancto
1336 1973 1469 2045 relinquo,
1481 1974 1557 2046 justa
1573 1975 1663 2031 illud:
1678 1975 1712 2032 Si
1723 1978 1791 2049 qnid
1801 1996 1835 2033 m·

207 2075 276 2123 est:
299 2082 367 2138 quos
382 2067 409 2122 ιιι
431 2065 564 2136 principio
578 2080 641 2121 cum
655 2064 725 2121 coelo
738 2078 799 2122 esse
822 2064 947 2120 conditos
967 2071 997 2119 et
1044 2065 1151 2121 sidomn
1164 2075 1213 2131 ent,
1230 2066 1290 2137 ipse
1311 2067 1466 2123 sensissetis
1482 2067 1581 2140 (fiand.
1603 2085 1656 2137 nr,
1675 2071 1736 2145 to).
1773 2072 1836 2129 fiens

208 2169 291 2222 terra,
315 2172 348 2212 ac
373 2172 437 2212 mos
462 2155 644 2212 conditionem
658 2169 756 2222 suam,
782 2153 902 2210 simulet
914 2153 996 2209 totius
1045 2172 1161 2228 namque
1176 2165 1219 2213 est
1236 2157 1307 2229 ignis
1318 2157 1461 2215 invisibilis
1470 2166 1498 2214 et
1517 2158 1711 2231 incorporeus,
1731 2164 1778 2232 qui
1794 2180 1836 2219 no

207 2260 340 2304 tretturae
353 2247 546 2319 primordislit.
570 2245 605 2303 td
623 2246 730 2302 ltutlem
743 2243 894 2302 conditoris
919 2251 994 2299 retu·
1044 2246 1088 2303 bis
1103 2246 1195 2302 omnia
1207 2247 1235 2303 ιιι
1256 2246 1301 2303 ilia
1323 2247 1383 2304 fuoe
1397 2264 1470 2304 verae
1486 2249 1608 2306 scientiae
1626 2252 1765 2307 revelabit
1781 2253 1836 2309 abs

207 2337 271 2393 iisse
283 2345 398 2394 testatur
409 2337 467 2408 ipsc
479 2336 613 2403 conditor,
621 2337 668 2407 qui
681 2335 794 2407 loquens
804 2332 898 2392 adlob
907 2334 994 2392 dixit:
1045 2337 1165 2393 condita.
1195 2336 1254 2393 Non
1269 2337 1356 2395 solum
1369 2347 1460 2395 autem
1482 2340 1516 2396 de
1532 2351 1728 2397 ereaturarum
1741 2343 1836 2407 musis

207 2428 257 2485 b'ii
275 2446 336 2485 eron
348 2429 454 2501 quando
468 2428 596 2499 ponebam
621 2426 795 2498 fondamento
820 2434 898 2482 terre
921 2423 994 2498 (iol.
1044 2427 1183 2485 sedetiam
1193 2427 1277 2501 (quod
1288 2432 1460 2500 praestantius
1469 2432 1522 2504 cst)
1533 2427 1777 2504 deipsocreatore
1786 2435 1838 2493 iiiie

208 2536 325 2586 sxxvvtv,
339 2518 383 2592 ι);
398 2528 426 2576 ct
438 2527 499 2589 post
511 2517 591 2588 paulo
606 2535 613 2571 ε
629 2533 689 2573 carn
699 2533 741 2572 ms
751 2515 891 2571 laudarent
904 2530 995 2571 ornnes
1044 2518 1121 2576 nobis
1137 2519 1226 2591 palam
1247 2521 1461 2578 annuntiabitur.
1495 2520 1627 2580 Conditor
1643 2525 1722 2580 enim
1737 2535 1835 2593 noster,

206 2611 256 2681 filii
269 2611 319 2667 Dei
333 2611 426 2684 (itit,
440 2628 465 2667 o.
480 2610 519 2683 ὅ).
537 2609 633 2666 blerito
651 2609 742 2680 itaque
755 2608 854 2666 coelum
868 2609 929 2666 uoeli
940 2625 995 2666 nou
1043 2626 1105 2666 cum
1117 2610 1174 2684 jam
1188 2610 1267 2668 nobis
1282 2614 1458 2684 perspeciem
1475 2614 1648 2682 ostendetur,
1666 2625 1736 2674 tuuc
1748 2617 1835 2675 docte

208 2704 290 2761 inane
303 2704 346 2760 vei
359 2720 472 2761 vacuum
492 2719 554 2761 esse
567 2703 668 2760 factum
681 2712 870 2761 memoratur:
886 2705 995 2763 sednce
1044 2716 1106 2757 rum
1132 2702 1214 2758 verba
1232 2701 1437 2759 subtrahentur.
1467 2702 1528 2775 ipsa
1553 2703 1724 2762 vivificatrix
1743 2707 1836 2772 virtus,

207 2795 328 2853 tenebris
339 2795 367 2851 iu
376 2810 420 2863 eo,
434 2796 476 2850 vei
489 2796 588 2868 abysso
601 2796 678 2853 iocus
688 2810 829 2853 remanere
840 2796 912 2854 ullus
929 2812 994 2869 per·
1043 2808 1104 2864 quae
1117 2795 1230 2865 spiritus
1242 2795 1342 2853 format
1350 2796 1519 2867 angelorum,
1536 2798 1675 2868 quomodo
1687 2799 1762 2855 Deus
1773 2815 1836 2871 pm·

209 2889 325 2955 iubetur,
340 2889 411 2959 quod
423 2888 869 2963 bomiuuslleustemparrbipso
882 2890 995 2946 exordio
1044 2886 1081 2943 sit
1094 2886 1188 2943 electis
1203 2887 1359 2958 spiritibus,
1375 2888 1534 2947 insinuabit.
1567 2888 1714 2957 Quomodo
1739 2890 1836 2961 aliquid

209 2981 352 3047 illuminat,
366 2980 493 3052 spicam
506 2990 549 3039 cst
562 2980 608 3037 lux
620 2995 704 3049 vera,
728 2980 870 3053 lucemque
888 2980 996 3037 babitat
1044 2980 1308 3051 nospoteritiatere,
1332 2996 1394 3037 cum
1414 2981 1484 3038 bens
1498 2995 1582 3037 causa
1597 2995 1759 3049 causarum,
1784 2981 1834 3037 vita

209 3073 438 3140 inaccessibilem
453 3072 532 3143 cujus
543 3072 700 3130 beatissima
714 3072 817 3129 visione
829 3088 892 3128 mos
907 3071 993 3130 creati
1045 3070 1202 3137 viventium,
1225 3080 1253 3128 ot
1263 3072 1334 3129 ratio
1349 3070 1548 3129 rationabilium
1563 3073 1746 3143 semetipsum
1762 3074 1835 3129 nobis

208 3163 235 3219 iu
257 3163 335 3221 ooeiis
354 3164 486 3221 emiorum
507 3164 596 3236 augeli
614 3163 671 3236 jam
685 3163 787 3236 perfrui
802 3172 953 3236 coeperant,
965 3118 1029 3220 iuc
1046 3161 1120 3218 clara
1133 3161 1236 3219 visione
1251 3160 1442 3227 manifestabit.
1453 3162 1511 3234 jam
1523 3162 1631 3234 penitus
1643 3164 1756 3220 detersa
1769 3178 1834 3218 mes

207 3268 262 3322 uaso
276 3267 338 3309 mox
346 3252 467 3322 perfecte
480 3255 572 3309 omnia
594 3253 725 3325 disposita
749 3251 872 3324 Spiritus
884 3260 995 3309 mactus
1047 3253 1083 3309 tis
1098 3260 1199 3309 nostre
1215 3253 1347 3326 ealigine?
1369 3252 1427 3310 iioc
1443 3262 1536 3310 autem
1561 3255 1707 3325 estquod
1735 3254 1834 3311 Veritas

208 3343 369 3410 illustrabat,
385 3360 438 3400 non
450 3353 481 3400 ut
492 3345 522 3400 in
535 3344 710 3403 inferioribus
723 3345 758 3401 ad
774 3344 927 3415 perfectum
947 3346 996 3401 dc·
1047 3343 1128 3400 dicit:
1154 3341 1315 3411 Venitiom,
1333 3359 1393 3400 cam
1401 3344 1461 3416 jum
1473 3361 1526 3401 non
1542 3346 1569 3400 in
1588 3345 1736 3415 prooemiis
1746 3345 1834 3413 lopun

208 3433 308 3489 ducere
320 3433 485 3499 intendebat,
503 3435 573 3491 sicut
589 3435 774 3505 scriptumest
791 3434 926 3505 :Spiritus
940 3435 995 3490 Dn·
1046 3435 1128 3501 nobis,
1148 3439 1194 3490 ned
1214 3434 1303 3506 poloni
1327 3435 1493 3491 annuntiabit
1509 3435 1580 3491 notia
1594 3434 1690 3508 (ioan.
1704 3452 1766 3501 avt,
1780 3436 1833 3507 ὕ).

208 3521 273 3577 mini
283 3522 501 3594 ferebatsrssper
512 3541 594 3595 opnor
609 3523 688 3597 (Gen.
703 3540 730 3591 ι,
744 3524 772 3596 2)
785 3541 794 3592 ;
808 3539 858 3581 aua
872 3524 996 3582 videlieet
1047 3523 1140 3581 Palam
1157 3525 1255 3597 quippo
1270 3526 1304 3581 dc
1320 3525 1401 3582 l‘atrc
1422 3540 1452 3582 sc
1468 3527 1630 3583 sanandam
1655 3528 1768 3595 asserit,
1791 3529 1834 3599 qvi

209 3613 321 3682 virtute,
334 3614 437 3671 babens
449 3616 476 3672 iu
489 3617 599 3688 propria
610 3623 759 3687 potestate,
774 3616 857 3672 veluti
870 3615 994 3684 Creator,
1046 3628 1096 3683 per
1106 3613 1272 3685 patefactam
1283 3631 1341 3672 sum
1353 3613 1503 3685 maiestatis
1513 3617 1645 3688 speciem,
1665 3627 1697 3674 et
1706 3619 1835 3688 momodo

208 3707 317 3778 quaudo
328 3721 375 3764 eas
388 3707 516 3763 inlocum
528 3717 683 3765 secerneret
695 3723 797 3774 unum,
814 3716 846 3764 ut
863 3716 935 3763 terra
948 3723 994 3779 ap
1046 3707 1104 3777 ipsc
1117 3705 1236 3778 gignenti
1249 3706 1337 3777 impar
1350 3723 1404 3764 nou
1418 3706 1464 3773 sit,
1476 3715 1503 3764 et
1513 3706 1650 3780 quoutodo
1662 3718 1835 3779 utrorumque

210 3806 329 3870 pareret.
349 3796 502 3868 superferri
516 3798 590 3855 euim
602 3797 712 3865 dicitur,
730 3813 786 3855 non
799 3798 932 3868 positione
942 3797 994 3854 loci
1046 3798 1157 3867 spiritus
1168 3797 1577 3869 utriqucooaetemusprooedat,
1588 3800 1724 3855 ostendit.
1741 3799 1836 3872 Aperte

210 3891 257 3947 sed
266 3897 334 3945 nutu
344 3889 497 3960 praecellere
510 3890 685 3960 disponendis
694 3890 827 3949 creaturis
842 3904 849 3945 ι
861 3889 889 3947 in
900 3889 994 3946 simili-
1046 3903 1163 3959 namque
1175 3895 1238 3945 tuuc
1248 3888 1408 3956 videbimus,
1419 3888 1553 3960 quomodo
1565 3888 1630 3957 boc,
1641 3892 1721 3961 quod
1730 3890 1837 3949 emendo

210 3982 332 4041 tudinem
343 3981 448 4039 scilicet
458 3979 540 4047 fabri,
550 3979 627 4050 cujus
638 3978 764 4036 voluntas
774 3979 826 4044 bis,
838 3993 900 4051 quae
912 3977 995 4033 fabri·
1046 3987 1097 4045 cst,
1109 3980 1144 4045 ei,
1162 3979 1196 4035 dn
1206 3994 1260 4050 quo
1269 3979 1367 4047 oritur,
1382 3981 1549 4051 subsequens
1561 3997 1617 4039 uon
1631 3993 1695 4050 est;
1708 3984 1837 4054 quomulo

209 4073 302 4130 cavadae
314 4080 387 4139 sunt,
402 4071 483 4129 rebus
496 4071 564 4128 solet
575 4070 731 4143 superferri.
746 4068 936 4141 illiusquoque
950 4085 995 4127 su·
1046 4069 1081 4136 is,
1104 4070 1150 4139 qui
1165 4085 1213 4141 per
1229 4071 1429 4140 processionem
1451 4070 1620 4141 producitur,
1645 4088 1662 4127 a
1680 4073 1835 4144 proterenti

210 4165 327 4237 periuris
340 4173 368 4222 et
383 4165 527 4221 invisibilis
546 4173 680 4221 creaturae
705 4173 816 4221 sanctus
838 4164 954 4221 ilasilius
968 4165 995 4221 iu
1046 4159 1159 4215 bvvsnou
1175 4159 1297 4231 punitur.
1332 4158 1432 4231 Aperte
1445 4160 1690 4229 tunovidebimus,
1709 4163 1835 4233 quomodo

208 4256 279 4314 libro
293 4255 477 4313 flexaememn
488 4256 650 4313 secundoita
661 4255 741 4327 Μ]
755 4255 993 4313 manumittimus:
1046 4257 1074 4303 et
1091 4264 1174 4303 unum
1185 4248 1355 4306 divisibiliter
1380 4250 1433 4305 tria
1444 4249 1510 4317 siut,
1526 4259 1553 4306 ct
1568 4251 1777 4310 indivisibiliter
1791 4253 1836 4309 tria

213 4344 409 4401 abrbitramur
427 4345 518 4410 enirn,
539 4345 563 4400 si
577 4344 629 4400 fuit
641 4346 781 4415 quidpiam
802 4354 866 4402 anto
887 4346 996 4404 institu-
1045 4356 1140 4396 amum.
1170 4340 1272 4413 illisit
1293 4351 1357 4398 lunc
1371 4342 1507 4398 nammis
1529 4342 1578 4399 ⁰⁰³
1607 4353 1665 4411 ⁰⁸1»
1690 4345 1836 4401 i‘liteini-

208 4435 309 4490 tionem
321 4433 458 4491 sensibilis
471 4432 552 4504 hujus
561 4440 589 4488 et
599 4432 786 4504 corruptibilis
804 4432 910 4499 mundi,
933 4450 995 4505 pro
1046 4440 1089 4487 tas
1117 4431 1293 4488 sublevantis.
1320 4431 1397 4490 Unde
1411 4448 1470 4499 cos,
1492 4434 1539 4504 qui
1564 4434 1655 4490 Deum
1684 4435 1787 4503 dieunt,
1810 4434 1834 4491 ia

209 4525 281 4581 fecto
293 4525 320 4581 in
334 4524 393 4581 iuoo
409 4524 468 4579 fuit.
491 4523 585 4596 licque
599 4525 672 4580 onim
696 4525 812 4596 dignitas
835 4526 992 4598 angelorum
1007 4505 1091 4578 1iiiia
1105 4522 1396 4593 quupuebeatitudiuis
1417 4524 1526 4596 regione
1544 4524 1572 4579 in
1586 4524 1718 4583 claritate
1731 4526 1833 4599 quidun

209 4631 259 4672 uec
267 4616 387 4672 omnium
395 4614 548 4671 coelestium
556 4615 669 4682 militiae,
680 4614 721 4671 vel
735 4615 800 4688 quid
811 4625 855 4673 est
869 4619 993 4675 uomina·
1045 4628 1095 4668 suti
1120 4613 1250 4683 conspici.
1275 4614 1323 4669 ιιι
1346 4614 1483 4670 innatum
1508 4616 1620 4673 mininie
1636 4619 1727 4675 videri
1748 4598 1832 4690 pontt.

209 4716 264 4761 ιιιιιι
279 4712 326 4761 aut
341 4705 564 4777 inconspellabilc,
580 4714 627 4760 aut
646 4705 736 4776 aliqua
750 4707 919 4764 rationabilis
935 4709 991 4765 vir·
1046 4703 1135 4759 minor
1155 4704 1338 4775 inquisitionis
1358 4704 1492 4761 subtilitas
1503 4704 1609 4763 fefellit.
1640 4708 1692 4767 lsti
1710 4710 1834 4767 umnec

209 4807 253 4854 tus
276 4796 317 4853 vel
332 4797 499 4853 ministrator
522 4797 634 4868 spiritus
652 4798 750 4869 degere
765 4807 858 4869 posset
876 4799 904 4854 in
918 4807 993 4857 tonc-
1046 4795 1156 4865 angelos
1166 4795 1341 4866 suspicantur
1360 4796 1452 4854 videre
1468 4796 1564 4863 lienam
1599 4798 1700 4871 Neque
1715 4798 1833 4857 minii

209 4888 284 4953 bris,
298 4887 346 4943 sed
361 4888 387 4942 ιιι
403 4887 462 4942 lucc
484 4896 513 4943 ct
535 4887 627 4943 laetitia
641 4889 781 4945 deccutcm
796 4890 846 4946 sibi
870 4891 992 4947 babitum
1045 4884 1161 4955 simplici
1177 4893 1206 4941 el
1220 4884 1431 4942 incommutabili
1451 4887 1578 4944 esseutiae
1594 4889 1672 4946 aliud
1697 4901 1742 4948 cst
1764 4888 1833 4947 clari·

207 4977 363 5048 presidebat
374 4991 398 5033 ¹.
415 4998 425 5031 ι
444 4978 516 5034 Beue
528 4994 593 5049 ergo
611 4979 711 5035 dictum
735 4990 798 5037 est:
821 4981 855 5036 fn
866 4983 993 5054 principio
1046 4983 1097 5041 1³⁵.
1125 4974 1199 5031 iliud
1210 4984 1316 5043 nalum,
1334 4977 1382 5033 sed
1394 4978 1450 5048 ipsu
1465 4988 1562 5035 natura
1576 4996 1626 5036 sua
1639 4982 1765 5049 claritas,
1784 4985 1833 5054 iiis²

209 5066 279 5121 Dens
292 5065 352 5136 fecit
367 5066 459 5122 coefnm
477 5077 502 5122 et
525 5077 622 5123 terram
637 5067 714 5140 (Gen.
731 5087 757 5136 ι,
778 5071 815 5142 l).
842 5071 878 5128 Ut
900 5080 994 5142 aperte
1044 5066 1155 5123 claritas
1166 5060 1323 5135 naturaie,
1339 5068 1409 5124 sicut
1421 5070 1528 5127 Veritas
1549 5072 1711 5142 promittit:
1728 5074 1832 5143 Mariis*

207 5153 288 5209 detur
303 5154 413 5227 intelligi
425 5197 433 5222 ,
446 5157 509 5227 quia
529 5164 674 5227 utrumque
688 5158 768 5215 simul
791 5161 826 5215 ab
838 5174 871 5216 co
892 5161 994 5217 factum
1044 5157 1119 5213 ttobo
1129 5174 1169 5212 nte
1179 5156 1219 5213 iffi
1233 5156 1324 5228 (loon.
1339 5173 1394 5224 ιιι,
1413 5157 1470 5232 tt).
1502 5159 1542 5216 Ac
1554 5160 1579 5216 si
1595 5173 1728 5232 patenter
1748 5164 1832 5221 dicat:

206 5254 266 5309 cst,
282 5247 407 5317 quaanvis
420 5255 565 5319 utrumque
586 5247 664 5305 sinaul
686 5249 720 5305 ab
742 5250 853 5307 bonaine
865 5252 919 5308 dici
939 5267 995 5309 non
1045 5247 1097 5315 Qui
1111 5248 1139 5304 ili
1155 5255 1245 5304 veslit
1262 5249 1438 5316 ffltoessiiiis.
1461 5258 1587 5307 residui
1608 5252 1639 5308 iu
1659 5270 1720 5311 mea
1739 5270 1781 5311 ute
1794 5269 1833 5309 nt·

207 5337 304 5408 possit.
327 5339 399 5396 Dicit
421 5342 495 5396 euim
519 5340 766 5412 psalmographus:
788 5341 868 5397 initio
883 5354 922 5408 tv,
940 5342 995 5399 Do·
1046 5350 1107 5394 tura
1120 5339 1243 5395 videatis.

211 5430 292 5494 utinm,
310 5439 408 5485 tetrum
423 5431 539 5501 invadenti
563 5429 657 5505 (Posi.
681 5448 723 5498 ct,
746 5430 812 5504 26).
826 5432 933 5504 Moyses
948 5450 996 5490 au·
1082 5425 1149 5483 xii.
1170 5427 1241 5499 Ergo
1254 5428 1360 5485 eumad
1373 5428 1460 5499 ipsunt
1473 5428 1575 5487 loatteut
1592 5432 1656 5489 vita:
1677 5435 1831 5490 venetianus.

209 5524 263 5570 uffan
280 5535 288 5574 ι
304 5518 334 5575 fn
351 5523 477 5593 principis
494 5522 553 5592 [crit
577 5521 762 5576 Dcvtaeminrn.
790 5522 865 5580 Unde
892 5524 994 5593 liquido
1046 5519 1181 5574 tuituobis
1194 5518 1387 5574 delectabiliter
1402 5521 1530 5591 impressa
1542 5521 1603 5578 sitis
1616 5535 1700 5597 attvpuc
1711 5526 1831 5581 satietas:

208 5605 352 5676 uitiligitur,
380 5612 443 5679 quia
470 5612 573 5666 fautum
588 5613 728 5682 utriusque
755 5614 858 5681 paritet·
887 5614 993 5684 expieta
1046 5612 1091 5665 sod
1119 5611 1195 5681 inuans
1217 5613 1293 5668 :abest
1325 5615 1396 5668 :asili
1415 5617 1571 5677 uictumuias,
1591 5617 1672 5690 inunge
1690 5620 1833 5675 asaneus

235 5722 387 5796 ¹'Il.'t.u'it'us·,
405 5726 483 5784 iloni.
501 5727 517 5783 '2
533 5728 560 5784 iu
573 5724 768 5791 tinniensem,
782 5727 926 5797 pandonem
940 5728 1064 5783 rinadium.
1083 5727 1157 5781 'fem
1180 5727 1292 5798 lllpevn,
1313 5745 1372 5801 pag.
1392 5729 1420 5783 fi
