3780 6120
128 242 196 298 leto
531 245 604 302 DPP.
626 245 827 304 SUPPOSle.
846 276 879 284 -
898 244 960 298 lolli.
982 245 1025 300 DE
1044 243 1166 300 DlVlNlS
1185 244 1336 302 cistelle.
1678 249 1746 306 letto

125 360 194 415 mam
206 374 213 412 ε
224 359 285 421 Aue,
299 359 384 428 pratia
396 358 482 429 plena,
493 359 619 414 Dominus
631 358 797 430 teeamlbuc.
812 357 885 428 nae)
900 376 905 408 z
925 361 946 414 ll
961 357 1037 410 tiam.
1053 356 1135 410 Amen
1152 372 1216 412 uero
1232 356 1454 413 conllrmatioest
1467 356 1598 414 orationis
1609 374 1625 414 a
1638 363 1745 430 populo.

125 457 154 503 et
174 448 243 502 sicut
262 446 296 500 ad
319 444 471 501 Gedeonem
495 448 620 502 similiter
636 446 746 515 angelus
768 445 910 501 salutando
959 445 1154 514 interpretatur
1174 448 1256 512 errim,
1282 461 1361 511 uere,
1383 447 1440 501 sive
1466 447 1591 514 lideiiter,
1618 459 1746 521 tanquam

125 537 194 592 dixit
210 555 216 589 :
233 535 360 590 Dominus
373 546 467 598 teeunn,
480 537 594 589 uirorum
605 535 744 604 fortissime
756 533 855 604 (lodic.
870 547 908 595 ιι,
960 536 1124 607 respondens
1138 537 1250 607 populus
1272 537 1344 592 dicat
1356 553 1363 591 :
1375 539 1446 594 Vere
1464 539 1501 593 ita
1525 539 1640 596 lideliter
1659 544 1748 598 credi-

127 627 170 698 li)
185 642 192 679 :
210 625 358 691 pluraliter,
371 627 441 680 sicut
456 626 483 679 in
499 624 567 679 libro
581 625 654 677 liutla
667 623 766 693 legitur
779 622 849 675 Boou
864 635 908 676 sa·
960 628 1100 682 mussieut
1111 627 1188 692 dicis,
1203 627 1300 682 Filium
1315 630 1439 685 videlieet
1451 631 1498 686 Dei
1513 640 1575 687 ante
1592 633 1682 688 omnia
1698 651 1746 690 aa·

126 719 236 773 lntando
247 718 347 773 dixisse
363 718 528 772 messoribus
542 716 617 771 suis:
638 714 765 769 Dominus
780 713 910 767 uobiscum
960 720 1031 786 culn,
1046 729 1073 775 et
1085 720 1112 775 in
1132 722 1266 790 praesenti,
1282 732 1310 777 et
1323 723 1350 777 in
1363 722 1452 779 laturo
1464 741 1576 797 regnare
1587 742 1648 781 cum
1669 726 1749 783 Patre

127 808 219 879 (Ruti.
235 824 273 872 rr,
285 807 312 879 l)
329 825 335 861 :
351 817 379 862 ct
392 809 462 862 sicut
474 808 500 862 in
514 806 739 874 Paralipomenon
750 805 910 875 prophetas
960 817 987 865 et
1008 809 1110 880 Spiritu
1131 820 1234 877 sancto,
1261 822 1289 868 et
1314 828 1427 884 regnum
1450 830 1482 870 ac
1505 824 1668 886 patestatem
1689 818 1750 890 eius

125 898 183 954 Deo
195 899 302 962 missus,
330 898 465 952 inuenitur·
491 897 622 952 salutasse
645 894 700 949 Aua
726 908 816 965 regom
842 891 910 947 inda
960 899 1033 955 nullo
1044 901 1096 954 line
1111 901 1245 956 concludi,

127 1001 191 1043 cum
212 987 332 1042 exercitu
346 1003 395 1042 suo
411 988 528 1042 uictores
550 989 583 1041 de
607 986 700 1056 praelio
719 991 883 1039 reuertentes
901 1002 907 1036 :
995 987 1097 1043 Deinde
1110 989 1231 1056 sequitur
1241 990 1318 1046 lectio
1331 994 1477 1061 apostolica
1490 1004 1552 1051 aute
1560 996 1747 1068 Erangelium,

130 1076 256 1131 Dominus
267 1078 407 1143 uobiscum,
422 1079 484 1149 guia
500 1079 656 1148 luistiseum
667 1076 779 1130 Domino
795 1074 839 1147 (ll
854 1074 909 1128 Po·
960 1092 1013 1131 non
1026 1091 1107 1131 causa
1131 1076 1284 1147 dignitatiS,
1306 1082 1353 1136 sed
1376 1085 1409 1137 ad
1429 1098 1530 1138 morem
1557 1088 1747 1156 apostolorum,

127 1170 179 1226 rai.
195 1187 240 1234 xv,
253 1170 291 1240 ι).
312 1171 432 1226 Ecclesia
455 1184 519 1242 ergo
545 1179 599 1225 tam
626 1170 726 1225 salubri
751 1169 911 1224 salutatione
961 1166 1082 1236 quiante
1106 1168 1248 1223 Dominum
1270 1171 1356 1238 ibant,
1377 1173 1446 1228 sicut
1461 1187 1552 1230 narrat
1566 1177 1748 1248 Evangelium,

128 1261 275 1315 sacerdotis
295 1270 423 1330 accepta,
450 1269 478 1316 ct
501 1261 558 1329 ipsa
586 1261 757 1316 resalutando
784 1267 864 1324 orat,
884 1266 911 1313 et
960 1272 1029 1328 quos
1041 1257 1164 1312 mittebat
1184 1258 1313 1315 Dominus
1333 1270 1394 1316 ante
1412 1278 1441 1318 se
1453 1264 1531 1319 binos
1549 1267 1674 1321 etbinos.
1691 1267 1752 1336 Epi·

127 1349 229 1404 orando
254 1349 383 1403 resalutat
404 1368 410 1402 :
435 1350 585 1420 postulans,
612 1357 643 1402 ut
668 1350 738 1404 sicut
752 1348 795 1402 ille
809 1348 912 1418 aptarit
961 1347 1029 1402 stola
1041 1356 1130 1401 autem
1144 1348 1243 1403 dieitur
1254 1353 1421 1421 suupermissa,
1436 1368 1468 1407 eo
1483 1356 1553 1423 qarod
1571 1372 1652 1426 super
1666 1357 1751 1411 Tetus

127 1435 340 1492 Dominumessc
352 1454 413 1492 curn
427 1439 502 1506 ipsis,
516 1439 553 1492 ita
566 1438 601 1492 sit
611 1446 638 1493 ct
648 1454 709 1492 cum
720 1438 790 1507 ipso,
801 1437 908 1492 diceus:
962 1434 1164 1489 Testamentum
1190 1445 1217 1490 et
1238 1439 1411 1508 Evangelium
1426 1443 1507 1496 missa
1526 1444 1571 1508 sit,
1599 1461 1651 1499 non
1669 1461 1750 1500 causa

127 1525 405 1597 dinannensium,
420 1527 446 1581 id
468 1535 520 1594 est,
541 1543 602 1583 cum
617 1529 705 1582 anima
719 1521 814 1583 tua'sit
825 1529 912 1583 omui·
962 1522 1110 1593 dignitatis,
1129 1526 1175 1579 sed
1191 1529 1356 1599 utquisque,
1370 1530 1415 1598 qui
1430 1531 1603 1602 Evangelium
1616 1533 1695 1588 luerit
1708 1535 1750 1587 in·

125 1624 224 1686 potens
234 1617 315 1682 Deus,
331 1625 362 1672 ut
382 1618 523 1689 dignepro
538 1626 630 1673 nostra
658 1617 744 1672 salute
767 1633 827 1673 eum
848 1632 912 1672 exo-
961 1630 1085 1686 gressus,
1101 1617 1138 1671 ibi
1158 1617 1276 1675 inveniat
1294 1621 1455 1675 medicinam
1478 1624 1584 1678 salutis.
1604 1623 1751 1693 Incipiente

127 1718 173 1760 res
188 1715 235 1761 :et
247 1723 300 1761 non
316 1707 390 1772 dicit,
401 1707 504 1773 Tecum,
519 1709 643 1773 scd,cum
655 1709 748 1779 spiritu
761 1719 815 1773 tao,
831 1717 859 1762 ιιι
869 1706 909 1762 ol·
925 1693 1050 1760 Baetem
1068 1707 1232 1764 subdiacono
1249 1710 1424 1780 apostolicam
1438 1711 1597 1776 lectionem,
1612 1726 1690 1767 uerso
1705 1728 1752 1766 or·
1783 1712 1789 1755 1

91 1812 99 1825 ·
128 1793 220 1849 licium
238 1795 443 1849 subsecuturum
459 1796 617 1866 spiritaliter
631 1804 717 1851 totum
733 1795 790 1851 lieri
815 1796 912 1850 intelli·
963 1798 1104 1854 dineeerei
1128 1800 1328 1857 transferuntur
1346 1802 1379 1856 ab
1401 1803 1506 1857 oriente
1529 1803 1555 1857 in
1573 1802 1751 1866 occidentem,

127 1893 217 1956 gatar.
243 1886 277 1940 Et
297 1886 365 1940 bene
379 1885 508 1941 Dominus
522 1902 584 1941 cum
599 1887 695 1957 spiritu
718 1886 835 1941 bominis
852 1899 913 1940 esse
960 1891 1212 1959 uldemonstretnr,
1234 1909 1283 1965 per
1307 1909 1401 1950 rocem
1416 1901 1443 1948 et
1463 1908 1512 1963 pcr
1533 1894 1752 1963 pradicationem

126 1975 321 2046 optatur,quia
334 1976 361 2028 in
375 1976 470 2045 spiritu
496 1983 524 2031 et
546 1984 635 2031 mente
657 1977 782 2031 rationali
804 1984 912 2030 creatus
961 1981 1144 2050 apostolorum
1167 1991 1253 2039 totum
1270 1984 1399 2038 mundum
1424 1983 1511 2054 gratia
1533 1982 1593 2038 lirici
1618 1984 1752 2038 illumina-

126 2073 171 2121 ιιι
189 2065 269 2121 bomo
282 2066 316 2121 ad
330 2066 472 2134 imaginem
489 2074 516 2120 et
539 2067 741 2122 similitudinem
757 2067 815 2133 Dei,
832 2073 860 2122 ct
874 2066 911 2121 ibi
962 2076 1031 2135 tum,
1056 2086 1110 2127 non
1137 2073 1224 2129 solum
1246 2091 1261 2127 a
1283 2074 1394 2128 meridie
1417 2074 1444 2128 ln
1468 2075 1689 2143 septentrionem,
1705 2075 1752 2129 sed

127 2163 171 2213 est
184 2171 269 2226 capax
284 2155 380 2210 diuinae
392 2156 485 2225 gratiae
498 2165 526 2210 et
538 2156 750 2212 illuminationis.
962 2160 1043 2214 etiam
1058 2160 1092 2214 ab
1105 2162 1209 2216 oriente
1224 2161 1251 2216 in
1262 2163 1440 2217 occidentem.
1455 2162 1568 2217 Nomine
1582 2165 1653 2218 enirn
1665 2165 1752 2218 orien-

165 2248 220 2305 Scd
237 2257 264 2303 et
278 2248 322 2301 illa
337 2247 462 2302 salutatio
475 2248 634 2318 episcopalis
648 2249 680 2303 ad
691 2248 834 2320 populum,
860 2264 913 2319 qua
964 2249 998 2303 tis
1013 2257 1041 2304 et
1054 2249 1218 2315 occidentis,
1234 2251 1324 2305 omnia
1338 2251 1446 2305 climata
1461 2252 1554 2306 arnadi
1574 2254 1752 2322 comproben-

129 2338 247 2395 dicitur:
264 2336 324 2391 Pac
334 2339 473 2404 uobiscum,
485 2341 541 2394 siue
557 2339 616 2394 Pac
630 2341 711 2403 uobis,
723 2339 847 2394 similiter
861 2355 914 2393 non
964 2341 1072 2408 duntur,
1094 2350 1121 2397 et
1133 2345 1205 2413 quod
1220 2351 1259 2398 tot
1278 2343 1372 2398 dicbus
1389 2342 1427 2398 sol
1445 2359 1493 2398 sna
1512 2344 1655 2413 presentia
1674 2360 1705 2399 ca
1720 2344 1754 2397 il-

130 2431 249 2484 bnmano
263 2444 344 2484 sensu
371 2430 498 2495 inventa,
526 2431 572 2485 sed
587 2430 619 2485 de
641 2429 788 2500 Scripturas
813 2440 915 2487 sancta,¹
963 2430 1069 2496 lustret,
1096 2433 1166 2487 sicut
1185 2433 1239 2488 ibi:
1258 2432 1368 2487 Venient
1393 2432 1426 2486 ab
1449 2434 1549 2488 omento
1572 2443 1595 2488 et
1623 2434 1755 2489 occidente

131 2521 294 2577 auctoritate
305 2528 411 2590 sumpta
422 2520 547 2576 cst.Nnm
558 2531 585 2576 ct
598 2522 625 2576 in
640 2523 730 2577 Toleni
743 2522 915 2578 Testamenta
966 2521 1041 2594 (Lae.
1057 2540 1115 2591 xrrr,
1129 2523 1186 2596 ιιι).

130 2609 270 2669 iuvenitur
287 2611 387 2668 dixisse
406 2612 516 2682 angelus
541 2611 643 2667 Danieli
665 2614 827 2683 prophetae:
851 2612 915 2669 Noli
999 2611 1174 2668 Postmodum
1188 2622 1313 2669 cantatur
1326 2615 1537 2685 responsorium,
1557 2614 1669 2679 dictum,
1684 2614 1755 2684 quod

127 2702 492 2771 teneraemondensium
505 2704 812 2774 :possitaeonlonare
828 2714 852 2760 et
862 2715 916 2760 esto
965 2702 1080 2771 acapite
1096 2710 1244 2772 repetatur.
1267 2702 1369 2758 Deinde
1391 2710 1517 2758 cantatur
1538 2701 1662 2769 Alleluia,
1683 2703 1755 2771 quod

130 2791 255 2847 ιοιιιιιιιι
270 2791 351 2865 (Dan.
367 2806 394 2858 x,
410 2790 466 2864 le).
479 2792 512 2847 Et
527 2793 555 2846 lu
567 2792 652 2857 Novo,
666 2793 693 2849 id
707 2802 759 2860 est,
780 2795 808 2850 in
827 2795 917 2850 Evan-
966 2801 1000 2843 ex
1010 2787 1123 2844 bebrua
1138 2790 1165 2844 iu
1179 2789 1305 2844 Latmum
1317 2790 1520 2860 interpretatum
1532 2797 1619 2854 sonat,
1633 2786 1752 2843 Laudato

126 2882 214 2956 gello,
228 2895 298 2954 pene
312 2897 419 2952 semper
445 2883 483 2936 ita
509 2882 607 2953 legitur
630 2882 758 2939 Dominus
781 2883 917 2954 apostolos
966 2876 1068 2947 Deum;
1088 2898 1151 2937 nam
1171 2881 1295 2947 Alleluia,
1319 2881 1428 2947 dicitur,
1450 2878 1575 2934 laudate:
1591 2876 1634 2944 la,
1659 2892 1758 2932 nonren

132 2971 267 3029 ιιιιιιιιιιιι
275 2971 390 3027 diceudo
405 2989 411 3025 :
429 2969 489 3026 Pax
513 2972 593 3039 uobis,
615 2980 643 3028 et
663 2973 765 3029 eisdem
788 2974 917 3045 apostolis
967 2968 1015 3026 Dei
1029 2978 1080 3035 est,
1095 2986 1178 3025 unum
1189 2984 1222 3025 ex
1237 2970 1330 3026 decem
1349 2970 1514 3034 nominibus,
1535 2968 1634 3039 acribus
1647 2976 1758 3022 uocatur

127 3060 560 3121 eamdansalumaanistormam
572 3062 785 3128 commendavit,
800 3063 915 3118 dicens:
968 3060 1040 3117 Deus
1062 3063 1132 3132 apud
1153 3061 1290 3117 liebraeos.
1320 3060 1436 3116 Alleluia
1465 3068 1565 3124 autem,
1589 3061 1706 3130 primum
1731 3060 1758 3114 in

133 3149 170 3209 De
184 3168 365 3222 quameunque
393 3152 523 3205 ciuitatem
549 3159 594 3204 aut
613 3151 720 3206 domum
737 3152 918 3218 inueneritis,
967 3153 1043 3208 Novo
1054 3154 1227 3209 Testamenta
1239 3152 1359 3206 additum
1374 3159 1425 3217 est,
1440 3152 1544 3206 dicente
1565 3149 1688 3205 ioanne:
1704 3149 1759 3203 Aa·

133 3241 334 3306 adoreneum,
353 3240 469 3295 dicentes
488 3257 497 3294 .·
518 3238 578 3294 Pac
591 3240 652 3294 lauic
664 3240 753 3295 domui
764 3239 873 3312 (Multis.
889 3258 918 3307 x,
969 3243 1022 3298 diui
1042 3259 1129 3297 uocem
1147 3244 1176 3297 in
1190 3241 1254 3296 coelo
1276 3241 1417 3296 dicentium
1430 3254 1439 3291 .·
1452 3239 1565 3296 Alleluia
1582 3240 1684 3311 (elnac.
1700 3255 1758 3307 xrs,

134 3331 191 3402 li).
211 3330 307 3386 blerito
316 3345 382 3402 ergo
393 3337 421 3386 et
433 3330 619 3401 apostolorum
630 3329 713 3402 499
727 3345 918 3398 successores,
969 3330 1021 3402 li),
1035 3339 1062 3388 et
1074 3333 1137 3402 quia
1150 3333 1202 3388 bac
1221 3346 1287 3386 uoce
1301 3330 1417 3402 Angelos
1428 3329 1455 3384 in
1468 3328 1537 3385 coelo
1549 3329 1633 3385 ιιιιιιιι
1648 3327 1760 3384 laudare

130 3423 162 3480 id
175 3431 218 3478 cst
232 3423 412 3478 Ecclesiamm
425 3423 572 3493 presules,
600 3422 652 3477 hac
666 3422 828 3478 salutatione
838 3430 921 3478 utno-
970 3424 1151 3495 eognovimus,
1175 3421 1330 3490 hujusmodi
1351 3435 1417 3476 uoce
1443 3418 1603 3474 laudationis
1625 3418 1759 3473 creditum

131 3510 313 3576 tur,domum
339 3511 387 3565 Dei
405 3511 563 3576 salutantes,
579 3511 924 3581 ubinmnesoportetlilios
970 3522 1012 3569 est
1027 3514 1111 3567 Deum
1130 3511 1267 3567 delectari.
1296 3509 1353 3564 lloc
1367 3524 1474 3580 quaeque
1497 3510 1557 3564 ideo
1576 3509 1713 3572 canimus,
1729 3515 1760 3560 ut

130 3616 195 3659 esse
213 3602 308 3673 pacis,
327 3609 357 3654 ut
375 3600 503 3654 salutatio
529 3600 604 3668 pacis
634 3615 716 3669 super
742 3616 789 3656 eos
816 3603 922 3671 requie·
970 3605 1094 3661 eumdem
1115 3604 1200 3657 Deum
1216 3618 1264 3658 nos
1279 3602 1369 3656 colere
1385 3602 1411 3655 in
1429 3608 1500 3655 terra
1515 3601 1699 3660 ostendamus,
1714 3596 1761 3665 qui

135 3709 240 3759 secam,
260 3701 287 3749 et
306 3692 484 3747 salutantibus
502 3701 530 3746 ct
552 3690 676 3744 salutatis
691 3692 776 3761 possit
790 3706 850 3747 csse
866 3692 922 3746 lru·
971 3695 1053 3749 etiam
1071 3693 1171 3748 colitur
1183 3691 1217 3745 ab
1237 3691 1339 3759 angelis
1352 3691 1379 3743 in
1394 3689 1472 3752 coelo,
1488 3697 1514 3742 ct
1530 3691 1581 3742 boc
1594 3695 1656 3740 ante
1668 3685 1763 3739 iectio-

131 3790 244 3842 across.

172 3878 274 3933 Delam
288 3878 362 3942 dicit,
375 3875 496 3940 Dremus,
508 3875 626 3930 invitans
637 3889 729 3930 secum
741 3873 880 3943 populum,
894 3880 924 3928 ut
971 3882 1017 3930 tur
1027 3874 1060 3928 ab
1075 3871 1212 3934 omnibus,
1226 3868 1302 3935 cajus
1315 3867 1401 3936 gratia
1415 3866 1553 3920 salvantur
1564 3878 1668 3926 ornnes,
1682 3863 1761 3933 quasi

136 3970 218 4028 dmul
239 3977 328 4025 orent.
340 3969 507 4040 Quapropter
520 3967 630 4022 acclivis
644 3966 723 4022 debet
736 3979 795 4020 esse
812 3963 923 4036 populus
973 3965 1046 4021 dicat
1070 3979 1076 4014 :
1102 3960 1170 4027 Quoia
1191 3958 1271 4013 uerba
1293 3956 1432 4027 Evangelii
1459 3955 1573 4009 salntem
1595 3952 1763 4008 conferentia

137 4077 278 4132 usquequo
300 4060 426 4115 sacerdos
444 4059 557 4130 incipiat
579 4058 689 4112 dooere:
707 4053 761 4109 Per
775 4055 861 4109 omniu
874 4071 924 4109 sce·
973 4072 1036 4112 mox
1050 4051 1170 4108 audituri
1182 4049 1259 4114 estis,
1279 4048 1386 4103 laudate
1404 4047 1556 4110 Dominum,
1574 4043 1651 4113 cujus
1663 4043 1765 4099 beneti-

138 4149 200 4207 csla
213 4151 378 4206 seculorum.
399 4148 527 4219 Sequitur
542 4146 668 4211 Collecta,
691 4159 751 4215 apua}
769 4144 840 4200 dicta
856 4151 923 4198 csta
974 4149 1017 4204 cia
1031 4147 1101 4201 hanc
1114 4143 1230 4215 gratiam
1240 4141 1379 4211 percipere
1392 4138 1540 4194 meruistis.

138 4241 308 4305 collectione,
328 4240 443 4310 eoquod
464 4253 498 4293 ex
514 4234 838 4293 auctoritatedivinarum
853 4233 925 4289 Scri·
1010 4237 1137 4293 Defertur
1150 4232 1321 4303 evangelium
1344 4232 1377 4286 ad
1399 4229 1564 4300 analogium,
1588 4225 1765 4296 praecedenti-

138 4340 279 4403 1111111111111
303 4332 357 4386 sint
377 4329 498 4393 00111111,
524 4343 584 4399 111111
597 4327 623 4380 111
645 4325 766 4381 Ecclesia
788 4326 922 4397 leguntur,
974 4330 1025 4386 bus
1045 4327 1150 4384 cereis:
1166 4331 1197 4379 ut
1210 4322 1369 4378 ostendatur
1381 4320 1469 4392 gratia
1487 4317 1570 4387 ipsius
1590 4313 1718 4370 mundum
1732 4313 1765 4366 il-

139 4421 211 4478 1111111
231 4431 273 4477 est
291 4421 335 4476 illa
353 4420 486 4476 (1111111118
503 4418 608 4489 euellit
626 4415 669 4471 vel
693 4416 765 4487 1111011
786 4415 924 4469 1111111111
975 4420 1146 4478 luminatum.
1169 4416 1257 4474 Verba
1271 4413 1411 4484 Evangelii
1435 4411 1514 4466 levita
1532 4407 1764 4479 pronuntiaturus,

138 4511 374 4568 ⁸01ffl0ssib¹¹⁸⁸ffl³
394 4511 536 4580 colligatur
554 4507 656 4572 ⁰f³¹i⁰i
673 4507 754 4562 111θῖ
769 4505 924 4561 «1111011010
976 4521 1071 4570 contra
1083 4508 1297 4581 septentrionem
1308 4504 1404 4559 laciem
1418 4500 1511 4564 rcrtit,
1523 4505 1553 4552 nt
1565 4495 1687 4552 ostendat
1700 4495 1768 4549 Ver-

972 3800 1033 3840 ncm
1048 3784 1259 3854 euangelicama
1276 3789 1387 3835 cantore
1407 3777 1603 3846 interponitur,
1624 3783 1654 3828 ιιι
1668 3774 1760 3829 laude·

137 4603 183 4659 rel
196 4604 324 4659 societate
338 4602 436 4656 dicitur
456 4597 556 4670 populi,
573 4598 619 4668 qui
640 4605 705 4652 tunc
727 4598 754 4652 in
767 4611 849 4649 unum
860 4608 924 4648 eon-

137 4710 252 4752 currens
266 4694 409 4765 colligitur.
436 4691 497 4745 ldco
511 4698 601 4743 autem
623 4689 650 4743 ia
662 4688 786 4743 nomnibus
804 4684 924 4740 collectis

138 4786 339 4856 interponitur,
364 4781 417 4836 Per
439 4781 580 4834 Dominum
601 4789 717 4833 nostrum
738 4775 830 4829 desum
848 4772 924 4828 Clari-

137 4889 218 4939 stunr‚
232 4885 298 4940 cte,
311 4883 341 4929 ut
350 4888 429 4929 ornae
440 4871 511 4941 aaron
524 4870 604 4924 datur
618 4884 633 4923 a
645 4869 735 4931 Patre,
747 4864 925 4935 intelligamus

137 4985 188 5042 per
199 4969 297 5023 Filium
309 4969 368 5037 ejus
380 4980 429 5019 nos
440 4963 570 5033 accipere,
585 4959 660 5029 cujus
668 4956 811 5013 baereditas
822 4971 924 5011 sumus.

138 5062 193 5118 Per
206 5061 291 5133 ipsum
307 5074 370 5130 ergo
382 5057 498 5112 bostiam
518 5054 605 5109 laudis
618 5057 698 5121 aigne
711 5049 843 5104 orationis
862 5045 925 5103 olie-

139 5154 236 5217 rimus‚
254 5151 300 5221 qui
321 5165 370 5219 per
388 5154 503 5202 mortem
526 5144 609 5214 ipsius
631 5138 797 5196 reconciliati
822 5151 924 5200 sumus,

138 5259 202 5299 cum
216 5240 317 5296 inimici
328 5253 457 5294 essemus.
481 5235 577 5290 Dicens
588 5247 653 5287 uero
663 5229 788 5286 sacerdos
802 5245 808 5280 :
824 5227 875 5293 Qui
890 5238 927 5281 te·

138 5349 200 5389 cum
215 5333 275 5385 uiuit
293 5341 316 5385 et
328 5337 430 5400 regnat,
445 5328 570 5382 admonet
580 5323 723 5395 populum,
738 5327 768 5374 ut
780 5319 873 5375 eredat
884 5317 928 5372 Ti-

975 4605 1040 4661 bum
1054 4602 1102 4657 Dei
1128 4608 1156 4656 et
1171 4596 1405 4653 annuntiationem
1431 4590 1549 4660 Spiritus
1567 4587 1653 4642 sancti
1672 4593 1767 4641 contra

976 4709 1038 4751 cum
1062 4692 1154 4762 dirigi,
1170 4691 1217 4759 qui
1240 4701 1348 4756 semper
1363 4681 1474 4752 Spiritui
1497 4687 1591 4735 sancto
1613 4676 1768 4734 contrarius

976 4784 1079 4847 existit,
1094 4789 1122 4836 et
1134 4781 1161 4835 in
1172 4778 1248 4833 nullo
1258 4777 1283 4832 ei
1296 4772 1487 4830 communicat.
1503 4768 1576 4836 Quos
1590 4768 1661 4822 enim
1677 4765 1768 4836 Spiri-

977 4883 1021 4928 tus
1031 4878 1151 4934 sauctus,
1166 4867 1211 4938 qui
1226 4873 1268 4921 est
1281 4865 1361 4929 Deus,
1377 4862 1410 4916 ad
1423 4859 1503 4914 tidem
1519 4857 1645 4928 colligere
1658 4855 1766 4910 deside·

976 4971 1027 5028 rat,
1046 4959 1168 5016 diabolus
1182 4959 1335 5028 dispergere
1348 4955 1382 5011 ab
1396 4953 1499 5008 unitate
1513 4947 1641 5005 Ecclesiae
1656 4957 1684 5001 et
1699 4946 1768 5000 inlc-

976 5051 1075 5124 gritate
1096 5047 1158 5103 fidei
1183 5046 1296 5101 laborat.
1313 5042 1390 5099 Sicut
1407 5040 1479 5096 enim
1500 5053 1550 5109 per
1566 5045 1699 5100 austrum,
1721 5032 1769 5103 otti

975 5148 1073 5198 sentus
1088 5147 1129 5195 est
1144 5136 1262 5201 calidus,
1278 5142 1306 5190 et
1326 5133 1424 5188 leniter
1441 5129 1498 5197 ssat,
1519 5128 1636 5200 Spiritus
1658 5133 1771 5181 sanctus

977 5229 1143 5299 designatur,
1168 5226 1214 5295 qui
1232 5224 1314 5280 corda
1333 5237 1394 5293 quse
1411 5219 1506 5291 tangit,
1531 5218 1564 5273 ad
1584 5230 1704 5272 amorem
1729 5214 1769 5270 di·

976 5320 1104 5376 lectionis
1116 5315 1264 5372 inflammat
1279 5331 1286 5369 :
1300 5315 1375 5369 itaet
1387 5309 1610 5383 peraquilonem,
1624 5307 1670 5378 qui
1684 5306 1769 5361 durus

114 5425 208 5482 ·lium
228 5423 275 5477 Dei
294 5423 385 5478 rivere
404 5427 432 5475 et
452 5432 563 5488 regnare
587 5428 694 5485 semper
716 5412 775 5467 sine
791 5411 870 5465 initio
900 5418 929 5465 ct
976 5415 1005 5464 et
1023 5406 1136 5478 frigidus
1160 5412 1213 5470 est,
1239 5402 1362 5458 diabolus
1379 5399 1548 5468 intelligitur,
1562 5397 1609 5466 qui
1632 5410 1679 5450 eos
1700 5409 1769 5464 qaros

138 5518 200 5574 sium
209 5515 335 5579 termino,
348 5522 376 5569 et
386 5526 466 5567 naam
486 5516 649 5579 potestatem
670 5505 771 5560 babere
789 5501 930 5572 aequaliter
975 5499 1106 5572 possidet,
1122 5498 1155 5552 ab
1170 5509 1263 5550 amore
1278 5493 1420 5550 charitatis
1439 5499 1521 5560 atquc
1536 5487 1698 5553 dilectionis,
1713 5494 1770 5540 tor-

137 5606 296 5666 compatre
317 5614 344 5662 et
358 5603 459 5676 Spiritu
484 5607 592 5669 sancto,
618 5607 698 5669 atque
712 5610 792 5652 unam
805 5595 927 5652 substan·
977 5600 1073 5664 pentes
1086 5598 1114 5646 ct
1129 5587 1241 5660 lcigidos
1259 5585 1356 5644 reddit.
1376 5582 1454 5653 Quod
1466 5582 1538 5638 enim
1555 5595 1604 5653 per
1617 5577 1768 5650 aquilonem
