3780 6120
163 282 218 342 253
499 281 708 344 nodutum.
727 317 764 328 -
782 286 862 343 tot.
884 280 1086 345 sttetdutni
1101 292 1203 350 ttuttt.
1223 296 1267 351 tt.
1288 325 1324 336 -
1343 294 1407 351 ΗΒ.
1425 293 1448 352 1.’
1748 302 1801 358 stt

161 411 301 469 audon
311 409 384 466 cotta
397 409 586 483 fcctnefflehr.
598 427 649 479 τι,
661 409 716 482 idi,
731 426 810 481 quern
830 411 858 465 in
878 411 954 479 prin·
969 407 994 466 Α
1007 408 1150 469 lerohoam
1168 429 1216 469 rex
1231 431 1247 470 a
1260 417 1318 471 reri
1341 417 1389 473 liei
1403 417 1477 474 cultu
1500 419 1631 476 recedens
1643 435 1728 476 noros
1749 422 1801 479 sihi

160 507 233 578 cipio
252 517 361 577 quoque
381 503 500 574 eiusdem
522 505 650 576 Epistola
672 505 774 576 angelis
785 503 868 575 883
883 519 954 573 prae-
1006 502 1084 558 tinxit
1098 506 1178 572 deos,
1194 516 1224 562 ut
1244 508 1365 578 perditus
1379 509 1530 579 subiectum
1543 512 1595 566 sihi
1611 512 1737 581 perderet
1749 527 1800 583 po·

160 597 233 654 ierre
248 614 303 654 non
317 597 470 652 dubitarit:
488 596 572 652 Tanto
586 598 654 652 euim
669 597 769 662 melior,
787 598 838 662 ait,
855 597 954 668 capelia
1004 592 1112 663 pnlum;
1130 595 1164 650 de
1175 611 1229 665 quo
1242 598 1327 653 multo
1341 607 1403 655 ante
1418 600 1579 670 predictum
1590 612 1633 657 est
1646 602 1672 656 in
1684 600 1799 660 Cantieo

159 693 278 762 effeetus,
293 701 393 763 pacato
407 691 570 761 differentius
589 708 644 762 pre
663 691 714 746 iilis
735 707 827 745 nomen
843 689 955 743 irrrredi-
1006 684 1206 740 Deuteronomii
1231 705 1237 739 ε
1258 688 1404 760 llereliqeit
1419 690 1505 744 Deam
1521 691 1647 760 [actorem
1666 709 1754 758 ruent,
1775 703 1800 750 et

159 783 234 837 terit.
261 780 313 837 Cati
332 783 403 836 enim
422 783 489 836 diae
511 781 663 853 repriorans
685 782 847 852 aliquando:
867 780 891 833 F
893 781 953 834 ilias
1005 776 1200 831 recettt'laflto
1212 777 1325 832 wlmari
1339 797 1386 833 ⁸¹⁴⁰
1403 781 1491 852 (Beth
1507 781 1668 854 1¹¹1¹2¹6)t
1684 785 1724 839 sie
1738 793 1799 840 tua

158 888 230 925 mess
245 888 273 926 es
289 881 330 937 te,
346 889 392 943 epo
405 872 481 925 leodic
495 874 572 943 penei
587 873 633 925 te?
651 873 684 926 Et
696 888 821 926 rursum:
838 871 895 943 Epo
909 889 953 925 ero
1004 880 1069 921 vero
1083 866 1138 921 Deo
1151 878 1179 923 et
1192 872 1302 940 proprio
1324 872 1389 928 Filio
1404 874 1452 928 liei
1471 875 1617 940 recedens,
1637 877 1799 946 nuncupati·

159 965 196 1018 illi
216 964 388 1028 irrPotrem,
410 975 434 1020 et
452 966 506 1036 ipse
522 967 648 1019 eritnriira'
668 962 819 1019 inFiiirtm.
845 965 953 1018 Etcum
1003 972 1066 1011 turn
1093 958 1177 1013 Deum
1197 962 1393 1031 etadoptivnrn
1420 963 1503 1020 silium
1527 967 1726 1038 redemptorem
1748 966 1797 1023 tihi

158 1059 254 1111 iterum
264 1056 410 1110 introducit
421 1056 621 1127 primopem'tam
636 1057 663 1109 in
676 1056 762 1110 oriem
774 1066 861 1121 terre,
872 1056 952 1109 dicit:
1004 1047 1092 1118 strigis,
1116 1064 1195 1117 ‘tuctu
1211 1067 1264 1105 nott
1286 1062 1418 1107 not'eruat
1443 1063 1534 1124 patres
1548 1057 1644 1110 nostri.
1669 1056 1709 1110 Tu
1732 1072 1798 1111 rere

158 1146 191 1202 Et
211 1148 326 1202 adop-em
346 1163 407 1202 eum
428 1163 515 1200 omnes
536 1146 621 1217 ampeli
637 1146 684 1200 Dei
699 1145 791 1216 (Heln,
806 1162 828 1212 1,
842 1145 859 1198 d,
873 1144 951 1216 gerh),
1003 1134 1088 1190 Deum
1100 1140 1146 1207 qui
1165 1147 1192 1193 le
1204 1141 1340 1206 liberal'il,
1352 1143 1531 1212 dereliquisti,
1548 1153 1575 1199 el·
1588 1144 1688 1200 oblitus
1704 1146 1796 1201 651)ΰί

157 1237 194 1292 Ιὴ
213 1252 249 1293 00
271 1238 346 1292 enim
367 1236 450 1292 dicit:
466 1234 639 1292 Ir'r'lp'ugmgpg
654 1246 734 1301 esur,
751 1237 852 1306 dequo
868 1237 895 1289 in
911 1251 953 1291 se.
1003 1225 1252 1297 liederuptoristui.
1270 1230 1297 1284 ln
1312 1230 1380 1286 libio
1391 1231 1454 1287 lesu
1466 1232 1511 1287 filli
1528 1232 1607 1288 sirac
1618 1234 1674 1288 haee
1685 1234 1796 1303 pl'aeftlltl

156 1329 251 1400 quenti
271 1329 409 1384 versiculo
427 1329 547 1393 addidit,
571 1330 641 1384 sicui
661 1337 689 1383 tu
712 1328 768 1398 ipse
789 1329 869 1397 panto
889 1337 951 1383 anie
1002 1318 1136 1372 sententia
1161 1318 1268 1390 legitur,
1291 1336 1371 1390 quern
1394 1322 1492 1376 liltrum
1508 1323 1603 1377 heatus
1617 1321 1797 1394 Hieronymus

155 1420 312 1491 protulisti:
331 1418 393 1474 Pete
407 1437 484 1484 erne,
497 1430 522 1474 rt
534 1420 601 1474 doio
615 1419 660 1473 tili
673 1427 760 1490 pentes
773 1418 950 1474 hereditatem
1002 1423 1082 1483 atque
1092 1416 1211 1472 isidorus
1225 1418 1296 1472 inter
1309 1418 1489 1488 apocryphas,
1507 1419 1533 1472 hl
1546 1427 1598 1482 est,
1613 1418 1711 1473 dubias
1722 1417 1797 1474 Seri·

155 1520 230 1564 term
245 1509 333 1583 (Paci.
350 1527 381 1576 u,
394 1511 432 1583 8).
448 1510 489 1566 illi
510 1511 593 1565 dicit:
609 1509 696 1566 Filios
712 1528 783 1565 meas
806 1528 833 1565 es
855 1519 892 1576 te,
907 1509 949 1564 cui
1000 1513 1105 1575 pluras,
1125 1507 1282 1576 deputatum
1301 1523 1362 1562 esse
1386 1509 1488 1577 absque
1503 1508 1672 1562 dubitatione
1690 1516 1794 1562 testan-

154 1600 211 1656 ait:
233 1599 300 1656 Pete
316 1619 333 1655 e
349 1618 399 1667 me,
419 1611 444 1655 et
462 1601 530 1656 dato
550 1602 597 1656 riti
615 1612 712 1673 pentes.
737 1602 790 1658 Sed
809 1611 836 1657 et
854 1601 949 1657 beatus
1000 1603 1045 1648 tur
1057 1596 1082 1648 b·
1108 1595 1159 1662 Qui
1183 1598 1264 1651 etiem
1289 1597 1358 1652 liber
1379 1612 1432 1651 non
1452 1605 1573 1666 tempore
1586 1597 1793 1666 prophetarum,

153 1691 304 1762 Gregorius
316 1692 411 1748 doctor
422 1692 547 1757 eximius,
563 1700 591 1748 ct
605 1693 730 1747 ornnihus
741 1691 842 1748 Christi
855 1691 949 1747 Eccle-
1000 1686 1048 1741 sed
1065 1688 1247 1753 sacerdotum,
1262 1688 1348 1761 884
1358 1689 1409 1744 sub
1419 1690 1529 1743 Simone
1543 1689 1671 1758 pontifice
1682 1705 1792 1760 magno,

153 1779 201 1834 siis
214 1779 401 1850 acceptabilis,
424 1781 496 1835 inter
515 1788 673 1856 sanctorum
694 1791 721 1836 ct
733 1780 832 1837 Christi
850 1781 948 1836 divini·
964 1754 986 1814 B
1001 1788 1130 1850 regnante
1146 1779 1291 1836 Ptolomaeo
1307 1781 1456 1849 Srcrgete,
1470 1780 1640 1850 conscriptus
1656 1788 1700 1835 est
1716 1795 1723 1833 :
1743 1794 1795 1836 nee

153 1876 236 1923 tatem
247 1870 415 1934 disoernens,
424 1870 452 1925 in
461 1871 571 1926 homilia
582 1871 698 1942 quadani
709 1872 948 1943 superEzechielis
998 1876 1103 1924 tantum
1117 1871 1283 1939 prophetias,
1306 1869 1439 1940 quautuin
1456 1871 1572 1926 morales
1593 1870 1750 1941 disciplinas
1766 1879 1794 1926 et

152 1961 291 2030 prophetae
305 1961 421 2031 primam
437 1970 543 2031 partem
562 1963 598 2016 ita
616 1964 670 2027 ait,
684 1964 747 2018 durn
762 1965 795 2019 de
809 1979 947 2035 nuncupa·
996 1962 1090 2018 laudes
1103 1964 1242 2033 sapienti-e
1254 1962 1377 2033 prolerre
1387 1964 1514 2019 uidetur:
1529 1971 1556 2018 et
1568 1963 1665 2018 melius
1677 1962 1792 2034 intelligi

151 2053 204 2108 tis-a
215 2063 375 2111 sanctorum
390 2063 524 2126 potestate
537 2064 564 2112 et
574 2056 684 2128 propria
694 2056 794 2112 Christi
806 2058 946 2113 divinitate
995 2063 1086 2124 potest
1106 2057 1302 2127 primogenitus
1324 2058 1385 2123 iste,
1405 2059 1438 2113 de
1450 2073 1505 2127 qrro
1527 2057 1572 2113 hie
1586 2057 1664 2122 dicit,
1678 2056 1792 2127 populus

151 2144 298 2216 disputarit
307 2158 336 2199 ¹:
353 2165 362 2198 r
379 2146 465 2213 Unde,
477 2147 576 2217 inquit,
590 2147 691 2203 Paulus
704 2147 842 2217 apostolus
852 2148 946 2204 volens
995 2147 1044 2203 llei
1058 2148 1091 2202 de
1106 2147 1225 2219 AEgypto
1235 2149 1359 2214 eductus,
1372 2149 1405 2204 de
1418 2164 1471 2218 quo
1482 2149 1611 2204 Dominus
1627 2149 1660 2205 ad
1672 2147 1792 2204 Pharao-

151 2237 362 2306 nuocnpatirum
382 2236 431 2292 Ilei
449 2253 547 2293 nomen
568 2239 602 2294 ah
621 2238 758 2294 essentiali
777 2239 943 2304 discernere,
995 2254 1057 2294 nem
1070 2238 1154 2310 lloysi
1168 2238 1269 2293 iamrdo
1280 2253 1329 2294 suo
1339 2240 1496 2294 mandatum
1507 2239 1591 2303 dedit,
1605 2237 1790 2297 dicenszllec

150 2326 378 2400 deltedemptore
393 2337 487 2384 nostro
502 2328 609 2386 locutus
620 2338 677 2396 est,
693 2330 804 2386 dicens:
825 2328 943 2394 Qatoram
994 2330 1059 2384 dicit
1086 2329 1215 2384 Dominae
1240 2342 1250 2381 .·
1277 2327 1365 2384 Filiae
1384 2346 1459 2384 mear
1480 2331 1669 2400 primopenitns
1692 2327 1787 2383 lsrael.

151 2417 255 2487 Patres,
274 2429 301 2476 et
317 2438 351 2476 er
363 2421 456 2493 quibes
470 2421 590 2478 Christus
605 2423 747 2477 secundem
767 2440 883 2489 caruem,
898 2424 943 2495 qai
993 2419 1058 2473 Diri
1069 2419 1135 2472 tihi:
1150 2418 1256 2475 Dimitte
1267 2418 1353 2489 filiam
1368 2437 1454 2474 ineam
1469 2420 1680 2490 primogenitom,
1696 2429 1723 2473 at
1735 2435 1790 2473 ser-

149 2521 275 2583 estsuper
285 2512 452 2568 omniaflear
462 2514 610 2569 benedictas
620 2515 647 2569 ia
657 2513 942 2588 recelo(liom.rx,5).
993 2511 1045 2566 aiot
1059 2512 1133 2576 milri,
1151 2521 1174 2566 et
1186 2511 1292 2566 troisisti
1303 2512 1433 2567 dimittere
1447 2527 1527 2567 eum:
1549 2529 1607 2567 ecce
1626 2530 1686 2584 erpo
1707 2514 1789 2567 inter-

149 2604 198 2669 Qui
211 2604 288 2658 enim
302 2606 484 2675 nuncupative
494 2604 684 2672 dicitnrhens,
694 2607 766 2661 inter
777 2606 868 2662 omnia
883 2617 940 2675 est;
992 2600 1081 2670 ficiam
1092 2601 1178 2670 filium
1190 2611 1264 2655 ‘mim
1276 2603 1479 2672 ilfiwle’t‘i'lm
1494 2601 1593 2673 (5³⁰4
1611 2618 1648 2667 θ’,
1663 2600 1708 2665 ²22
1721 2601 1786 2672 Sil:

147 2694 191 2763 qui
203 2709 270 2749 sero
283 2695 555 2760 essentialiterueus,
567 2697 749 2765 superomnia
762 2707 812 2753 est.
830 2699 865 2755 tt
877 2716 941 2772 ergo
992 2693 1036 2747 cni
1053 2694 1223 2762 adaquatum
1238 2708 1298 2749 esse
1316 2693 1445 2764 poputum
1469 2693 1583 2749 duarum
1599 2694 1718 2748 tribuum
1732 2707 1786 2748 non

146 2784 305 2839 ostenderet
323 2783 460 2840 Christum
482 2786 644 2841 naturaliter
662 2787 768 2854 ileum,
795 2807 849 2845 non
869 2792 941 2847 hune
992 2786 1078 2842 multo
1091 2795 1154 2842 ante
1173 2789 1206 2842 de
1224 2785 1381 2856 captivitate
1399 2785 1553 2857 Babyloniae
1568 2786 1616 2841 liei
1629 2786 1786 2841 misericor·

146 2873 232 2929 Deurn
247 2879 449 2941 tantummodo,
460 2877 507 2932 sed
521 2876 605 2932 ileum
619 2894 699 2949 super
712 2881 802 2935 omnia
815 2896 874 2936 esse
887 2899 941 2937 rue-
992 2878 1035 2932 dia
1064 2879 1228 2944 deductum,
1254 2880 1304 2933 iste
1327 2878 1378 2942 sir,
1402 2879 1448 2947 qni
1470 2879 1528 2932 haec
1549 2876 1631 2948 hujus
1656 2878 1787 2933 orationis

144 2965 282 3020 rnorarit:
299 2966 363 3034 quia
376 2966 518 3024 etelectus
531 2970 652 3040 quisque,
667 2972 940 3041 sicutpraernisinrus,
991 2969 1073 3024 rerba
1095 2969 1258 3039 composuit,
1277 2968 1373 3032 toltit,
1396 2976 1425 3021 ui
1446 2969 1574 3034 tibilim,
1591 2967 1718 3036 issoellidk
1735 2983 1786 3022 ¹¹00

143 3054 186 3107 rel
198 3055 228 3109 in
240 3056 366 3127 exemplo
374 3055 487 3125 justitie
497 3061 673 3131 praerogando
685 3063 790 3131 pos'itns
802 3062 855 3118 dici
868 3064 939 3120 Dens
991 3059 1092 3128 aliquid
1103 3060 1135 3114 de
1147 3059 1266 3124 Christo,
1277 3072 1309 3118 nt
1322 3068 1434 3114 ¹¹¹1¹0V0
1447 3074 1526 3114 sensu
1541 3061 1651 3121 asserit·
1664 3060 1707 3116 ¹¹1⁸
1722 3076 1782 3115 ttr-

142 3153 246 3217 potest,
263 3147 311 3202 sed
322 3148 393 3203 inter
404 3150 504 3214 omnia,
518 3152 645 3220 quoniam
658 3153 937 3223 nuncupationem
968 3143 975 3166 ⁴
990 3150 1033 3206 his
1048 3152 1224 3220 prophetasse
1235 3160 1355 3221 putatur.

142 3236 272 3293 Christus
287 3246 377 3294 antem
397 3238 469 3295 Deus
488 3243 684 3311 superomnia,
700 3245 763 3313 quia
774 3230 940 3301 ‘naturaliter
1024 3242 1095 3296 ttlit.
1116 3241 1217 3297 Deinde
1231 3259 1307 3299 more
1322 3250 1368 3299 tuo
1381 3244 1503 3314 vagando
1515 3242 1592 3298 vadis
1606 3257 1727 3312 quaerere
1741 3250 1783 3298 te-

140 3329 249 3386 uene»
262 3329 392 3386 Eumdem
404 3334 653 3389 naturaliterlleum
664 3352 718 3391 non
729 3337 939 3393 dubitaritaiin-
990 3335 1116 3392 stimonia
1130 3351 1178 3405 per
1190 3336 1358 3391 latitudinem
1371 3345 1472 3392 sancte
1487 3336 1645 3405 snipaurae,
1661 3336 1727 3404 qnid
1743 3337 1784 3389 di·

141 3433 321 3490 meseonem
334 3423 428 3476 doctor
439 3425 599 3493 gentiumex
607 3435 759 3482 sanctorum
772 3430 873 3485 semine
884 3430 936 3484 Pa-

140 3517 220 3563 trum
231 3511 379 3566 secundnm
397 3527 506 3567 carnem
519 3522 691 3583 procreatum
703 3532 762 3571 esse
775 3519 934 3573 testabatur.

176 3591 273 3655 xt‘ltt.
288 3600 355 3656 Dum
369 3609 420 3657 tuce
432 3605 601 3673 perversitati
616 3605 771 3661 deiecerunt
782 3609 807 3662 in
818 3611 935 3679 prophe-

137 3692 177 3748 tis
187 3692 239 3746 liei
247 3694 400 3748 testimonia
411 3695 497 3750 errori
512 3705 558 3750 tuo
571 3700 768 3764 convenientia,
777 3702 875 3758 irruisti
887 3705 935 3758 tihi

135 3798 244 3838 uorum
258 3787 399 3853 quemdam
420 3786 579 3856 prophetam
593 3787 694 3844 dixisse
709 3804 716 3843 ε
732 3789 867 3859 Miserere,
882 3793 936 3846 lio·

131 3876 225 3938 nine,
234 3874 300 3945 ptest
310 3881 737 3950 teae,seperqnaminrocctomest
750 3897 933 3954 nonaentuam,

129 3973 159 4019 et
184 3961 295 4027 lsrael,
317 3981 393 4035 quern
407 3970 548 4037 coequnrti
570 3971 742 4043 primopenito
768 3984 813 4029 tao
837 3974 931 4047 (Eccli.

129 4070 237 4120 mvi,
262 4055 317 4126 ll).
340 4057 473 4114 Addidisti
489 4075 597 4132 quoque
616 4064 679 4120 huic
693 4069 833 4123 sententie
852 4069 932 4125 talem

987 3427 1092 3483 vinitati
1109 3426 1209 3484 Christi
1227 3428 1331 3499 etquid
1348 3428 1510 3483 humanitati
1529 3428 1681 3482 conveniat.
1698 3427 1782 3493 Quasi

987 3521 1085 3592 aliquis
1106 3532 1229 3577 nostrum
1245 3535 1348 3592 negare
1372 3521 1496 3576 videatur
1517 3535 1609 3574 reram
1632 3520 1658 3575 in
1673 3517 1782 3574 Christo

986 3611 1191 3677 humanitatem,
1204 3628 1351 3681 veramque
1361 3611 1541 3667 divinitatem.
1558 3609 1593 3663 Et
1604 3609 1692 3679 primo
1702 3609 1781 3678 ponis

985 3699 1034 3756 liei
1045 3701 1141 3755 Filium
1153 3700 1301 3760 secundum
1312 3701 1482 3754 divinitatem
1497 3700 1588 3754 dicere
1601 3716 1607 3751 :
1621 3696 1781 3751 Potestntcm

985 3789 1066 3843 haheo
1079 3789 1190 3859 poneradi
1203 3790 1319 3842 traintem
1330 3807 1424 3853 meere,
1439 3799 1463 3843 et
1474 3798 1627 3859 potestatem
1638 3788 1720 3841 lreheo
1733 3788 1781 3840 ite-

985 3880 1232 3936 rumsumendr'eem
1242 3880 1333 3952 (loon.
1345 3896 1372 3944 x,
1386 3880 1442 3951 l8),
1458 3881 1548 3934 minus
1559 3880 1702 3933 attendens
1714 3878 1779 3947 quid

984 3976 1080 4031 heatus
1094 3974 1260 4045 Augustinus
1271 3974 1304 4027 ‹le
1317 3973 1367 4028 hac
1383 3973 1517 4027 sententia
1533 3971 1721 4034 intellexisset,
1732 3971 1778 4039 qni

984 4069 1023 4124 sic
1034 4069 1092 4124 hec
1102 4068 1183 4122 rerba
1196 4067 1300 4121 Domini
1313 4067 1339 4120 in
1351 4066 1469 4122 homiliis
1480 4065 1779 4135 evangelicisinterpre·

127 4148 413 4216 interpretationem:
432 4169 441 4202 a
459 4151 627 4221 AEqualitas,
641 4157 746 4227 inquis,
760 4160 811 4214 ista
824 4176 876 4216 non
891 4170 934 4218 est
984 4161 1035 4215 tari
1046 4160 1148 4216 voluit:
1165 4159 1252 4225 «Quis
1263 4159 1348 4229 ponit,
1363 4158 1481 4228 inquitt,
1496 4159 1625 4222 animam,
1639 4165 1667 4211 et
1679 4157 1777 4211 iterum

127 4238 334 4305 indivinitate,
355 4243 402 4298 sed
428 4244 456 4298 in
478 4243 536 4299 sola
560 4246 737 4313 humanitate,
753 4258 781 4305 et
800 4251 829 4305 in
851 4267 932 4308 earne
983 4253 1065 4308 sunsit
1078 4249 1359 4315 animarniChristus,
1375 4266 1408 4305 ex
1424 4251 1535 4320 eoquod
1548 4250 1678 4313 Verbum,
1694 4264 1727 4302 an
1743 4265 1777 4304 cx

117 4330 279 4400 ‚adoptiva
290 4348 371 4403 quam
384 4336 489 4407 aceepit
502 4338 534 4392 de
546 4330 666 4408 Virgine.
682 4359 692 4393 r
707 4341 777 4396 Eece
790 4340 893 4399 falsitas
904 4346 932 4400 iu
982 4360 1015 4399 eo
1029 4345 1101 4412 quod
1116 4347 1204 4401 anima
1220 4347 1337 4401 humana
1354 4347 1413 4418 ipsa
1426 4346 1553 4416 seponit,
1569 4344 1706 4399 etiterum
1719 4344 1776 4413 ipsa

126 4421 253 4477 nomine
267 4425 413 4495 prophete!
441 4428 511 4484 Eece
532 4431 697 4498 perversitas
722 4432 749 4486 in
772 4433 932 4506 interpreta'·
984 4449 1014 4489 se
1031 4436 1130 4490 sumit?
1144 4437 1229 4492 Ancx
1242 4439 1359 4508 eoquod
1372 4446 1500 4503 caroest,
1514 4437 1632 4492 animam
1647 4435 1732 4503 ponit,
1749 4443 1777 4488 et

127 4511 217 4568 tione
243 4517 395 4572 sententie!
418 4518 453 4572 Et
474 4534 528 4573 non
549 4519 648 4575 trustra
671 4524 812 4591 oportebat
832 4541 931 4580 norum
983 4527 1082 4581 iterum
1095 4529 1195 4584 sumit?
1210 4529 1272 4583 Tria
1289 4530 1366 4598 posui
1382 4544 1389 4583 :
1405 4529 1495 4583 omnia
1514 4535 1730 4598 pertractemus,
1748 4535 1776 4579 et

125 4604 293 4672 doctorem,
316 4624 412 4665 norum
439 4611 490 4666 sihi
515 4613 637 4669 invenire
660 4617 829 4687 prophetam.
854 4618 932 4675 Sicut
983 4623 1035 4678 hoc
1056 4621 1187 4691 eligamus
1209 4622 1280 4691 quod
1303 4621 1447 4676 conueniat
1465 4620 1565 4690 regulae
1586 4619 1720 4674 veritatis.
1745 4618 1777 4672 Si

169 4751 186 4778 ·
211 4737 241 4793 S.
256 4736 333 4823 Creg.
346 4740 424 4798 iiorn.
437 4746 454 4800 8
465 4746 491 4799 in
502 4746 601 4801 Erech.
619 4763 694 4803 narn.
709 4751 735 4805 5.

168 4807 349 4892 {desudavit
371 4815 450 4884 plane
484 4816 633 4882 alcuinus,
658 4836 731 4874 num.
758 4822 827 4877 liber
853 4823 930 4880 Sirac

128 4876 289 4948 Senpturrs
306 4885 390 4940 sacris
413 4886 509 4940 dehent
532 4891 689 4954 accenseri,
710 4894 834 4961 qrrarnris
857 4896 927 4962 ipse-

127 4957 194 5005 met
218 4961 410 5033 nonnunquam
431 4955 501 5011 iilius
514 4967 606 5013 utatur
623 4962 792 5016 testimoniis.
818 4963 846 5017 ln
866 4981 926 5033 poe·

126 5027 211 5074 mate
237 5021 360 5090 qrrrdem,
389 5027 460 5094 quoi
487 5028 537 5082 sul)
567 5045 641 5082 mun
671 5031 687 5084 C
716 5032 923 5099 collocavimus,

126 5088 240 5172 fromn,
254 5090 327 5147 illurn
343 5095 370 5148 in
383 5096 534 5167 catalogum
553 5114 693 5154 sacrorum
718 5101 848 5158 librorum
872 5122 924 5160 una

125 5174 201 5215 cum
223 5159 292 5217 lrhro
307 5162 449 5233 Sapientiae
462 5169 554 5223 retulit
565 5171 608 5225 his
623 5172 714 5227 rerhis
730 5191 736 5226 :

196 5246 229 5299 Et
240 5252 285 5299 tria
296 5255 386 5312 prothei
397 5254 532 5306 Salomonis
547 5259 662 5321 opuscula
674 5261 751 5321 regis.

195 5303 313 5371 irruguus
325 5315 363 5365 his
379 5317 485 5379 sophie,
498 5319 557 5368 lesu
566 5320 637 5371 simul
649 5321 837 5381 ataueirhellus.

124 5390 158 5449 ln
179 5391 272 5449 altero
289 5402 377 5453 tamen
394 5399 443 5454 sub
461 5416 535 5455 num.
550 5400 643 5458 eodem
661 5403 720 5458 illos
739 5405 806 5461 dnos
820 5405 925 5464 libellos

125 5462 246 5546 reliquis
260 5468 344 5548 sacris
359 5485 414 5524 non
431 5471 484 5526 nisi
502 5488 548 5542 per
565 5475 807 5550 porodipmojarngi
825 5482 924 5534 asserit

124 5547 154 5590 tta
170 5533 216 5588 ins
227 5539 353 5595 versibus
368 5557 375 5592 ε

193 5623 258 5697 Tres
268 5628 380 5702 saloriam
395 5632 470 5684 lihrns
481 5636 596 5686 mirabilis
608 5637 683 5688 edidit
694 5645 787 5703 auctor,

222 5686 268 5738 ilis
283 5691 332 5744 duo
341 5704 475 5755 purgaretur
485 5710 528 5759 ner
540 5700 686 5763 prandimus
697 5701 751 5752 hini

1044 4745 1151 4815 erornm
1162 4757 1253 4817 quippe
1265 4758 1329 4817 prior
1341 4753 1466 4816 Sapientia
1476 4753 1565 4805 dicitnr
1576 4753 1647 4816 airna,

1072 4816 1176 4866 Notatur
1187 4818 1247 4866 testu
1259 4819 1356 4866 nornine
1369 4819 1499 4879 sinsterior.

979 4926 1115 4982 Fortassis
1139 4941 1203 4980 vero
1225 4927 1253 4980 ci
1274 4941 1320 4994 per
1365 4925 1504 4995 oradipnro
1529 4941 1582 4982 non
1608 4927 1645 4981 ita
1672 4925 1775 4979 intelli-

979 4997 1106 5068 gendum,
1127 4996 1198 5065 quod
1214 4995 1317 5065 prelati
1351 5012 1385 5051 uo
1400 4997 1481 5051 libelli
1497 4997 1583 5052 solum
1597 4997 1632 5052 ob
1646 4995 1770 5050 similitu-

979 5068 1069 5122 dinem
1104 5065 1230 5122 tramdam
1245 5068 1315 5122 inter
1331 5082 1423 5122 sacras
1438 5066 1592 5137 Scripturas
1606 5080 1766 5120 recensean-

979 5145 1039 5201 ων,
1057 5083 1104 5192 sed
1125 5137 1196 5206 qarod
1213 5137 1258 5192 hie
1277 5138 1365 5192 tribus
1377 5139 1511 5207 prioribus
1529 5135 1680 5190 Salomonis
1693 5134 1774 5188 libris.

975 5205 1122 5277 jungantur
1134 5209 1168 5260 ob
1179 5209 1300 5262 materiae
1310 5215 1337 5262 et
1348 5208 1541 5262 sententiarum
1554 5204 1770 5269 similitudinem,

998 5277 1101 5331 uniaris
1115 5278 1151 5332 illi
1171 5275 1292 5345 ejusdem
1304 5278 1423 5334 auctoris
1438 5291 1497 5331 esse
1518 5290 1571 5328 non
1595 5281 1768 5330 censeantur.

977 5292 1111 5416 Quidquid
1130 5349 1174 5410 sit,
1189 5358 1279 5403 nostra
1293 5356 1366 5402 certe
1380 5355 1459 5402 artato
1471 5347 1503 5399 de
1520 5345 1657 5399 authentia
1672 5346 1770 5414 predi-

974 5427 1079 5472 ctornm
1101 5417 1240 5477 librorum,
1261 5417 1406 5498 Sapientiae
1427 5425 1455 5470 et
1476 5414 1553 5469 Siras·
1574 5431 1621 5468 scu
1634 5415 1769 5470 Ecclesia-

974 5488 1046 5551 stici,
1062 5489 1186 5543 dubitare
1204 5488 1274 5542 linari
1290 5488 1367 5548 licet,
1390 5488 1426 5539 oh
1441 5485 1626 5542 delinitionem
1640 5485 1770 5541 Ecclesiae

973 5558 1114 5613 catholicae
1125 5560 1151 5613 in
1169 5557 1284 5612 concilio
1298 5557 1467 5612 Tridentino.

1009 5640 1020 5667 ⁰
1042 5628 1071 5683 S.
1086 5628 1168 5700 ttnp,
1187 5636 1267 5681 tract.
1282 5644 1353 5682 airu
1369 5628 1395 5681 in
1410 5627 1499 5688 ioan..
1517 5645 1590 5683 num.
1602 5626 1645 5690 to,
1662 5627 1704 5687 ll,
1722 5625 1769 5679 ii.

973 5699 1023 5756 Uiri
1039 5706 1129 5756 textus
1154 5699 1233 5757 initio
1246 5699 1284 5754 ita
1305 5699 1403 5756 hahet:
1417 5717 1425 5750 a
1440 5699 1505 5767 Quis
1520 5699 1595 5770 ponit
1608 5698 1725 5752 animam
1740 5702 1770 5750 ct
