3780 6120
134 279 192 337 tus
562 281 593 338 Ι.
614 283 646 338 F.
666 280 782 338 abutitt
802 278 870 336 seb
889 272 1028 331 etcum
1047 274 1191 334 obnubet
1208 270 1299 334 PARS
1316 274 1351 333 V.
1725 272 1777 331 lul

132 395 182 470 qui
193 395 302 451 lanuto
313 397 361 452 liei
375 397 496 454 conuicia
511 398 603 454 dicere
616 394 708 468 [dni.
727 396 787 450 uiro
800 392 850 450 Ilei
864 406 929 449 eou-
942 390 967 448 Α
981 404 1139 462 memorque
1159 391 1305 449 Demiuiere
1316 390 1458 460 irtssionis,
1480 392 1618 460 discipulis
1632 394 1690 451 suis
1704 408 1778 466 pre

134 487 204 545 ricla
220 486 320 560 lacere]
333 504 386 544 oon
400 489 554 553 abborruit,
574 487 685 561 [multis
697 486 886 551 cernentibus,
902 484 929 539 in
979 482 1116 554 cipientls,
1137 498 1171 537 ne
1185 482 1228 537 cni
1242 481 1491 554 transfigurationis
1500 482 1615 553 gloriam
1629 493 1693 539 ante
1705 484 1778 543 dieta

134 581 229 637 eodem
242 579 322 652 loco]
336 582 474 652 repentina
491 590 579 637 morte
595 579 685 651 periit.
979 574 1188 629 resurrectionis
1205 588 1261 629 suae
1278 574 1410 640 dicerent,
1433 575 1562 646 precepit
1583 575 1672 631 eident
1697 573 1780 633 cellu-

169 670 233 728 eu.
259 670 306 730 bv
328 671 419 744 [dieb.
437 672 512 746 reu]
526 673 628 744 dquam
642 672 775 727 deleaute
787 678 861 742 petre
878 669 929 725 eii·
980 665 1033 731 rio,
1057 681 1091 721 ne
1105 666 1149 722 cui
1165 665 1338 733 miraculum,
1362 669 1435 738 quod
1452 668 1557 724 uiderat
1571 667 1582 741 [
1595 667 1682 732 llud,
1706 669 1783 740 quoe

134 765 180 820 cit.
191 795 228 805 ·-
240 763 308 820 Cum
320 766 363 821 uir
375 765 430 821 Deo
450 766 545 836 plenus
559 772 671 836 propter
684 763 847 835 evangelicae
859 778 932 834 pree-
979 756 1131 829 semebad.
1145 764 1209 811 ²th
1220 757 1396 815 (limitibus
1408 759 1450 815 81¹1
1465 760 1593 815 ediceret·
1647 785 1653 798 ·

134 858 281 915 dicationis
299 860 456 915 instantiam
477 858 536 914 loco
559 857 717 914 circumiret
736 856 873 912 maritima
884 853 931 928 [in
948 856 958 879 ‘
1015 848 1081 905 Get·
1096 846 1179 904 XVlll
1195 846 1280 920 [trau
1296 850 1367 923 1¹11·¹
1381 849 1475 907 St'mt'le
1491 851 1663 907 miraculum·-
1675 884 1712 895 -·
1724 853 1780 915 Sed

133 949 252 1022 eisdem]
275 966 353 1020 aquae
378 950 464 1006 dulcis
489 949 635 1021 penuriam
661 948 826 1021 puniebatur.
852 945 931 1015 Quod
980 946 1009 995 et
1025 938 1098 995 aliud
1115 939 1184 994 huie
1199 939 1287 996 simile
1308 941 1441 1012 perejns
1461 939 1680 999 benedictionem
1707 944 1779 1005 [leus

133 1039 200 1096 pum
224 1043 359 1098 ,emebat
376 1057 440 1096 snos
460 1039 661 1097 mmmmm,
677 1047 789 1112 propter
804 1039 933 1095 ardorem
981 1028 1246 1099 Christosoperatos
1257 1037 1300 1087 est
1311 1032 1483 1086 miraculum.
1499 1031 1665 1091 Perueniens
1683 1050 1781 1096 servus

133 1131 195 1188 sitis
206 1131 327 1201 graviter
337 1131 601 1197 sustinueramus
609 1145 707 1186 uneex
720 1130 783 1196 illis,
803 1120 932 1200 praecepta
982 1119 1030 1175 ὓθὶ
1050 1135 1112 1175 cum
1129 1119 1211 1176 ⁸⁰⁰5ss
1229 1121 1263 1176 ’ὖ
1284 1121 1394 1178 d⁰ffl¹¹m
1417 1123 1558 1193 cuiusdam
1583 1125 1664 1180 mici
1682 1127 1738 1193 ⁸¹¹3,
1752 1135 1780 1185 el

133 1220 406 1277 &intransitorium
419 1236 497 1276 mum
512 1219 612 1276 fossam
626 1221 733 1291 aperire
746 1233 869 1290 paruam,
884 1216 931 1272 ubi
981 1213 1118 1284 paulisper
1130 1212 1241 1282 cupiens
1255 1214 1281 1268 in
1296 1214 1376 1269 domo
1398 1214 1489 1271 dilecti
1509 1215 1581 1285 longi
1597 1214 1721 1274 latiorem
1735 1219 1778 1275 iti-¹

136 1319 244 1368 secreto
268 1310 330 1367 titis
352 1312 467 1383 panibus
484 1313 582 1367 orabat
599 1312 697 1376 muru,
718 1309 812 1381 utqui
833 1307 932 1379 populo
983 1304 1057 1358 neris
1075 1301 1224 1358 relectione
1242 1303 1371 1369 allevare,
1392 1303 1617 1374 patremfamilias
1635 1306 1703 1364 nibil
1724 1309 1777 1365 riui

136 1418 188 1458 suo
202 1419 300 1474 aquam
312 1404 339 1459 iu
353 1404 462 1459 deserto
475 1404 603 1474 produxit
617 1403 649 1460 de
662 1411 740 1473 petra
751 1398 850 1472 (Exod.
864 1413 931 1463 ιιιι,
983 1395 1085 1452 babere
1097 1396 1241 1465 comperit.
1254 1394 1376 1463 Quatuor
1389 1398 1593 1468 ergomodicos
1606 1397 1740 1457 flascones
1752 1399 1777 1471 Β,

136 1493 220 1548 Num.
244 1493 301 1565 xx),
321 1494 407 1549 servis
426 1494 483 1549 suis
503 1494 597 1548 eadem
614 1492 802 1548 misericordia
818 1491 851 1547 de
868 1502 931 1542 are·
983 1503 1052 1560 qaros
1063 1495 1169 1543 tantum
1183 1489 1210 1542 ln
1224 1489 1329 1544 itineris
1341 1489 1466 1544 solatium
1486 1506 1577 1546 secum
1588 1493 1648 1563 ejus
1660 1493 1729 1550 socii
1741 1493 1779 1551 fe·

135 1599 203 1641 noea
216 1593 289 1640 terra
309 1601 407 1657 aquam
426 1587 598 1657 produceret.
623 1585 675 1656 Qui
699 1600 764 1640 mox
787 1584 931 1641 exauditus
984 1578 1184 1651 rebant,1'nssit
1199 1578 1290 1634 aderri
1305 1599 1311 1633 ι
1328 1595 1428 1651 eosque
1450 1581 1550 1652 ineius
1568 1585 1679 1641 nomine
1695 1586 1778 1644 bene-

132 1685 186 1743 est,
200 1692 263 1730 narn
275 1676 367 1732 subito
382 1676 442 1733 lorus
453 1677 603 1732 dulcissimi
620 1678 725 1748 saporis
738 1677 839 1732 lessam
854 1687 867 1717 ·
881 1676 932 1730 im·
984 1669 1064 1735 dixit,
1089 1671 1173 1740 quiin
1186 1671 1309 1727 conuiuio
1325 1672 1437 1743 nuptiali
1455 1689 1541 1745 aqrtas
1553 1678 1690 1733 convertit
1702 1679 1781 1752 1oe

134 1766 233 1838 plebat.
250 1767 328 1836 Quod
342 1770 383 1825 sni
398 1779 553 1835 cernentes,
577 1771 682 1842 gratias
702 1770 818 1842 agebant
833 1768 930 1842 μίαν,
950 1738 1136 1835 ¹³lutinuml¹
1151 1762 1224 1817 llud.
1239 1805 1246 1827 ,
1262 1765 1307 1834 qui
1324 1765 1349 1819 in
1364 1765 1437 1820 Cana
1454 1766 1564 1824 Galileae
1581 1785 1667 1840 aquas
1681 1772 1710 1827 in
1725 1773 1790 1830 rinl*

132 1856 264 1931 eperum]
282 1860 460 1930 omnipotenti
480 1859 547 1927 ppo,
572 1861 618 1930 qui
636 1869 760 1915 ,anctum
779 1875 858 1915 suum
874 1875 932 1914 ma.
984 1869 1110 1924 saporem
1133 1853 1271 1928 mutauit]
1286 1853 1386 1928 (loon.
1400 1855 1442 1928 u).
1462 1857 1606 1915 litmimm
1627 1862 1654 1916 in
1669 1863 1779 1921 modum

132 1947 284 2018 auidcauit,
310 1959 339 2004 et
357 1965 420 2005 eom
433 1950 564 2006 exaudire
574 1950 700 2021 diguatus
713 1957 755 2004 est
771 1949 932 2005 :bibebaut-
983 1953 1046 2016 pust
1065 1944 1280 2000 benedictionem
1307 1945 1394 2019 [ld.,
1416 1957 1478 2018 post
1496 1948 1695 2011 benedictionis
1717 1971 1779 2028 gra·

135 2055 189 2111 qne
204 2056 291 2111 usqum
306 2041 340 2096 ad
355 2042 519 2107 satietatem,
535 2056 684 2111 secummm
700 2041 734 2095 ad
746 2040 932 2111 predestinati
984 2034 1068 2107 liant]
1081 2036 1159 2105 qnasi
1181 2036 1359 2107 quadraginta
1376 2037 1427 2093 viri
1447 2054 1480 2093 ex
1495 2039 1548 2097 illis
1567 2040 1720 2113 lagunculis
1737 2062 1781 2101 us·

984 2143 1037 2200 qtae
1049 2128 1083 2183 ad
1094 2129 1247 2184 satietatem
1257 2128 1395 2198 bibebant,
1407 2141 1508 2188 etcum
1519 2148 1616 2206 magna
1629 2137 1780 2208 gratiarnm

984 2222 1092 2281 mone
1115 2223 1167 2278 sibi
1194 2223 1269 2278 ltetls·
1286 2224 1403 2280 inuicem
1426 2226 1524 2282 animis
1547 2228 1673 2284 dicebant
1690 2249 1696 2284 :
1713 2230 1782 2287 Vere

983 2314 1117 2387 minos
1128 2313 1208 2369 lesus
1220 2315 1265 2370 bic
1280 2315 1417 2386 implerit,
1431 2317 1503 2387 quod
1519 2319 1545 2382 iu
1559 2318 1707 2392 Evangelio
1720 2336 1782 2392 pro-

983 2404 1068 2467 misit,
1081 2406 1187 2461 dicens:
1202 2403 1255 2470 Qut
1264 2406 1347 2460 eredit
1356 2407 1383 2461 in
1396 2423 1445 2472 me,
1461 2423 1556 2478 opero,
1569 2426 1629 2481 qen
1643 2427 1691 2482 epo
1702 2411 1781 2482 fecie,

985 2501 1078 2572 etipse
1092 2500 1182 2570 saciet,
1197 2508 1222 2554 et
1237 2499 1340 2570 mejero
1354 2502 1448 2557 luorum
1460 2502 1542 2572 saciet
1551 2502 1642 2576 (doen.
1656 2518 1713 2572 xre,
1725 2506 1781 2576 ld).

1020 2592 1083 2649 Car.
1098 2590 1160 2646 lllX
1174 2589 1266 2664 [Mei.
1285 2590 1348 2665 aul.
1366 2590 1576 2650 Contumeliosus
1589 2595 1618 2650 r'n
1632 2596 1719 2652 virum
1734 2596 1783 2653 uu·

134 2133 241 2191 itineris
256 2135 466 2200 necessitatem,
490 2142 622 2205 quantum
637 2131 764 2189 sntilcere
778 2132 931 2199 ridebatur,

133 2234 245 2298 portare
259 2228 404 2285 curabant.

170 2315 236 2373 Cre.
253 2317 311 2372 lttt
327 2316 418 2390 illul.
434 2318 522 2391 saul.
541 2317 635 2374 l'iunm
651 2318 818 2390 multiplicet.
832 2348 868 2358 -
881 2316 933 2372 lte·

135 2427 196 2467 mm
208 2421 319 2468 sanetus
329 2413 375 2467 Dei
388 2414 526 2481 sacerdos,
540 2415 567 2468 in
580 2415 698 2484 quodam
708 2413 768 2469 loeo
778 2415 830 2470 iter
839 2429 931 2486 agens,

134 2504 203 2560 sitiit
221 2506 408 2561 mendicantes
432 2508 528 2577 inopes
548 2507 702 2571 duodecim,
719 2507 821 2576 pariter
841 2517 934 2578 postn-

135 2594 222 2652 lantes
240 2598 291 2652 sibi
317 2598 419 2668 aliquid
441 2613 458 2653 a
477 2600 704 2668 praetereuntibus
726 2600 815 2655 solatii
835 2600 932 2674 [darii.

135 2685 855 2761 Quos,nteratmitissimus,benigrmnspcxitanimo,
873 2692 932 2747 urd-
984 2685 1111 2741 diuinitus
1134 2685 1255 2756 tvdftttt»
1279 2688 1406 2757 ponium
1431 2704 1491 2742 ”⁶¹¹⁰
1516 2687 1651 2745 liberatur·
1665 2690 1781 2747 -Per-

135 2779 458 2848 queeasuismandarit
473 2779 713 2860 xspecialemsuum
729 2779 934 2837 dascnnemsn·
985 2778 1057 2834 rexit
1083 2777 1155 2833 idern
1185 2787 1296 2834 sauctus
1324 2779 1493 2863 praedicator
1514 2780 1631 2850 mundam
1659 2791 1782 2855 tempore

136 2884 221 2935 mere,
237 2886 269 2927 nc
280 2869 445 2941 pauperibus
458 2871 575 2927 miscere
588 2871 723 2943 lllmeere
733 2889 781 2943 pro
797 2871 932 2946 lundene]
985 2883 1061 2925 more
1082 2868 1161 2925 solito
1175 2868 1210 2925 ob
1228 2869 1431 2942 evangelizandi
1443 2871 1558 2940 gratiam
1580 2887 1641 2928 cum
1668 2873 1776 2930 destina·

135 2962 246 3019 Clrristi.
268 2963 308 3018 Ex
322 2976 376 3034 quo
389 2977 484 3018 omnes
497 2962 534 3018 illi
547 2963 689 3018 duodecim
708 2978 793 3034 usqum
806 2964 840 3019 ad
852 2966 935 3020 satie-
985 2961 1059 3015 tione
1074 2961 1102 3016 in
1113 2960 1247 3027 Frisiam;
1273 2969 1301 3017 et
1316 2971 1428 3032 pmpter
1441 2962 1560 3019 laborem
1579 2966 1630 3020 viae
1644 2965 1671 3021 in
1690 2968 1777 3038 pratis

136 3062 222 3111 tatem
234 3055 384 3112 bibebant:
399 3063 428 3109 et
440 3055 539 3110 mirem
561 3055 587 3109 in
604 3053 727 3120 modum,
742 3055 795 3110 illis
808 3056 970 3148 abeunti-c
984 3051 1126 3122 cuiusdam
1150 3051 1241 3108 diuitis
1266 3051 1404 3124 paululum
1420 3054 1507 3110 lassos
1525 3054 1677 3129 refocillare
1695 3072 1781 3130 equos

135 3146 199 3215 ltus,
220 3162 253 3203 ex
272 3148 375 3218 optimo
395 3146 460 3202 vino
481 3145 576 3212 daseo,
594 3146 629 3201 dc
648 3163 702 3218 qno
721 3149 788 3202 tanti
810 3149 936 3204 biberant
986 3144 1103 3202 volebat.
1119 3144 1192 3212 Quos
1205 3144 1281 3202 diues
1294 3145 1341 3202 ille
1358 3146 1385 3201 in
1398 3148 1486 3218 pratis
1497 3149 1554 3205 suis
1567 3150 1642 3220 pasci
1657 3166 1783 3218 cernens,

135 3242 271 3306 nomines,
286 3241 317 3314 [a
330 3239 467 3313 ministro]
491 3241 616 3294 inuentos
636 3246 678 3294 est
697 3239 804 3309 plenus,
817 3248 848 3296 nt
860 3248 933 3296 anu.
986 3235 1120 3307 superbiae
1146 3237 1242 3307 spiritu
1259 3252 1344 3309 equos
1366 3240 1469 3294 caedere
1491 3241 1584 3310 cupit,
1605 3250 1631 3296 et
1647 3243 1784 3312 epaseuis

135 3332 195 3393 Boc
208 3343 357 3405 comperto,
373 3333 572 3389 benedicebant
583 3348 679 3388 ornnes
690 3333 834 3388 Dominum
849 3333 934 3388 berum
987 3326 1106 3398 abigere.
1128 3325 1214 3394 Quem
1229 3329 1271 3383 vir
1284 3329 1333 3385 Dei
1355 3322 1655 3400 plaeldIssimis'verbis
1671 3335 1784 3414 aliouuif

137 3433 263 3485 nostrum
288 3422 386 3495 ildeb,
415 3423 560 3477 Dominum
576 3420 692 3494 desumi,
709 3422 830 3476 diceutes
845 3441 851 3474 ε
868 3421 936 3478 Vere
987 3429 1043 3486 tur,
1056 3421 1149 3476 dicens
1166 3438 1178 3474 :·
1189 3439 1198 3471 ι
1210 3420 1307 3477 Desine
1318 3423 1396 3480 uobis
1411 3423 1519 3499 [irater]
1532 3425 1658 3495 luduriam
1670 3427 1760 3483 iacere
1775 3447 1785 3480 e

141 3515 280 3585 impletum
294 3521 338 3568 cst
359 3513 386 3567 in
407 3511 503 3576 nobis,
522 3512 595 3582 quod
614 3511 641 3564 in
654 3510 799 3580 Evangelio
814 3512 935 3569 dieitur:

138 3604 217 3670 Dete,
232 3614 256 3658 et
267 3602 375 3657 deditur
389 3602 459 3658 endis
474 3603 483 3674 (
496 3601 561 3656 Lac.
578 3618 616 3667 ιι,
632 3601 688 3673 38).

174 3697 239 3753 Car.
252 3695 322 3750 xlii
342 3694 428 3769 [bat.
443 3693 535 3767 avrtt].
552 3695 655 3750 Retracto
668 3696 754 3750 uiuunt
768 3693 935 3766 tetuitiplicet.

139 3820 176 3829 -
186 3787 267 3845 Venit
289 3804 397 3858 quoque
413 3788 455 3842 eir
467 3795 577 3843 sanctus
595 3787 629 3842 ad
641 3802 721 3841 suum
735 3787 861 3842 visitandi
876 3804 937 3859 gru-

139 3880 176 3937 tia
192 3882 397 3948 ntunastcrium,
410 3888 511 3952 etpost
523 3880 662 3936 orationes
677 3881 712 3936 ad
732 3878 832 3944 ὓθιιιιι,
850 3889 878 3935 et
892 3895 937 3935 sa-

138 3973 282 4030 lutationes
304 3974 430 4040 teatrum,
454 3983 483 4029 et
501 3973 701 4030 admonitiones
716 3972 855 4044 pacilicas,
880 3974 936 4028 eir·

988 3528 1040 3568 non
1055 3514 1128 3568 enim
1140 3523 1251 3584 propter
1265 3514 1403 3572 laesionem
1417 3517 1465 3583 tui,
1481 3519 1527 3574 sed
1541 3529 1653 3591 propter
1667 3522 1785 3578 necessi-

988 3611 1071 3658 tatem
1086 3605 1183 3669 riustri,
1200 3607 1233 3661 ad
1248 3606 1342 3662 luorum
1360 3610 1386 3664 in
1404 3611 1446 3665 bis
1461 3613 1569 3682 pascuis
1586 3613 1785 3683 quiescerem

988 3695 1096 3754 luimus.
1112 3697 1198 3753 lnstat
1210 3701 1289 3756 nobis
1300 3716 1367 3772 opus
1380 3702 1427 3758 liei
1443 3719 1559 3775 perngeri
1571 3705 1637 3770 lum,
1659 3705 1739 3776 curius
1757 3712 1785 3761 tu

987 3806 1094 3862 quoqne
1115 3792 1268 3848 mercedem
1292 3794 1393 3849 babere
1411 3796 1525 3866 poteris,
1540 3796 1563 3851 si
1579 3813 1640 3860 nos,
1654 3805 1785 3866 nutantum

988 3883 1021 3936 ad
1036 3889 1063 3936 te
1074 3883 1204 3952 pertinet,
1224 3881 1364 3957 [benigno]
1389 3886 1525 3956 adiuveris
1550 3887 1665 3948 animo:
1681 3903 1788 3956 memor

987 3970 1061 4027 illios
1074 3970 1181 4028 Domini
1204 3973 1366 4031 nostrilesu
1379 3974 1482 4031 Cluisti
1495 3977 1658 4039 dulcissimae
1668 3981 1785 4050 promis·

139 4069 262 4126 cumieus
276 4069 380 4141 singula
399 4070 514 4126 teatrum
530 4070 695 4136 habitacula,
721 4070 823 4141 siquid
841 4069 937 4125 inillis
987 4066 1072 4122 sionis
1086 4086 1093 4121 ε
1109 4066 1217 4134 Quinor
1233 4069 1334 4139 recipit,
1349 4086 1389 4123 me
1405 4070 1496 4140 recipit
1509 4086 1518 4123 :
1531 4081 1556 4126 et
1568 4072 1614 4142 quei
1626 4090 1667 4126 me
1682 4074 1785 4144 recipite

139 4159 338 4215 emendandum
353 4159 459 4228 luisset,
485 4161 546 4230 pius
570 4170 662 4231 pastor
682 4161 826 4231 explorare
841 4161 935 4217 uoluit.
988 4158 1080 4230 recipit
1092 4176 1151 4215 eam
1165 4160 1210 4232 qni
1224 4176 1264 4215 me
1278 4160 1346 4215 miad
1367 4161 1482 4233 (liutein
1499 4180 1527 4228 r,
1547 4163 1582 4219 to
1595 4163 1615 4236 ).
1630 4163 1684 4220 Sed
1699 4166 1788 4239 magis

141 4247 255 4303 intrauit
268 4264 376 4320 quoque
390 4249 494 4322 ildeb,
512 4259 576 4306 tuuc
590 4251 699 4316 accidit,
716 4259 747 4306 ut
759 4252 894 4324 intraret]
910 4252 937 4307 iu
988 4261 1080 4309 mente
1092 4253 1206 4324 pacitica
1221 4253 1361 4310 nobiscum
1381 4256 1462 4325 quasi
1475 4257 1578 4312 amicus
1593 4258 1711 4328 teipsum
1725 4257 1788 4326 retu

139 4337 329 4406 cellarium,in
347 4356 401 4410 nuo
412 4339 547 4396 medicum
560 4341 615 4396 virui
634 4342 735 4410 reperit
749 4343 777 4396 in
790 4357 854 4398 uase
867 4339 936 4415 tle,
988 4345 1076 4410 ciens,
1104 4342 1301 4417 aliquantulum
1322 4345 1402 4412 bibe,
1424 4347 1556 4416 uobisque
1577 4356 1668 4418 coepto
1690 4349 1789 4404 itinere

140 4428 168 4484 iu
181 4445 236 4484 unu
245 4429 340 4502 dolini,
351 4430 380 4485 in
391 4429 463 4500 quod
476 4445 555 4485 strum
566 4427 761 4486 benedictionis
774 4432 935 4503 gentiacum
949 4452 976 4512 lp
988 4438 1174 4511 pergentibus,
1183 4446 1210 4493 tu
1222 4454 1236 4492 a
1248 4438 1304 4494 lieo
1311 4439 1479 4505 benedictus,
1490 4442 1662 4496 revertereiu
1675 4441 1787 4497 domum

139 4522 264 4580 oratione
289 4523 403 4578 innuisit
424 4522 562 4587 baculum,
589 4530 617 4577 et
639 4522 734 4578 exitit.
762 4522 817 4579 Sed
840 4524 935 4580 eadem
989 4536 1073 4583 tuam.
1091 4547 1100 4582 ι
1117 4528 1273 4589 ΙΙΙοιιιιιιη,
1286 4529 1312 4585 in
1328 4529 1431 4584 malitia
1446 4531 1581 4601 pertinax,
1596 4531 1692 4587 nolens
1709 4532 1788 4601 paci,-

142 4624 222 4672 uoete
240 4616 318 4706 in‘eo
336 4617 395 4686 ipso
418 4616 528 4672 vasculo
541 4616 634 4671 uinum
656 4631 781 4672 crescere
804 4618 897 4688 coepit,
911 4608 952 4673 et'
988 4619 1047 4675 dcis
1060 4618 1112 4674 viri
1126 4619 1174 4674 liei
1188 4617 1279 4675 uerbis
1299 4620 1483 4689 acquiescere,
1504 4621 1551 4676 sed
1571 4622 1697 4676 convicia
1713 4621 1789 4692 inge-

143 4705 326 4778 snperellundi
342 4707 414 4763 uasis
432 4707 555 4778 margine
575 4705 651 4779 lid,
664 4707 700 4762 ita
714 4716 745 4761 ut
760 4709 938 4779 snperl'uude-
988 4711 1104 4774 minans,
1119 4710 1264 4780 oppmbria
1276 4711 1419 4782 jaculans:
1440 4710 1504 4766 e'lu
1527 4727 1583 4777 ure,
1601 4713 1699 4782 inqrrit,
1721 4712 1788 4773 lanr-

144 4797 277 4852 ret·uasis
295 4796 469 4870 nuarpiuem]¹
487 4797 544 4854 llnc
558 4797 688 4854 cellarius
701 4813 825 4862 cernens,
850 4799 938 4869 urspe-

145 4898 203 4945 rata
221 4889 385 4945 abundantia
406 4888 610 4961 obstupefactus
623 4899 677 4954 est,
691 4907 741 4946 nec
752 4891 842 4946 celare
854 4892 937 4947 aude·

141 4982 197 5048 bat,
223 4983 296 5054 quod
317 4983 407 5039 diuina
428 4982 616 5039 misericordia
634 4999 684 5054 per
697 4985 769 5040 serui
789 4985 831 5039 sui
855 4985 940 5040 bene·

141 5076 287 5132 dictionem
300 5074 357 5147 geri
371 5076 562 5145 cogrroscebat.
571 5073 700 5130 Crastino
712 5091 792 5131 ntane
803 5076 936 5141 cucurrit,

144 5175 173 5221 et
185 5175 248 5222 aute
259 5167 341 5236 pedes
353 5165 439 5222 soracti
452 5166 542 5221 Patris
555 5180 584 5221 se
599 5172 774 5236 prosternens
788 5164 936 5221 mrrdteba-

144 5268 188 5313 tur
201 5261 265 5329 quud
280 5259 402 5316 uidisset.
414 5259 466 5328 Qud
481 5274 556 5314 neore
568 5257 648 5314 solito
663 5257 718 5312 lieo
732 5257 833 5328 gratias
845 5272 936 5328 agens,

179 5370 357 5449 elluiriseiuu‘
367 5372 593 5499 euporisdotema.
610 5389 619 5420 ι
634 5370 735 5425 Eadem
750 5369 881 5452 cisterna,
895 5369 938 5423 lu·

163 5449 203 5496 rut
224 5439 300 5497 loarr.
324 5443 395 5499 ueta
420 5445 446 5498 iu
492 5445 570 5500 ltron.
596 5457 667 5498 nuuc
691 5441 718 5495 in
742 5448 882 5494 territorio
905 5439 938 5492 de

143 5456 300 5583 deyrtnguo
312 5522 436 5582 patenter
450 5515 614 5578 ostenditur,
633 5527 694 5582 que
705 5510 739 5565 ab
752 5509 892 5578 inquilinis
907 5508 938 5562 il·

144 5577 181 5636 lie
199 5579 383 5638 babitantibus
400 5585 531 5641 moderno
548 5593 669 5653 tempore
685 5580 786 5636 l’utens
800 5579 833 5634 S.
850 5578 938 5635 wtti-

144 5648 236 5705 brordi
249 5650 359 5705 dicitur.
377 5672 386 5707 ι
405 5653 517 5711 buaren.

182 5719 327 5775 billiditur
340 5721 476 5789 flascones.
496 5724 574 5792 dpnd
589 5721 782 5779 liabillonium.
807 5719 935 5781 medicat,

989 4802 1056 4857 tanis
1069 4801 1174 4864 bibere,
1185 4809 1213 4856 et
1223 4816 1317 4877 paoem
1330 4817 1418 4858 tectim
1441 4802 1511 4858 inire
1528 4804 1618 4871 :seito
1631 4804 1790 4860 certissime

987 4893 1061 4963 quod
1076 4900 1166 4947 tecnm
1180 4892 1274 4947 bibere
1295 4907 1344 4964 pro
1363 4891 1448 4947 nihilo
1467 4893 1565 4948 babeo.
1584 4914 1593 4945 ι
1610 4894 1786 4965 Rapiensqoe

987 4997 1022 5038 ex
1036 4980 1095 5051 ejus
1108 4997 1156 5038 ore
1170 4983 1284 5037 uerbum
1298 4983 1349 5038 boe
1362 4982 1404 5037 uir
1418 4981 1465 5038 Dei
1482 5002 1488 5037 :
1506 5002 1515 5034 ι
1534 4983 1564 5038 Si
1575 4999 1629 5039 non
1643 4984 1724 5052 uelis,
1737 4970 1787 5051 ait,

988 5088 1094 5129 meeum
1108 5072 1212 5139 bibere,
1226 5072 1386 5129 nonbibet
1405 5073 1438 5129 m
1450 5076 1544 5131 statim
1564 5084 1671 5146 paraus
1691 5075 1788 5145 sociis,

987 5165 1107 5237 perrexit
1121 5163 1193 5220 viam
1213 5180 1300 5221 suam.
1315 5165 1361 5221 llle
1373 5181 1482 5238 quoquae
1501 5175 1657 5231 contumax,
1674 5169 1787 5226 domurn

988 5271 1065 5313 suam
1077 5254 1222 5312 festinabat
1235 5255 1384 5323 adire,sed
1399 5264 1472 5314 totus
1491 5260 1581 5314 subito
1594 5260 1639 5315 siti
1653 5262 1787 5328 ardebat;

988 5389 1087 5445 genere
1102 5373 1243 5439 feminino,
1267 5389 1321 5443 qno
1333 5388 1385 5428 vox
1398 5374 1480 5444 pesco
1498 5375 1596 5432 ibidem
1617 5392 1729 5448 semper
1741 5393 1790 5434 sra-

989 5445 1083 5509 mitur,
1095 5459 1128 5498 an
1141 5444 1173 5499 ab
1186 5444 1244 5515 ipso
1258 5442 1383 5511 alcuino,
1401 5460 1435 5500 an
1457 5460 1489 5501 er
1504 5446 1608 5502 incuria
1622 5447 1790 5519 scriptoria?

988 5513 1102 5570 Codices
1123 5523 1197 5570 certe
1223 5508 1360 5578 didemnu
1385 5523 1465 5586 prout
1488 5523 1564 5587 patet
1585 5533 1618 5572 ex
1644 5519 1696 5573 hac
1718 5518 1787 5584 edit,

989 5584 1162 5651 Quercetanl.
1186 5584 1248 5641 tid.
1268 5586 1340 5642 banc
1353 5600 1447 5642 vocem
1466 5587 1500 5646 iu
1514 5583 1654 5644 Glossario
1678 5588 1709 5642 b.
1733 5588 1787 5645 llu-

989 5669 1083 5724 canpe.
