3780 6120
123 268 193 326 ¹583
616 266 661 320 tlt
678 262 791 322 OPERA
812 263 841 316 B.
857 261 996 324 slct'tst
1015 261 1232 324 ntuusurcus.
1698 261 1764 317 test

119 387 288 451 personantes
303 374 383 429 rnelos
399 373 503 437 dulcem
518 415 524 426 .
539 415 545 428 .
560 376 634 444 cuijus
648 373 766 442 officium
780 382 829 437 est,
843 372 908 443 {ole-
923 381 944 439 Α
959 375 1024 443 gilii,
1039 375 1151 428 alterurn
1166 373 1280 429 Nasonis
1297 374 1404 429 nornine
1418 384 1566 436 ornatum,
1585 377 1765 448 promulgas

119 450 186 504 rotis
199 446 361 502 sermonibus
377 444 528 514 fiqmerrture
547 445 700 506 ruenrtocio,¹
714 482 720 494 .
736 459 855 513 ,sernpcr
869 461 909 497 se·
960 446 1047 514 iisque
1060 446 1141 498 culitis
1156 444 1262 497 laudem
1285 444 1312 497 in
1331 453 1476 511 mustaceo,
1493 447 1571 515 quod
1587 446 1684 508 aiunt,
1695 462 1765 517 qna·

118 517 259 644 psentibus
273 515 370 584 placito
385 530 474 584 prroro
488 514 665 568 scindentibus
673 529 683 577 ;
696 551 703 565 .
717 551 724 564 .
740 513 818 565 ritum
833 530 910 582 peno·
961 530 1029 569 rere.
1051 514 1103 567 Sel
1125 529 1213 567 turcum
1229 514 1286 567 ueri
1299 523 1326 568 et
1340 515 1455 578 uidendi,
1469 526 1499 570 ct
1511 516 1693 586 propagandi
1713 531 1767 573 stu-

130 603 172 643 ent
190 587 239 641 sili
262 594 483 638 consenescentem
505 586 664 653 producere;
681 590 751 634 ..et
768 596 828 649 qum
847 593 910 636 sum
959 585 1034 638 «lirum
1049 584 1121 648 l'acit,
1137 592 1165 637 ut
1189 597 1231 648 ea,
1253 599 1369 652 qnorum
1390 584 1531 649 dicuntur,
1543 594 1768 646 auctoremesse

119 656 185 714 ulie.
197 655 337 711 Molestum
348 655 477 719 animost,
491 650 772 724 plureslmjuscemotli
785 651 910 707 tlosculos
960 669 1010 708 ricc
1023 655 1132 708 credam
1144 654 1212 722 ipsc,
1228 669 1277 708 nec
1290 652 1350 709 aliis
1360 655 1527 723 persuadere
1539 655 1645 709 velim.
1655 655 1767 713 Eodem-

120 726 323 784 transcribere:
344 738 412 806 queis
431 723 621 777 consarcinare
638 721 751 800 ollisque
764 723 911 777 olttnnlere
960 739 1012 792 que
1026 731 1165 792 permotus
1186 734 1214 777 et
1234 724 1374 792 insequar
1390 725 1417 778 iu
1430 725 1563 780 inanibus
1577 725 1681 789 tratres,
1697 729 1766 797 prin

121 798 211 878 potuit
226 811 315 860 nemo,
331 795 382 848 ursi
401 792 482 847 hoino
494 793 613 847 onrrriunr
631 791 818 861 ignarissimus
830 800 912 872 atquc
960 809 1024 863 ceps
1037 803 1062 847 et
1075 792 1158 847 abbas
1172 795 1405 860 reverendissime,
1416 804 1633 851 musmentatus
1646 812 1719 863 sum,
1730 811 1764 857 ιι

123 866 329 925 tnsnlslssiruus.
338 864 424 932 Quam
435 860 551 916 absurda
562 861 655 924 etiam,
668 875 803 929 quamque
814 859 910 930 lrigrda
960 865 1032 933 quod
1057 863 1201 931 tumetipse
1223 864 1329 929 credis,
1354 864 1400 918 alii
1414 865 1508 920 itidem
1522 865 1707 936 pervideant,
1722 884 1767 924 nee

121 944 150 991 et
159 936 250 1006 ieiuna
264 936 310 999 sit,
323 949 383 1058 aare
392 931 479 1000 prima
493 930 617 1000 Dindymi
631 929 744 1000 epistole
757 930 912 985 continetur
960 933 1099 1002 epistolas,
1118 948 1186 1001 quas
1200 933 1297 988 iterum
1306 935 1378 1004 typis
1389 936 1570 990 excudendas
1586 936 1668 1018 prelo
1684 939 1764 1009 subji-

122 1007 322 1076 apostrophen
356 1000 474 1064 divitius,
498 1000 550 1058 dici
573 1015 627 1055 nou
644 1008 741 1068 potest.
757 999 795 1057 En
807 1014 911 1057 merum
961 1019 1023 1058 cere
1036 1004 1211 1069 constituisti,
1240 1012 1335 1072 reapse
1358 1005 1392 1059 nb
1414 1005 1581 1072 Alexandro
1613 1005 1715 1077 Magno
1741 1020 1767 1065 et

121 1077 192 1146 sapit
210 1075 370 1144 sophistam,
388 1071 532 1133 uerborum
554 1070 694 1133 lenociniis
719 1069 843 1139 decipere
862 1084 911 1125 cu·
962 1074 1115 1144 Dindymo,
1139 1088 1255 1141 quorum
1281 1076 1389 1128 nourrius
1417 1074 1627 1143 pruselernnt,
1655 1079 1764 1149 scriptas

122 1147 254 1215 pientcm.
961 1145 1115 1213 opinentur.
1143 1143 1200 1210 Qua
1224 1144 1250 1198 in
1268 1159 1350 1199 causa
1375 1145 1398 1199 si
1423 1145 1568 1201 desiderio
1591 1157 1642 1200 tuo
1665 1160 1764 1218 tuoque

157 1215 194 1268 At
206 1215 343 1271 enimvero
363 1226 490 1282 quorsum
502 1211 559 1270 lucc
570 1211 669 1272 nuruis,
683 1225 744 1279 qum
755 1218 810 1263 tam
821 1209 912 1279 copio-
961 1213 1157 1284 exspcctationi
1169 1215 1236 1270 satis
1248 1214 1344 1269 iecisse
1357 1230 1400 1269 mc
1417 1215 1601 1279 intellexero,
1618 1217 1645 1270 id
1660 1219 1687 1272 in
1714 1235 1763 1271 nis

122 1298 164 1348 sc,
179 1293 207 1338 et
225 1281 298 1351 justo
321 1282 377 1337 lere
399 1281 535 1351 copiosius
556 1280 695 1350 disputas?
717 1278 860 1344 Nimirum,
882 1290 912 1334 ut
961 1300 1013 1355 qna
1032 1283 1168 1338 solicitatis
1184 1294 1339 1353 metoparte
1358 1299 1455 1354 ponem
1471 1302 1479 1337 :
1495 1286 1541 1347 sin
1572 1287 1682 1352 minus,
1706 1289 1760 1354 lior,

122 1353 298 1425 inlellissaluu
316 1350 694 1422 haneeptstolssesseuauu
711 1349 791 1407 dubie
805 1350 912 1430 spurius
961 1354 1120 1424 quodtuum
1133 1354 1227 1410 lallere
1249 1355 1339 1410 cernis
1363 1355 1533 1425 opinionem,
1565 1370 1626 1418 uun
1658 1369 1713 1420 tam
1733 1375 1761 1415 ex

123 1431 206 1492 atque
227 1421 436 1487 commentitias,
449 1436 500 1479 nec
516 1436 608 1476 cerum
622 1420 708 1475 lector
724 1420 795 1478 ullus
808 1421 868 1475 istus
883 1434 913 1474 se
960 1424 1324 1495 justaedcbitaequemerciu
1346 1432 1372 1479 te
1388 1424 1499 1494 pietatis
1525 1441 1565 1480 nc
1594 1429 1760 1494 reverentis,

123 1491 209 1563 decipi
232 1493 351 1563 patimur
366 1511 373 1546 :
387 1492 452 1561 quin
469 1492 558 1561 potius
576 1489 764 1545 credulitatem
786 1490 876 1553 istam,
889 1490 912 1543 si
962 1509 1045 1564 quam
1058 1494 1219 1548 eruditionis
1229 1495 1295 1549 setis
1305 1503 1407 1565 pomus
1427 1502 1456 1549 et
1467 1495 1633 1564 exquisitas,
1664 1497 1760 1554 delectu

122 1561 193 1616 lorte
207 1563 297 1625 hebet,
311 1570 469 1632 exitioque
483 1560 569 1616 nostri
582 1559 698 1630 majores
708 1561 741 1614 ud
753 1559 913 1628 qualescun·
962 1564 1112 1633 proiectum
1127 1565 1275 1627 existimes,
1289 1566 1465 1619 relscurcnter
1478 1567 1568 1619 etiam
1583 1578 1670 1636 atque
1687 1570 1759 1623 etin

123 1646 176 1700 que
190 1633 240 1686 uiri
254 1633 436 1702 cujuscunque
447 1631 583 1700 qutoptlam
603 1630 719 1684 celebris
737 1631 847 1683 nomine
864 1643 911 1683 or·
964 1635 1013 1688 abs
1028 1642 1055 1687 te
1066 1642 1138 1702 pcto.
1161 1633 1237 1700 Quod
1252 1643 1384 1704 superest,
1398 1650 1413 1688 a
1428 1650 1473 1690 me
1495 1636 1596 1689 omniu
1622 1639 1758 1696 summio

122 1710 211 1766 unns,
227 1703 466 1761 commentationes
485 1699 654 1767 accipiendus
672 1698 839 1768 tuendasque
862 1699 912 1752 ncl-
965 1712 990 1757 te
1004 1704 1102 1767 studia,
1114 1703 1256 1774 ciliciaque
1267 1705 1341 1759 nullo
1351 1720 1403 1758 nou
1416 1714 1471 1758 tem
1511 1720 1545 1759 re
1558 1716 1699 1775 exspecta.
1712 1709 1758 1787 [ρ

123 1770 195 1824 ducti
209 1773 293 1826 luere.
307 1770 372 1838 Qun
386 1770 493 1830 credula
516 1768 662 1829 inultorum
686 1783 763 1823 truens
781 1777 911 1838 quantum
929 1757 1095 1843 Bprolccto,
1111 1789 1171 1843 quae
1182 1775 1318 1842 pertinere
1330 1774 1364 1828 ad
1374 1782 1400 1828 te
1413 1775 1471 1829 inte
1483 1777 1586 1843 tigam,
1599 1778 1757 1832 studiosissu-

123 1839 277 1894 detrimenti
299 1839 396 1904 litteris
417 1839 536 1908 optimis,
560 1852 593 1891 ue
611 1838 675 1907 quid
689 1838 798 1910 grauius
810 1839 909 1900 dicatu,
963 1858 1006 1897 me
1018 1843 1120 1907 niuniu,
1136 1843 1393 1913 diligentissimeque
1405 1846 1508 1899 curabo
1526 1862 1533 1896 :
1550 1857 1637 1914 astque
1653 1849 1759 1901 incredi-

123 1909 253 1972 attulerit,
269 1919 367 1969 norunt
389 1924 483 1964 omnes
506 1908 553 1978 qui
567 1923 662 1965 carum
676 1909 816 1967 historiam
830 1907 910 1977 paulo
963 1913 1026 1968 bilis
1038 1923 1090 1967 ture
1111 1927 1175 1983 erga
1192 1928 1236 1967 rue
1253 1914 1427 1968 humanitatis
1452 1914 1694 1986 indulgentiaque
1713 1932 1758 1972 me·

123 1979 258 2034 curiosius
279 1979 448 2048 indagarunt.
465 1978 530 2046 Qum
544 1978 566 2032 si
585 1978 650 2032 milri
666 1978 776 2040 inesset,
797 1988 843 2032 aut
861 1991 911 2045 ego
964 1982 1079 2037 moriam
1094 1985 1269 2037 consecrabo.
1284 1983 1356 2046 Vulc,
1372 1985 1510 2069 robustum
1523 1988 1598 2042 meis
1612 1986 1685 2041 lure.
1701 1988 1756 2041 lini.

124 2047 184 2102 aliis
197 2049 334 2119 imponere
357 2049 428 2103 haud
455 2048 620 2110 dubitarem,
645 2047 696 2102 hoc
718 2048 776 2114 ipso
792 2057 912 2117 ternpore
964 2051 1093 2107 cllusnur
1107 2053 1172 2122 ipsis
1187 2053 1245 2107 llal.
1261 2052 1337 2121 ium,
1352 2068 1423 2108 anuo
1434 2055 1517 2108 litii.

123 2118 224 2189 possim
235 2134 269 2183 ex
280 2119 348 2185 libro
358 2119 448 2188 utiquo
458 2132 509 2172 ms.
520 2117 711 2180 duocarmina,
725 2118 840 2171 alterum
853 2118 912 2172 Vir·

481 2343 958 2470 urrunnun
996 2342 1407 2496 cunnus.

670 2557 887 2631 Lt'rtludtcu
907 2557 959 2617 ET
981 2555 1211 2630 utstotttctu

402 2721 737 2836 LIBELLUS
780 2719 1157 2836 SACRARUM
1202 2716 1487 2834 PRECUM

187 2924 239 2992 En
252 2940 309 2991 ms.
328 2920 356 2981 F
357 2919 524 2982 lorioccnsr'
538 2937 691 2981 annorum
702 2918 829 2980 circiter
842 2919 913 2993 900,
928 2917 1015 2998 opud
1029 2918 1178 2993 Mortem,
1195 2916 1231 2979 de
1248 2918 1387 2998 antiquis
1400 2917 1554 2982 Ecclesiae
1571 2922 1709 2987 Ilitilnus.

126 3117 158 3162 ιιι
175 3114 301 3165 cunrsrt
323 3111 446 3160 nostrus
463 3111 640 3159 animosus
656 3111 817 3154 rscrrruur
832 3110 912 3164 quus
927 3094 950 3157 c
965 3093 1062 3151 exaudi
1076 3108 1119 3147 me
1130 3101 1253 3147 orantem
1269 3092 1337 3146 sicut
1350 3092 1488 3147 exaudisti
1511 3092 1685 3164 Susannam,
1700 3103 1757 3155 etti

166 3195 259 3241 ΒΒΔΤΙ
274 3191 391 3244 ceruus
406 3192 541 3235 DlVlNAM
557 3190 725 3233 Lauusuuo
736 3191 775 3232 ET
792 3192 915 3233 uerun-

165 3272 270 3319 CANDO
298 3270 504 3316 CLEMENTIAM
526 3269 678 3322 Quortpts
698 3270 843 3312 GAN'I’ARR
863 3268 915 3313 80·

165 3350 300 3396 LEBANT.

124 3433 219 3494 Oratio
237 3433 320 3492 suncti
342 3430 441 3512 Hilarii
461 3447 541 3513 quarn
560 3430 698 3511 duodecim
718 3429 791 3512 illunis
803 3448 868 3501 quos
882 3431 915 3486 de

232 3511 322 3565 nuncto
332 3509 484 3570 conscripsit
497 3499 771 3569 Trtrntotesuljunntt.

162 3593 261 3649 Sancta
274 3590 403 3649 Trinitas,
415 3605 546 3645 conserva
561 3591 640 3653 lianc,
655 3605 714 3654 oro,
728 3590 789 3644 lidci
803 3590 916 3645 mecin-

125 3662 337 3720 coutsmiuutam
352 3659 519 3728 religionem,
532 3669 559 3715 et
571 3674 657 3729 usque
667 3660 701 3714 ad
712 3675 852 3715 excessum
860 3662 916 3729 spi·

125 3735 196 3789 ritus
207 3732 258 3786 nni
272 3731 341 3788 dona
357 3730 423 3787 milri
441 3732 510 3786 hauc
529 3731 701 3785 conscientie
716 3745 783 3784 meae
802 3746 913 3795 vocem;

126 3813 158 3859 ut
167 3803 238 3872 quod
250 3802 276 3855 iu
288 3801 500 3869 regenerationis
511 3816 576 3855 mem
590 3800 712 3870 sytrrbolo
722 3801 874 3870 baptizatus
888 3802 915 3868 iu

125 3874 208 3931 l'atre
217 3881 243 3926 ct
254 3870 356 3927 Filioet
364 3869 467 3938 Spiritu
478 3878 573 3925 sancto
581 3868 717 3940 professus
729 3872 914 3939 sentperolni-

126 3959 216 4004 ticum,
228 3940 334 3995 Patrem
350 3940 452 3995 scilicet
469 3950 495 3995 te
505 3949 636 4003 nostrum,
655 3940 753 3994 Filium
770 3950 844 3994 tuum
862 3957 914 3995 una

128 4025 217 4070 tecum
231 4011 352 4073 adorem,
369 4020 396 4065 ct
408 4022 530 4066 sunctum
542 4011 674 4079 Spiritum
684 4019 770 4075 tuum,
781 4011 826 4079 qui
836 4026 870 4066 ex
889 4020 915 4066 te

126 4098 175 4153 per
187 4079 352 4151 unigenitum
364 4090 417 4146 est,
429 4096 585 4150 promerear
596 4099 603 4133 ι
615 4083 677 4149 quia
689 4081 754 4137 utilri
763 4082 916 4137 idoneusad

126 4153 207 4209 lldcm
219 4151 296 4205 testis
309 4158 351 4204 est
361 4150 469 4205 dicens:
484 4150 572 4212 Potor,
584 4150 673 4204 orrrrrio
683 4167 741 4204 meo
752 4161 798 4204 tun
809 4160 880 4214 soret,
891 4160 916 4204 et

126 4233 248 4277 tuamen.
260 4221 331 4273 licus
349 4235 425 4279 meus
443 4220 521 4278 lesus
536 4220 659 4275 Christus
677 4235 789 4274 mancus
801 4222 826 4274 in
838 4229 874 4284 te,
888 4229 916 4274 ct

126 4307 160 4348 cx
174 4291 321 4358 tuernout
337 4297 362 4346 te
376 4306 483 4359 semper
502 4289 584 4353 licus,
601 4290 648 4360 qui
664 4305 694 4345 es
713 4291 870 4346 benedictus
888 4291 913 4346 iu

126 4359 401 4418 sacculuscculorum.
416 4361 512 4418 ulmeri.

280 4442 373 4503 Orotio
388 4451 471 4503 cerreti
480 4449 592 4504 doorrnis
607 4450 780 4521 euottqelisttc.

162 4545 275 4599 Domine
285 4543 348 4600 lesu
358 4541 477 4603 Christe,
490 4549 515 4593 tc
524 4541 637 4596 obsecro
645 4542 914 4665 permisericordinm

128 4624 156 4669 et
167 4611 337 4671 clementium
350 4622 431 4673 tuom,
445 4621 475 4665 ut
484 4619 596 4680 praestes
606 4612 641 4665 mi
664 4612 787 4667 ironiam
802 4612 915 4669 delicto·

129 4701 188 4740 rum
205 4699 335 4741 turcorum.
359 4681 440 4751 Aperi
457 4680 522 4734 rutilii
541 4681 657 4751 pulsanti
672 4683 783 4753 januum
801 4682 872 4747 rice,
888 4691 916 4749 et

128 4756 255 4825 princeps
269 4754 441 4807 tenebrarum
454 4765 507 4805 nou
518 4760 644 4805 occurrat
656 4751 731 4806 milri.
745 4750 803 4806 Nou
824 4753 916 4806 rcuiat

128 4825 195 4879 rnilu
212 4839 260 4893 pes
271 4821 441 4892 superbi-„emt
452 4836 547 4877 marrus
558 4830 686 4884 extranea
705 4838 721 4875 a
739 4833 765 4882 te
781 4837 834 4876 nou
852 4838 917 4877 con·

128 4895 214 4963 tingat
227 4893 307 4957 mihi;
319 4891 366 4947 sed
376 4892 483 4960 suscipe
496 4907 537 4944 mc
548 4890 695 4949 secundum
706 4894 817 4946 verbum
829 4898 916 4957 tuum,

128 4972 157 5020 et
170 4964 269 5033 perduc
289 4976 332 5016 mc
352 4961 386 5015 nd
406 4961 557 5015 cousinium
577 4959 715 5027 epularum
738 4971 853 5023 tuarum,
871 4962 916 5016 ιιι

130 5033 272 5103 epulamur
292 5042 380 5087 tecum
395 5046 488 5085 omncs
504 5029 582 5084 amici
597 5030 645 5083 tui.
659 5029 698 5084 'lu
710 5046 740 5088 cs
754 5032 825 5086 cuim
840 5030 918 5092 iesus

129 5103 255 5160 Christus
264 5102 349 5157 Filius
363 5099 411 5154 Det
425 5101 490 5164 viri,
503 5100 548 5170 qui
562 5114 622 5153 cum
635 5099 714 5153 Putre
728 5109 756 5155 et
776 5116 837 5165 curu
859 5100 920 5170 Spi-

128 5175 183 5228 ritu
207 5181 300 5230 saucto
322 5171 390 5227 siris
411 5176 439 5226 et
457 5185 554 5239 rostras
578 5170 604 5223 iu
627 5171 722 5224 saecula
749 5171 918 5233 soeculorum.

129 5245 229 5300 Arnen.

345 5312 437 5368 Orotr'o
450 5311 534 5375 soracti
549 5308 668 5364 llnrtini.

165 5403 237 5458 Deus
251 5403 342 5484 glorios
358 5403 449 5467 ,Deus
468 5402 514 5470 qui
533 5416 602 5456 unus
622 5413 649 5457 et
669 5416 749 5455 sertus
769 5400 849 5464 licus,
871 5401 917 5481 qui

131 5472 203 5526 solus
213 5482 240 5526 ct
247 5482 335 5540 ursum
346 5489 386 5535 es,
399 5473 469 5527 licus
477 5473 502 5525 in
516 5487 570 5540 quo
581 5472 683 5533 ontnia,
694 5471 744 5524 suls
753 5486 807 5539 quo
817 5486 917 5534 otuinus,

131 5555 179 5607 prr
189 5557 268 5610 quem
282 5542 372 5597 omnia
387 5541 456 5596 lacta
472 5551 549 5603 sunt;
566 5541 919 5597 exarudimcornntemsicut

965 3162 1065 3217 iterasti
1078 3178 1139 3217 eam
1154 3163 1187 3218 dc
1201 3179 1281 3216 mauu
1296 3163 1448 3230 iniquorum
1464 3164 1709 3230 testiomonium
1725 3186 1756 3225 uu

965 3234 1169 3287 orantemsicut
1181 3233 1315 3287 exaudisti
1328 3232 1437 3286 Petrum
1456 3233 1485 3286 in
1511 3237 1585 3289 mari
1613 3248 1644 3293 ct
1663 3239 1758 3295 Patrium

966 3300 994 3356 in
1005 3302 1128 3359 vinculis.
1141 3302 1226 3359 Parce
1238 3304 1334 3356 animm
1346 3317 1422 3366 mem,
1432 3316 1517 3369 parce
1529 3307 1618 3361 l'actis
1629 3312 1756 3379 nnis-,pn-

964 3372 1107 3427 cecunctis
1117 3372 1274 3430 criminibus
1287 3372 1363 3435 meis,
1376 3373 1499 3441 quicum
1512 3374 1612 3442 Patre,
1625 3390 1678 3434 etc.

1169 3481 1261 3537 Oratio
1280 3484 1364 3543 suncti
1383 3483 1530 3547 dorirosir'.

1001 3581 1112 3650 Largius
1125 3581 1202 3643 milri,
1216 3580 1337 3642 nornine,
1350 3580 1431 3635 Pater
1441 3583 1489 3651 pie
1501 3594 1532 3638 et
1545 3589 1756 3652 montelusello

966 3659 1039 3706 ctum
1062 3652 1106 3719 qui
1126 3661 1152 3707 tc
1166 3650 1307 3720 intelligat,
1326 3667 1433 3707 sensum
1454 3654 1505 3721 qui
1530 3664 1558 3709 tc
1578 3660 1693 3723 serrtiat,
1712 3660 1754 3712 sui·

965 3737 1038 3775 ritum
1055 3721 1099 3789 qui
1115 3729 1141 3778 te
1154 3721 1251 3790 sapiat,
1273 3719 1438 3790 diligentiam
1459 3739 1527 3792 quae
1547 3734 1577 3779 te
1597 3740 1711 3796 quaernt,
1725 3746 1755 3782 se

964 3791 1093 3860 pientiam
1107 3807 1167 3860 qum
1179 3800 1205 3844 tc
1220 3791 1348 3853 inueniat,
1361 3792 1482 3845 unimam
1507 3810 1574 3862 quae
1589 3806 1618 3852 te
1636 3812 1755 3869 aquiescat.

965 3860 1059 3917 ocutos
1078 3860 1168 3914 eurulis
1186 3861 1232 3929 qni
1254 3869 1279 3913 te
1304 3860 1422 3922 videant,
1444 3870 1696 3923 conversationem
1711 3886 1756 3937 qua

966 3932 1015 3988 tibi
1030 3930 1145 4000 placem,
1156 3934 1384 3998 perseuerantiam
1397 3947 1457 4000 quse
1476 3942 1504 3987 te
1522 3947 1682 4004 exspuet-tet,
1695 3940 1756 3992 nuru

965 4000 1129 4070 perlectum.
1153 4000 1324 4068 presentiam
1343 4011 1576 4066 munumentum
1596 4011 1755 4063 resurrectio

966 4085 1039 4133 uem,
1064 4071 1162 4124 loriam
1186 4070 1400 4133 reu-ilunionem,
1431 4073 1520 4126 ritum
1553 4087 1691 4133 meursium
1706 4080 1756 4147 :qni

966 4155 1063 4210 regulus
1077 4141 1212 4195 insaecula
1228 4140 1398 4205 seculorum.
1408 4141 1510 4206 durren,

1181 4248 1273 4305 Orotio
1285 4251 1369 4316 suncti
1384 4251 1541 4322 Anqustiui.

1002 4365 1073 4419 [leurs
1089 4363 1219 4432 justitirc,
1236 4373 1263 4417 te
1281 4365 1431 4434 deprecor,
1449 4365 1525 4423 Deus
1554 4372 1754 4428 misericordie.

929 4435 1038 4513 „fleus
1053 4434 1203 4496 inuisibilis,
1224 4435 1294 4487 Deris
1307 4435 1612 4506 incomprehensibilis,
1632 4444 1699 4498 licus
1712 4442 1755 4494 inc

967 4503 1120 4567 narrabilis,
1134 4504 1204 4558 Deus
1214 4513 1325 4566 retente,
1340 4505 1409 4557 lictus
1423 4516 1588 4576 perpetue,
1606 4513 1677 4566 Derrs
1691 4514 1755 4564 bene

967 4573 1049 4635 dicte,
1066 4573 1135 4628 Deus
1148 4573 1225 4639 errius
1236 4575 1336 4637 omniu,
1353 4574 1424 4628 licus
1436 4575 1465 4629 in
1489 4592 1549 4644 quo
1573 4584 1678 4646 omnia,
1702 4581 1756 4633 deos

969 4644 1019 4698 suls
1031 4657 1084 4711 quo
1101 4644 1203 4706 omniu,
1218 4644 1289 4697 Deus
1308 4658 1448 4712 perquem
1471 4648 1571 4702 ortrnis
1593 4662 1667 4705 sunt.
1689 4651 1756 4703 l‘srtr

969 4713 1067 4766 animm
1079 4727 1155 4776 mec,
1167 4728 1247 4782 poree
1262 4713 1338 4766 ruralis
1357 4714 1435 4777 rucis,
1450 4729 1538 4798 parce
1553 4721 1753 4787 procurismeis.

970 4796 1051 4851 putee
1061 4781 1219 4836 crimiuiturs
1230 4782 1306 4836 nucis.
1317 4780 1402 4836 Visite
1410 4783 1570 4850 iulrmuutn,
1580 4805 1650 4845 cura
1662 4804 1753 4861 ugrum

971 4866 1034 4904 sano
1050 4850 1214 4921 languidum.
1231 4853 1268 4904 lla
1283 4867 1331 4906 cor
1347 4853 1418 4919 equod
1429 4862 1456 4906 te
1468 4855 1583 4923 durent,
1598 4858 1753 4926 consummi

972 4931 999 4975 te
1008 4920 1139 4989 intelligat
1153 4961 1161 4983 ,
1173 4935 1252 4974 autres
1263 4936 1322 4990 qure
1332 4937 1424 4976 rocem
1438 4930 1516 4978 tuam
1531 4930 1663 4993 audient,
1682 4928 1755 4984 umbi

972 4989 1117 5057 cordisqui
1132 4998 1157 5043 tc
1171 4991 1287 5044 siricam.
1312 4990 1349 5044 lla
1367 4992 1514 5048 scintillam
1542 5002 1754 5068 snpientiaetnae.

972 5075 1032 5127 quse
1047 5059 1111 5113 milri
1122 5057 1343 5127 justificationum
1359 5068 1468 5116 urorum
1483 5064 1540 5119 iter
1554 5072 1692 5125 ostendas
1711 5078 1754 5122 etr

971 5129 1095 5191 faucibus
1109 5130 1210 5184 inimici
1221 5130 1348 5183 declinari
1365 5146 1407 5184 mo
1419 5132 1533 5187 doceat.
1554 5138 1686 5195 Miserere
1705 5138 1754 5194 roei.

971 5199 1051 5263 Dorus,
1063 5214 1145 5268 parce
1160 5199 1222 5268 quin
1234 5200 1343 5267 peccavi
1357 5201 1405 5254 riui
1426 5214 1434 5252 ι
1450 5202 1573 5277 indulge
1586 5211 1654 5279 qnia
1666 5207 1755 5280 penori

971 5269 1029 5331 tibi,
1047 5277 1074 5322 et
1086 5278 1198 5338 propter
1209 5269 1335 5322 dtrritiam
1349 5271 1440 5324 cordis
1455 5274 1511 5327 ruci
1528 5277 1562 5331 iu
1576 5279 1638 5350 ipsa
1649 5286 1755 5349 moes»

972 5353 1031 5391 rum
1048 5352 1168 5392 uteorum
1180 5347 1266 5392 mrsrtc
1277 5354 1412 5407 percurro.
1434 5340 1495 5412 Ego
1508 5359 1565 5401 ore
1578 5389 1587 5411 ‚
1611 5364 1663 5420 ego
1672 5347 1755 5405 meris,

970 5420 1020 5476 eqo
1030 5421 1119 5475 opere.
1132 5423 1183 5478 eqo
1196 5409 1224 5467 in
1236 5410 1359 5462 omnibus
1377 5410 1454 5465 uitiis
1473 5412 1656 5480 inquinatus,
1672 5428 1700 5473 et
1710 5432 1755 5472 s*

969 5477 1048 5531 uibus
1061 5475 1216 5535 sceleribus.
1231 5487 1373 5542 coopertus
1396 5495 1475 5544 sum;
1490 5487 1611 5542 reniam
1631 5498 1693 5559 peto
1704 5486 1755 5557 qh

968 5547 1081 5600 crimina
1094 5561 1236 5616 cognosco,
1253 5547 1354 5601 scolere
1371 5563 1431 5602 mea
1445 5550 1553 5617 tumor,
1580 5573 1645 5629 qua
1656 5559 1755 5614 euius·

131 5612 262 5689 exaudisti
275 5621 329 5666 tres
341 5625 438 5680 numos
451 5613 483 5665 de
493 5612 599 5690 cumino
609 5611 823 5680 ignisarrlentis;
836 5626 918 5665 exau·
967 5616 1126 5677 conlitercr,
1145 5625 1172 5668 te
1195 5626 1283 5670 tssncu
1303 5617 1387 5670 lutere
1400 5634 1454 5673 non
1469 5632 1619 5690 perrenni„
1643 5629 1681 5684 τῃ
1696 5624 1755 5683 μὴ

133 5677 158 5730 dr
175 5695 218 5733 ιιι
232 5692 353 5736 oracutum
366 5683 436 5737 sicut
445 5681 577 5735 csurrltsti
588 5678 684 5735 Jortarn
697 5681 729 5735 (ιι
742 5689 835 5735 uentre
846 5682 915 5748 cetl;
967 5694 1102 5739 scrutator
1115 5701 1144 5741 cs
1156 5687 1245 5742 cordis
1258 5697 1285 5741 et
1305 5689 1409 5742 renium
1423 5705 1431 5742 :
1448 5692 1499 5746 tibi
1513 5696 1681 5755 uliscendita
1694 5709 1757 5754 rare
