<?xml version="1.0" encoding="UTF-8"?>
<!DOCTYPE html PUBLIC "-//W3C//DTD XHTML 1.0 Transitional//EN"
    "http://www.w3.org/TR/xhtml1/DTD/xhtml1-transitional.dtd">
<html xmlns="http://www.w3.org/1999/xhtml" xml:lang="en" lang="en">
 <head>
  <title>
</title>
<meta http-equiv="Content-Type" content="text/html;charset=utf-8" />
  <meta name='ocr-system' content='tesseract 3.04.00' />
  <meta name='ocr-capabilities' content='ocr_page ocr_carea ocr_par ocr_line ocrx_word'/>
</head>
<body>
  <div class='ocr_page' id='page_1' title='image "./patrologiaecurs25goog_0411.png"; bbox 0 0 3780 6120; ppageno 0'>
   <div class='ocr_carea' id='block_1_1' title="bbox 124 223 1336 339">
    <p class='ocr_par' dir='ltr' id='par_1_1' title="bbox 124 223 1336 339">
     <span class='ocr_line' id='line_1_1' title="bbox 124 223 1336 339; baseline -0.02 -19"><span class='ocrx_word' id='word_1_1' title='bbox 124 262 179 321; x_wconf 85' lang='lat' dir='ltr'><strong>sor</strong></span> <span class='ocrx_word' id='word_1_2' title='bbox 371 334 374 339; x_wconf 83' lang='lat'><strong>.</strong></span> <span class='ocrx_word' id='word_1_3' title='bbox 535 257 567 314; x_wconf 87' lang='lat' dir='ltr'><strong>n.</strong></span> <span class='ocrx_word' id='word_1_4' title='bbox 588 255 620 312; x_wconf 86' lang='lat' dir='ltr'><strong>r.</strong></span> <span class='ocrx_word' id='word_1_5' title='bbox 642 252 755 308; x_wconf 80' lang='lat' dir='ltr'><strong>arom</strong></span> <span class='ocrx_word' id='word_1_6' title='bbox 775 250 842 307; x_wconf 80' lang='lat' dir='ltr'><strong>seo</strong></span> <span class='ocrx_word' id='word_1_7' title='bbox 860 246 1000 305; x_wconf 77' lang='lat' dir='ltr'><strong>areuna</strong></span> <span class='ocrx_word' id='word_1_8' title='bbox 1020 244 1165 304; x_wconf 82' lang='lat' dir='ltr'><strong>onenou</strong></span> <span class='ocrx_word' id='word_1_9' title='bbox 1182 223 1275 301; x_wconf 80' lang='lat' dir='ltr'><strong>runs</strong></span> <span class='ocrx_word' id='word_1_10' title='bbox 1292 239 1336 298; x_wconf 90' lang='lat' dir='ltr'><strong>u.</strong></span> 
     </span>
    </p>
   </div>
   <div class='ocr_carea' id='block_1_2' title="bbox 125 356 1700 452">
    <p class='ocr_par' dir='ltr' id='par_1_2' title="bbox 125 356 1700 452">
     <span class='ocr_line' id='line_1_2' title="bbox 125 356 1700 452; baseline -0.018 -13"><span class='ocrx_word' id='word_1_11' title='bbox 125 383 170 439; x_wconf 86' lang='lat' dir='ltr'><strong>Sic</strong></span> <span class='ocrx_word' id='word_1_12' title='bbox 182 381 250 452; x_wconf 78' lang='lat' dir='ltr'><strong>sugit</strong></span> <span class='ocrx_word' id='word_1_13' title='bbox 264 396 343 437; x_wconf 86' lang='lat' dir='ltr'><strong>ornus</strong></span> <span class='ocrx_word' id='word_1_14' title='bbox 355 381 448 448; x_wconf 85' lang='lat' dir='ltr'><strong>decus,</strong></span> <span class='ocrx_word' id='word_1_15' title='bbox 460 375 579 435; x_wconf 79' lang='lat' dir='ltr'><strong>dourinis</strong></span> <span class='ocrx_word' id='word_1_16' title='bbox 593 377 665 449; x_wconf 91' lang='lat' dir='ltr'><strong>quod</strong></span> <span class='ocrx_word' id='word_1_17' title='bbox 680 375 789 429; x_wconf 83' lang='lat' dir='ltr'><strong>dextera</strong></span> <span class='ocrx_word' id='word_1_18' title='bbox 803 370 877 436; x_wconf 81' lang='lat' dir='ltr'><strong>serit,</strong></span> <span class='ocrx_word' id='word_1_19' title='bbox 930 382 952 440; x_wconf 70' lang='grc' dir='ltr'><strong>Α</strong></span> <span class='ocrx_word' id='word_1_20' title='bbox 965 368 1036 436; x_wconf 83' lang='lat' dir='ltr'><strong>Quid</strong></span> <span class='ocrx_word' id='word_1_21' title='bbox 1044 369 1100 440; x_wconf 80' lang='lat' dir='ltr'><strong>jam</strong></span> <span class='ocrx_word' id='word_1_22' title='bbox 1115 368 1192 440; x_wconf 90' lang='lat' dir='ltr'><strong>plura</strong></span> <span class='ocrx_word' id='word_1_23' title='bbox 1202 365 1318 422; x_wconf 87' lang='lat' dir='ltr'><strong>canaml</strong></span> <span class='ocrx_word' id='word_1_24' title='bbox 1338 360 1481 416; x_wconf 77' lang='lat' dir='ltr'><strong>ttarcrseu</strong></span> <span class='ocrx_word' id='word_1_25' title='bbox 1493 365 1549 415; x_wconf 85' lang='lat' dir='ltr'><strong>tota</strong></span> <span class='ocrx_word' id='word_1_26' title='bbox 1558 356 1700 428; x_wconf 75' lang='lat' dir='ltr'><strong>iuuentus,</strong></span> 
     </span>
    </p>
   </div>
   <div class='ocr_carea' id='block_1_3' title="bbox 106 464 836 1631">
    <p class='ocr_par' dir='ltr' id='par_1_3' title="bbox 106 464 836 1631">
     <span class='ocr_line' id='line_1_3' title="bbox 162 464 743 531; baseline -0.022 0"><span class='ocrx_word' id='word_1_27' title='bbox 162 475 253 531; x_wconf 83' lang='lat' dir='ltr'>Gloria</span> <span class='ocrx_word' id='word_1_28' title='bbox 266 478 408 531; x_wconf 77' lang='lat' dir='ltr'><strong>saelorum</strong></span> <span class='ocrx_word' id='word_1_29' title='bbox 422 472 462 527; x_wconf 88' lang='lat' dir='ltr'><strong>sie</strong></span> <span class='ocrx_word' id='word_1_30' title='bbox 473 469 544 527; x_wconf 84' lang='lat' dir='ltr'><strong>reiut</strong></span> <span class='ocrx_word' id='word_1_31' title='bbox 555 469 651 524; x_wconf 88' lang='lat' dir='ltr'><strong>umbra</strong></span> <span class='ocrx_word' id='word_1_32' title='bbox 661 464 743 520; x_wconf 76' lang='lat' dir='ltr'><strong>solat</strong></span> 
     </span>
     <span class='ocr_line' id='line_1_4' title="bbox 126 553 831 635; baseline -0.017 -12"><span class='ocrx_word' id='word_1_33' title='bbox 126 566 161 622; x_wconf 89' lang='lat' dir='ltr'><strong>Ut</strong></span> <span class='ocrx_word' id='word_1_34' title='bbox 175 569 269 623; x_wconf 90' lang='lat' dir='ltr'><strong>sitiens</strong></span> <span class='ocrx_word' id='word_1_35' title='bbox 283 564 398 635; x_wconf 87' lang='lat' dir='ltr'><strong>liquidas</strong></span> <span class='ocrx_word' id='word_1_36' title='bbox 412 561 514 617; x_wconf 86' lang='lat' dir='ltr'><strong>iurstra</strong></span> <span class='ocrx_word' id='word_1_37' title='bbox 528 559 578 616; x_wconf 76' lang='lat' dir='ltr'><strong>silai</strong></span> <span class='ocrx_word' id='word_1_38' title='bbox 598 556 716 614; x_wconf 81' lang='lat' dir='ltr'><strong>somnior</strong></span> <span class='ocrx_word' id='word_1_39' title='bbox 734 553 831 612; x_wconf 84' lang='lat' dir='ltr'><strong>undas.</strong></span> 
     </span>
     <span class='ocr_line' id='line_1_5' title="bbox 160 645 826 728; baseline -0.026 -15"><span class='ocrx_word' id='word_1_40' title='bbox 160 658 205 713; x_wconf 87' lang='lat' dir='ltr'><strong>Sic</strong></span> <span class='ocrx_word' id='word_1_41' title='bbox 217 673 299 728; x_wconf 83' lang='lat' dir='ltr'><strong>gazas</strong></span> <span class='ocrx_word' id='word_1_42' title='bbox 317 655 409 710; x_wconf 89' lang='lat' dir='ltr'><strong>muudi</strong></span> <span class='ocrx_word' id='word_1_43' title='bbox 421 655 496 709; x_wconf 88' lang='lat' dir='ltr'><strong>dives</strong></span> <span class='ocrx_word' id='word_1_44' title='bbox 512 648 603 724; x_wconf 85' lang='lat' dir='ltr'><strong>[dites]</strong></span> <span class='ocrx_word' id='word_1_45' title='bbox 614 645 725 703; x_wconf 86' lang='lat' dir='ltr'><strong>habebit</strong></span> <span class='ocrx_word' id='word_1_46' title='bbox 739 645 826 714; x_wconf 87' lang='lat' dir='ltr'><strong>inops.</strong></span> 
     </span>
     <span class='ocr_line' id='line_1_6' title="bbox 124 739 836 818; baseline -0.022 -16"><span class='ocrx_word' id='word_1_47' title='bbox 124 747 256 818; x_wconf 85' lang='lat' dir='ltr'><strong>&#39;lerupora</strong></span> <span class='ocrx_word' id='word_1_48' title='bbox 268 762 316 802; x_wconf 88' lang='lat' dir='ltr'><strong>cur</strong></span> <span class='ocrx_word' id='word_1_49' title='bbox 333 752 438 801; x_wconf 88' lang='lat' dir='ltr'><strong>tantum</strong></span> <span class='ocrx_word' id='word_1_50' title='bbox 456 739 682 810; x_wconf 79' lang='lat' dir='ltr'><strong>irretelougiuqua</strong></span> <span class='ocrx_word' id='word_1_51' title='bbox 699 742 836 797; x_wconf 80' lang='lat' dir='ltr'><strong>retexam,</strong></span> 
     </span>
     <span class='ocr_line' id='line_1_7' title="bbox 106 826 788 901; baseline -0.022 -7"><span class='ocrx_word' id='word_1_52' title='bbox 106 834 109 850; x_wconf 89' lang='lat'>‘</span> <span class='ocrx_word' id='word_1_53' title='bbox 160 841 193 893; x_wconf 78' lang='lat' dir='ltr'><strong>Fa</strong></span> <span class='ocrx_word' id='word_1_54' title='bbox 208 849 328 893; x_wconf 77' lang='lat' dir='ltr'><strong>ueterum</strong></span> <span class='ocrx_word' id='word_1_55' title='bbox 342 836 456 891; x_wconf 89' lang='lat' dir='ltr'><strong>miseros</strong></span> <span class='ocrx_word' id='word_1_56' title='bbox 469 833 590 888; x_wconf 77' lang='lat' dir='ltr'>carmine</span> <span class='ocrx_word' id='word_1_57' title='bbox 603 830 700 901; x_wconf 81' lang='lat' dir='ltr'><strong>plango</strong></span> <span class='ocrx_word' id='word_1_58' title='bbox 713 826 788 883; x_wconf 81' lang='lat' dir='ltr'><strong>dies?</strong></span> 
     </span>
     <span class='ocr_line' id='line_1_8' title="bbox 124 916 800 1000; baseline -0.021 -16"><span class='ocrx_word' id='word_1_59' title='bbox 124 930 192 983; x_wconf 80' lang='lat' dir='ltr'><strong>llum</strong></span> <span class='ocrx_word' id='word_1_60' title='bbox 207 944 325 1000; x_wconf 77' lang='lat' dir='ltr'><strong>perseus</strong></span> <span class='ocrx_word' id='word_1_61' title='bbox 338 927 396 981; x_wconf 86' lang='lat' dir='ltr'><strong>dies</strong></span> <span class='ocrx_word' id='word_1_62' title='bbox 409 923 512 996; x_wconf 89' lang='lat' dir='ltr'><strong>patitur</strong></span> <span class='ocrx_word' id='word_1_63' title='bbox 525 923 618 993; x_wconf 74' lang='lat' dir='ltr'><strong>peiora</strong></span> <span class='ocrx_word' id='word_1_64' title='bbox 632 934 682 992; x_wconf 90' lang='lat' dir='ltr'><strong>per</strong></span> <span class='ocrx_word' id='word_1_65' title='bbox 694 916 800 981; x_wconf 86' lang='lat' dir='ltr'><strong>orbem,</strong></span> 
     </span>
     <span class='ocr_line' id='line_1_9' title="bbox 159 1012 724 1076; baseline -0.012 -2"><span class='ocrx_word' id='word_1_66' title='bbox 159 1022 193 1074; x_wconf 85' lang='lat' dir='ltr'><strong>Et</strong></span> <span class='ocrx_word' id='word_1_67' title='bbox 209 1022 306 1076; x_wconf 88' lang='lat' dir='ltr'><strong>misera</strong></span> <span class='ocrx_word' id='word_1_68' title='bbox 325 1018 440 1073; x_wconf 89' lang='lat' dir='ltr'><strong>mundus</strong></span> <span class='ocrx_word' id='word_1_69' title='bbox 452 1032 522 1072; x_wconf 90' lang='lat' dir='ltr'><strong>nune</strong></span> <span class='ocrx_word' id='word_1_70' title='bbox 532 1014 633 1071; x_wconf 85' lang='lat' dir='ltr'><strong>ditione</strong></span> <span class='ocrx_word' id='word_1_71' title='bbox 643 1012 724 1070; x_wconf 87' lang='lat' dir='ltr'><strong>delet.</strong></span> 
     </span>
     <span class='ocr_line' id='line_1_10' title="bbox 123 1109 701 1183; baseline -0.005 -16"><span class='ocrx_word' id='word_1_72' title='bbox 123 1113 186 1167; x_wconf 67' lang='lat' dir='ltr'><strong>Asia</strong></span> <span class='ocrx_word' id='word_1_73' title='bbox 197 1113 250 1166; x_wconf 89' lang='lat' dir='ltr'><strong>lata</strong></span> <span class='ocrx_word' id='word_1_74' title='bbox 263 1112 345 1182; x_wconf 80' lang='lat' dir='ltr'><strong>gemit</strong></span> <span class='ocrx_word' id='word_1_75' title='bbox 357 1111 470 1181; x_wconf 72' lang='lat' dir='ltr'><strong>paganis</strong></span> <span class='ocrx_word' id='word_1_76' title='bbox 483 1125 577 1183; x_wconf 87' lang='lat' dir='ltr'><strong>pressa</strong></span> <span class='ocrx_word' id='word_1_77' title='bbox 587 1109 701 1172; x_wconf 86' lang='lat' dir='ltr'><strong>eoleuis,</strong></span> 
     </span>
     <span class='ocr_line' id='line_1_11' title="bbox 159 1198 788 1272; baseline -0.006 -17"><span class='ocrx_word' id='word_1_78' title='bbox 159 1202 244 1268; x_wconf 78' lang='lat' dir='ltr'><strong>Quam</strong></span> <span class='ocrx_word' id='word_1_79' title='bbox 256 1203 354 1271; x_wconf 86' lang='lat' dir='ltr'><strong>proruit</strong></span> <span class='ocrx_word' id='word_1_80' title='bbox 369 1210 398 1258; x_wconf 88' lang='lat' dir='ltr'><strong>et</strong></span> <span class='ocrx_word' id='word_1_81' title='bbox 408 1201 507 1272; x_wconf 88' lang='lat' dir='ltr'><strong>spoliat</strong></span> <span class='ocrx_word' id='word_1_82' title='bbox 518 1216 583 1272; x_wconf 79' lang='lat' dir='ltr'><strong>gens</strong></span> <span class='ocrx_word' id='word_1_83' title='bbox 601 1200 710 1255; x_wconf 87' lang='lat' dir='ltr'><strong>inimica</strong></span> <span class='ocrx_word' id='word_1_84' title='bbox 724 1198 788 1254; x_wconf 86' lang='lat' dir='ltr'><strong>Deo.</strong></span> 
     </span>
     <span class='ocr_line' id='line_1_12' title="bbox 122 1288 753 1362; baseline -0.002 -19"><span class='ocrx_word' id='word_1_85' title='bbox 122 1288 212 1344; x_wconf 77' lang='lat' dir='ltr'><strong>Airiea</strong></span> <span class='ocrx_word' id='word_1_86' title='bbox 223 1288 279 1360; x_wconf 74' lang='lat' dir='ltr'><strong>jam</strong></span> <span class='ocrx_word' id='word_1_87' title='bbox 293 1290 376 1345; x_wconf 81' lang='lat' dir='ltr'><strong>seruit</strong></span> <span class='ocrx_word' id='word_1_88' title='bbox 387 1304 451 1359; x_wconf 91' lang='lat' dir='ltr'><strong>pars</strong></span> <span class='ocrx_word' id='word_1_89' title='bbox 465 1288 554 1362; x_wconf 72' lang='lat' dir='ltr'><strong>ruagui</strong></span> <span class='ocrx_word' id='word_1_90' title='bbox 569 1289 649 1343; x_wconf 88' lang='lat' dir='ltr'><strong>tertia</strong></span> <span class='ocrx_word' id='word_1_91' title='bbox 662 1288 753 1343; x_wconf 90' lang='lat' dir='ltr'><strong>mundi</strong></span> 
     </span>
     <span class='ocr_line' id='line_1_13' title="bbox 163 1378 785 1451; baseline -0.005 -16"><span class='ocrx_word' id='word_1_92' title='bbox 163 1382 235 1437; x_wconf 83' lang='lat' dir='ltr'>Proh</span> <span class='ocrx_word' id='word_1_93' title='bbox 247 1381 337 1437; x_wconf 85' lang='lat' dir='ltr'><strong>dolor!</strong></span> <span class='ocrx_word' id='word_1_94' title='bbox 356 1381 424 1436; x_wconf 90' lang='lat' dir='ltr'><strong>lreul</strong></span> <span class='ocrx_word' id='word_1_95' title='bbox 443 1390 500 1437; x_wconf 88' lang='lat' dir='ltr'><strong>toto</strong></span> <span class='ocrx_word' id='word_1_96' title='bbox 510 1379 648 1451; x_wconf 76' lang='lat' dir='ltr'>pestiferis</span> <span class='ocrx_word' id='word_1_97' title='bbox 659 1378 785 1434; x_wconf 91' lang='lat' dir='ltr'><strong>dominis.</strong></span> 
     </span>
     <span class='ocr_line' id='line_1_14' title="bbox 121 1468 832 1542; baseline -0.006 -16"><span class='ocrx_word' id='word_1_98' title='bbox 121 1471 260 1542; x_wconf 81' lang='lat' dir='ltr'><strong>ilesperim</strong></span> <span class='ocrx_word' id='word_1_99' title='bbox 269 1472 397 1542; x_wconf 88' lang='lat' dir='ltr'><strong>populus,</strong></span> <span class='ocrx_word' id='word_1_100' title='bbox 408 1473 543 1542; x_wconf 87' lang='lat' dir='ltr'><strong>quondam</strong></span> <span class='ocrx_word' id='word_1_101' title='bbox 557 1487 622 1542; x_wconf 78' lang='lat' dir='ltr'><strong>gens</strong></span> <span class='ocrx_word' id='word_1_102' title='bbox 633 1470 730 1542; x_wconf 85' lang='lat' dir='ltr'><strong>inclyta</strong></span> <span class='ocrx_word' id='word_1_103' title='bbox 742 1468 832 1535; x_wconf 89' lang='lat' dir='ltr'><strong>bellis,</strong></span> 
     </span>
     <span class='ocr_line' id='line_1_15' title="bbox 156 1561 698 1631; baseline -0.002 -16"><span class='ocrx_word' id='word_1_104' title='bbox 156 1562 255 1618; x_wconf 77' lang='lat' dir='ltr'><strong>irnisis</strong></span> <span class='ocrx_word' id='word_1_105' title='bbox 271 1565 386 1631; x_wconf 88' lang='lat' dir='ltr'><strong>sceptris</strong></span> <span class='ocrx_word' id='word_1_106' title='bbox 398 1561 482 1615; x_wconf 84' lang='lat' dir='ltr'><strong>servit</strong></span> <span class='ocrx_word' id='word_1_107' title='bbox 499 1569 524 1616; x_wconf 86' lang='lat' dir='ltr'><strong>et</strong></span> <span class='ocrx_word' id='word_1_108' title='bbox 539 1561 596 1631; x_wconf 92' lang='lat' dir='ltr'><strong>ipsa</strong></span> <span class='ocrx_word' id='word_1_109' title='bbox 608 1561 698 1615; x_wconf 90' lang='lat' dir='ltr'><strong>modo.</strong></span> 
     </span>
    </p>
   </div>
   <div class='ocr_carea' id='block_1_4' title="bbox 1001 450 1669 528">
    <p class='ocr_par' dir='ltr' id='par_1_4' title="bbox 1001 450 1669 528">
     <span class='ocr_line' id='line_1_16' title="bbox 1001 450 1669 528; baseline -0.016 -16"><span class='ocrx_word' id='word_1_110' title='bbox 1001 458 1059 513; x_wconf 83' lang='lat' dir='ltr'><strong>laur</strong></span> <span class='ocrx_word' id='word_1_111' title='bbox 1071 460 1142 528; x_wconf 86' lang='lat' dir='ltr'><strong>perit</strong></span> <span class='ocrx_word' id='word_1_112' title='bbox 1153 465 1235 527; x_wconf 88' lang='lat' dir='ltr'><strong>atque</strong></span> <span class='ocrx_word' id='word_1_113' title='bbox 1247 455 1320 511; x_wconf 83' lang='lat' dir='ltr'><strong>earlit</strong></span> <span class='ocrx_word' id='word_1_114' title='bbox 1335 451 1458 521; x_wconf 89' lang='lat' dir='ltr'><strong>corporis</strong></span> <span class='ocrx_word' id='word_1_115' title='bbox 1470 464 1550 504; x_wconf 90' lang='lat' dir='ltr'><strong>omue</strong></span> <span class='ocrx_word' id='word_1_116' title='bbox 1562 450 1646 505; x_wconf 73' lang='lat' dir='ltr'><strong>decos</strong></span> <span class='ocrx_word' id='word_1_117' title='bbox 1661 464 1669 501; x_wconf 73' lang='grc' dir='ltr'>ι</span> 
     </span>
    </p>
   </div>
   <div class='ocr_carea' id='block_1_5' title="bbox 966 542 1590 618">
    <p class='ocr_par' dir='ltr' id='par_1_5' title="bbox 966 542 1590 618">
     <span class='ocr_line' id='line_1_17' title="bbox 966 542 1590 618; baseline -0.016 -15"><span class='ocrx_word' id='word_1_118' title='bbox 966 549 1000 603; x_wconf 69' lang='lat' dir='ltr'><strong>iit</strong></span> <span class='ocrx_word' id='word_1_119' title='bbox 1015 549 1091 618; x_wconf 89' lang='lat' dir='ltr'><strong>pellis</strong></span> <span class='ocrx_word' id='word_1_120' title='bbox 1104 557 1208 604; x_wconf 86' lang='lat' dir='ltr'><strong>tautum</strong></span> <span class='ocrx_word' id='word_1_121' title='bbox 1221 559 1306 601; x_wconf 78' lang='lat' dir='ltr'><strong>saeua</strong></span> <span class='ocrx_word' id='word_1_122' title='bbox 1320 545 1364 598; x_wconf 82' lang='lat' dir='ltr'><strong>rix</strong></span> <span class='ocrx_word' id='word_1_123' title='bbox 1375 544 1483 598; x_wconf 82' lang='lat' dir='ltr'><strong>ossibus</strong></span> <span class='ocrx_word' id='word_1_124' title='bbox 1495 542 1590 604; x_wconf 77' lang='lat' dir='ltr'><strong>heret,</strong></span> 
     </span>
    </p>
   </div>
   <div class='ocr_carea' id='block_1_6' title="bbox 1000 635 1654 711">
    <p class='ocr_par' dir='ltr' id='par_1_6' title="bbox 1000 635 1654 711">
     <span class='ocr_line' id='line_1_18' title="bbox 1000 635 1654 711; baseline -0.012 -17"><span class='ocrx_word' id='word_1_125' title='bbox 1000 639 1055 695; x_wconf 86' lang='lat' dir='ltr'><strong>Nee</strong></span> <span class='ocrx_word' id='word_1_126' title='bbox 1065 638 1294 711; x_wconf 80' lang='lat' dir='ltr'><strong>eognoseltlrorno</strong></span> <span class='ocrx_word' id='word_1_127' title='bbox 1303 635 1412 708; x_wconf 82' lang='lat' dir='ltr'><strong>propria</strong></span> <span class='ocrx_word' id='word_1_128' title='bbox 1422 635 1543 690; x_wconf 81' lang='lat' dir='ltr'><strong>membra</strong></span> <span class='ocrx_word' id='word_1_129' title='bbox 1558 647 1654 689; x_wconf 84' lang='lat' dir='ltr'><strong>senex.</strong></span> 
     </span>
    </p>
   </div>
   <div class='ocr_carea' id='block_1_7' title="bbox 965 725 1690 800">
    <p class='ocr_par' dir='ltr' id='par_1_7' title="bbox 965 725 1690 800">
     <span class='ocr_line' id='line_1_19' title="bbox 965 725 1690 800; baseline -0.008 -14"><span class='ocrx_word' id='word_1_130' title='bbox 965 731 1042 800; x_wconf 83' lang='lat' dir='ltr'><strong>Quod</strong></span> <span class='ocrx_word' id='word_1_131' title='bbox 1056 730 1117 797; x_wconf 86' lang='lat' dir='ltr'><strong>luit,</strong></span> <span class='ocrx_word' id='word_1_132' title='bbox 1136 730 1206 786; x_wconf 84' lang='lat' dir='ltr'><strong>alter</strong></span> <span class='ocrx_word' id='word_1_133' title='bbox 1219 729 1287 792; x_wconf 85' lang='lat' dir='ltr'><strong>erit;</strong></span> <span class='ocrx_word' id='word_1_134' title='bbox 1309 725 1427 783; x_wconf 79' lang='lat' dir='ltr'><strong>necerit</strong></span> <span class='ocrx_word' id='word_1_135' title='bbox 1442 728 1509 797; x_wconf 84' lang='lat' dir='ltr'><strong>ipse,</strong></span> <span class='ocrx_word' id='word_1_136' title='bbox 1523 728 1595 798; x_wconf 92' lang='lat' dir='ltr'><strong>quod</strong></span> <span class='ocrx_word' id='word_1_137' title='bbox 1610 727 1690 796; x_wconf 84' lang='lat' dir='ltr'><strong>ipse:</strong></span> 
     </span>
    </p>
   </div>
   <div class='ocr_carea' id='block_1_8' title="bbox 1000 818 1544 892">
    <p class='ocr_par' dir='ltr' id='par_1_8' title="bbox 1000 818 1544 892">
     <span class='ocr_line' id='line_1_20' title="bbox 1000 818 1544 892; baseline -0.011 -15"><span class='ocrx_word' id='word_1_138' title='bbox 1000 822 1056 879; x_wconf 77' lang='lat' dir='ltr'><strong>rur</strong></span> <span class='ocrx_word' id='word_1_139' title='bbox 1066 823 1118 878; x_wconf 93' lang='lat' dir='ltr'><strong>erit</strong></span> <span class='ocrx_word' id='word_1_140' title='bbox 1127 823 1185 892; x_wconf 88' lang='lat' dir='ltr'><strong>ipse</strong></span> <span class='ocrx_word' id='word_1_141' title='bbox 1196 836 1261 876; x_wconf 92' lang='lat' dir='ltr'><strong>suus</strong></span> <span class='ocrx_word' id='word_1_142' title='bbox 1273 819 1440 890; x_wconf 74' lang='lat' dir='ltr'><strong>temporibus</strong></span> <span class='ocrx_word' id='word_1_143' title='bbox 1453 818 1544 872; x_wconf 81' lang='lat' dir='ltr'><strong>uariis.</strong></span> 
     </span>
    </p>
   </div>
   <div class='ocr_carea' id='block_1_9' title="bbox 965 911 1599 971">
    <p class='ocr_par' dir='ltr' id='par_1_9' title="bbox 965 911 1599 971">
     <span class='ocr_line' id='line_1_21' title="bbox 965 911 1599 971; baseline -0.008 -1"><span class='ocrx_word' id='word_1_144' title='bbox 965 915 1012 971; x_wconf 82' lang='lat' dir='ltr'><strong>Sie</strong></span> <span class='ocrx_word' id='word_1_145' title='bbox 1025 923 1137 971; x_wconf 80' lang='lat' dir='ltr'><strong>uentura</strong></span> <span class='ocrx_word' id='word_1_146' title='bbox 1148 915 1207 970; x_wconf 88' lang='lat' dir='ltr'><strong>dies</strong></span> <span class='ocrx_word' id='word_1_147' title='bbox 1223 921 1326 968; x_wconf 84' lang='lat' dir='ltr'><strong>urentes</strong></span> <span class='ocrx_word' id='word_1_148' title='bbox 1341 911 1458 966; x_wconf 81' lang='lat' dir='ltr'><strong>urataltit</strong></span> <span class='ocrx_word' id='word_1_149' title='bbox 1472 919 1500 964; x_wconf 92' lang='lat' dir='ltr'><strong>et</strong></span> <span class='ocrx_word' id='word_1_150' title='bbox 1511 920 1599 965; x_wconf 85' lang='lat' dir='ltr'><strong>artrrs.</strong></span> 
     </span>
    </p>
   </div>
   <div class='ocr_carea' id='block_1_10' title="bbox 1000 1002 1590 1077">
    <p class='ocr_par' dir='ltr' id='par_1_10' title="bbox 1000 1002 1590 1077">
     <span class='ocr_line' id='line_1_22' title="bbox 1000 1002 1590 1077; baseline -0.005 -17"><span class='ocrx_word' id='word_1_151' title='bbox 1000 1007 1087 1077; x_wconf 77' lang='lat' dir='ltr'><strong>Atque</strong></span> <span class='ocrx_word' id='word_1_152' title='bbox 1100 1007 1203 1062; x_wconf 85' lang='lat' dir='ltr'><strong>utinam</strong></span> <span class='ocrx_word' id='word_1_153' title='bbox 1219 1005 1314 1060; x_wconf 89' lang='lat' dir='ltr'><strong>melior</strong></span> <span class='ocrx_word' id='word_1_154' title='bbox 1325 1002 1452 1074; x_wconf 89' lang='lat' dir='ltr'><strong>proliciat</strong></span> <span class='ocrx_word' id='word_1_155' title='bbox 1466 1003 1590 1058; x_wconf 83' lang='lat' dir='ltr'><strong>meritis!</strong></span> 
     </span>
    </p>
   </div>
   <div class='ocr_carea' id='block_1_11' title="bbox 963 1095 1644 1169">
    <p class='ocr_par' dir='ltr' id='par_1_11' title="bbox 963 1095 1644 1169">
     <span class='ocr_line' id='line_1_23' title="bbox 963 1095 1644 1169; baseline 0.001 -19"><span class='ocrx_word' id='word_1_156' title='bbox 963 1098 1136 1169; x_wconf 75' lang='lat' dir='ltr'><strong>Quapropter</strong></span> <span class='ocrx_word' id='word_1_157' title='bbox 1149 1096 1240 1168; x_wconf 87' lang='lat' dir='ltr'><strong>potius</strong></span> <span class='ocrx_word' id='word_1_158' title='bbox 1253 1095 1373 1152; x_wconf 69' lang='lat' dir='ltr'><strong>eoelestia</strong></span> <span class='ocrx_word' id='word_1_159' title='bbox 1388 1108 1496 1164; x_wconf 81' lang='lat' dir='ltr'><strong>semper</strong></span> <span class='ocrx_word' id='word_1_160' title='bbox 1508 1109 1644 1151; x_wconf 82' lang='lat' dir='ltr'><strong>amemus.</strong></span> 
     </span>
    </p>
   </div>
   <div class='ocr_carea' id='block_1_12' title="bbox 1001 1186 1572 1258">
    <p class='ocr_par' dir='ltr' id='par_1_12' title="bbox 1001 1186 1572 1258">
     <span class='ocr_line' id='line_1_24' title="bbox 1001 1186 1572 1258; baseline -0.002 -15"><span class='ocrx_word' id='word_1_161' title='bbox 1001 1190 1034 1243; x_wconf 87' lang='lat' dir='ltr'><strong>Et</strong></span> <span class='ocrx_word' id='word_1_162' title='bbox 1048 1202 1175 1244; x_wconf 81' lang='lat' dir='ltr'><strong>mansure</strong></span> <span class='ocrx_word' id='word_1_163' title='bbox 1189 1186 1263 1258; x_wconf 90' lang='lat' dir='ltr'><strong>polo,</strong></span> <span class='ocrx_word' id='word_1_164' title='bbox 1275 1201 1357 1257; x_wconf 83' lang='lat' dir='ltr'><strong>quam</strong></span> <span class='ocrx_word' id='word_1_165' title='bbox 1369 1186 1489 1258; x_wconf 85' lang='lat' dir='ltr'><strong>peritura</strong></span> <span class='ocrx_word' id='word_1_166' title='bbox 1503 1186 1572 1242; x_wconf 82' lang='lat' dir='ltr'><strong>solo.</strong></span> 
     </span>
    </p>
   </div>
   <div class='ocr_carea' id='block_1_13' title="bbox 966 1283 1634 1356">
    <p class='ocr_par' dir='ltr' id='par_1_13' title="bbox 966 1283 1634 1356">
     <span class='ocr_line' id='line_1_25' title="bbox 966 1283 1634 1356; baseline 0.003 -20"><span class='ocrx_word' id='word_1_167' title='bbox 966 1283 1015 1340; x_wconf 83' lang='lat' dir='ltr'><strong>ilie</strong></span> <span class='ocrx_word' id='word_1_168' title='bbox 1031 1287 1119 1340; x_wconf 80' lang='lat' dir='ltr'><strong>variat</strong></span> <span class='ocrx_word' id='word_1_169' title='bbox 1133 1294 1249 1356; x_wconf 90' lang='lat' dir='ltr'><strong>tempus,</strong></span> <span class='ocrx_word' id='word_1_170' title='bbox 1262 1284 1300 1339; x_wconf 77' lang='lat' dir='ltr'><strong>eil</strong></span> <span class='ocrx_word' id='word_1_171' title='bbox 1312 1298 1366 1339; x_wconf 92' lang='lat' dir='ltr'><strong>neu</strong></span> <span class='ocrx_word' id='word_1_172' title='bbox 1382 1283 1511 1340; x_wconf 84' lang='lat' dir='ltr'><strong>mutabile</strong></span> <span class='ocrx_word' id='word_1_173' title='bbox 1523 1285 1614 1341; x_wconf 80' lang='lat' dir='ltr'><strong>cernis</strong></span> <span class='ocrx_word' id='word_1_174' title='bbox 1627 1301 1634 1347; x_wconf 84' lang='lat'><em>;</em></span> 
     </span>
    </p>
   </div>
   <div class='ocr_carea' id='block_1_14' title="bbox 1002 1376 1562 1448">
    <p class='ocr_par' dir='ltr' id='par_1_14' title="bbox 1002 1376 1562 1448">
     <span class='ocr_line' id='line_1_26' title="bbox 1002 1376 1562 1448; baseline -0.002 -17"><span class='ocrx_word' id='word_1_175' title='bbox 1002 1378 1058 1432; x_wconf 90' lang='lat' dir='ltr'><strong>lllic</strong></span> <span class='ocrx_word' id='word_1_176' title='bbox 1071 1393 1123 1432; x_wconf 92' lang='lat' dir='ltr'><strong>una</strong></span> <span class='ocrx_word' id='word_1_177' title='bbox 1138 1377 1196 1432; x_wconf 88' lang='lat' dir='ltr'><strong>dies</strong></span> <span class='ocrx_word' id='word_1_178' title='bbox 1210 1390 1319 1448; x_wconf 78' lang='lat' dir='ltr'><strong>semper</strong></span> <span class='ocrx_word' id='word_1_179' title='bbox 1330 1376 1396 1439; x_wconf 85' lang='lat' dir='ltr'><strong>erit,</strong></span> <span class='ocrx_word' id='word_1_180' title='bbox 1411 1376 1481 1446; x_wconf 84' lang='lat' dir='ltr'><strong>qued</strong></span> <span class='ocrx_word' id='word_1_181' title='bbox 1496 1377 1562 1432; x_wconf 88' lang='lat' dir='ltr'><strong>erit..</strong></span> 
     </span>
    </p>
   </div>
   <div class='ocr_carea' id='block_1_15' title="bbox 964 1467 1725 1540">
    <p class='ocr_par' dir='ltr' id='par_1_15' title="bbox 964 1467 1725 1540">
     <span class='ocr_line' id='line_1_27' title="bbox 964 1467 1725 1540; baseline 0.003 -19"><span class='ocrx_word' id='word_1_182' title='bbox 964 1467 1024 1535; x_wconf 77' lang='lat' dir='ltr'><strong>Quo</strong></span> <span class='ocrx_word' id='word_1_183' title='bbox 1036 1478 1073 1532; x_wconf 85' lang='lat' dir='ltr'><strong>tu,</strong></span> <span class='ocrx_word' id='word_1_184' title='bbox 1089 1483 1191 1540; x_wconf 67' lang='lat' dir='ltr'><strong>quamn,</strong></span> <span class='ocrx_word' id='word_1_185' title='bbox 1203 1483 1280 1524; x_wconf 79' lang='lat' dir='ltr'><strong>nicus</strong></span> <span class='ocrx_word' id='word_1_186' title='bbox 1292 1476 1420 1533; x_wconf 86' lang='lat' dir='ltr'><strong>mentem,</strong></span> <span class='ocrx_word' id='word_1_187' title='bbox 1432 1482 1506 1539; x_wconf 75' lang='lat' dir='ltr'><strong>rogo,</strong></span> <span class='ocrx_word' id='word_1_188' title='bbox 1523 1469 1612 1540; x_wconf 80' lang='lat' dir='ltr'><strong>dirige</strong></span> <span class='ocrx_word' id='word_1_189' title='bbox 1625 1467 1725 1531; x_wconf 80' lang='lat' dir='ltr'><strong>lector:</strong></span> 
     </span>
    </p>
   </div>
   <div class='ocr_carea' id='block_1_16' title="bbox 1000 1561 1511 1630">
    <p class='ocr_par' dir='ltr' id='par_1_16' title="bbox 1000 1561 1511 1630">
     <span class='ocr_line' id='line_1_28' title="bbox 1000 1561 1511 1630; baseline 0 -15"><span class='ocrx_word' id='word_1_190' title='bbox 1000 1561 1056 1615; x_wconf 90' lang='lat' dir='ltr'><strong>illie</strong></span> <span class='ocrx_word' id='word_1_191' title='bbox 1070 1561 1193 1616; x_wconf 77' lang='lat' dir='ltr'><strong>inuenies</strong></span> <span class='ocrx_word' id='word_1_192' title='bbox 1206 1561 1277 1630; x_wconf 83' lang='lat' dir='ltr'><strong>quod</strong></span> <span class='ocrx_word' id='word_1_193' title='bbox 1296 1561 1386 1628; x_wconf 83' lang='lat' dir='ltr'><strong>cupiet</strong></span> <span class='ocrx_word' id='word_1_194' title='bbox 1396 1562 1443 1617; x_wconf 75' lang='lat' dir='ltr'><strong>tilii</strong></span> <span class='ocrx_word' id='word_1_195' title='bbox 1454 1577 1511 1616; x_wconf 88' lang='lat' dir='ltr'><strong>eur.</strong></span> 
     </span>
    </p>
   </div>
   <div class='ocr_carea' id='block_1_17' title="bbox 119 1651 1673 2002">
    <p class='ocr_par' dir='ltr' id='par_1_17' title="bbox 119 1651 1673 2002">
     <span class='ocr_line' id='line_1_29' title="bbox 119 1651 1673 1727; baseline 0.004 -21"><span class='ocrx_word' id='word_1_196' title='bbox 119 1654 258 1723; x_wconf 75' lang='lat' dir='ltr'><strong>Quidquid</strong></span> <span class='ocrx_word' id='word_1_197' title='bbox 269 1653 494 1723; x_wconf 84' lang='lat' dir='ltr'><strong>lrabeutpolelrri,</strong></span> <span class='ocrx_word' id='word_1_198' title='bbox 511 1653 616 1709; x_wconf 71' lang='lat' dir='ltr'><strong>bomiri</strong></span> <span class='ocrx_word' id='word_1_199' title='bbox 631 1653 674 1708; x_wconf 85' lang='lat' dir='ltr'><strong>vel</strong></span> <span class='ocrx_word' id='word_1_200' title='bbox 688 1651 787 1723; x_wconf 84' lang='lat' dir='ltr'><strong>templa</strong></span> <span class='ocrx_word' id='word_1_201' title='bbox 798 1652 913 1722; x_wconf 86' lang='lat' dir='ltr'><strong>decoris,</strong></span> <span class='ocrx_word' id='word_1_202' title='bbox 966 1654 1024 1723; x_wconf 77' lang='lat' dir='ltr'><strong>Qua</strong></span> <span class='ocrx_word' id='word_1_203' title='bbox 1039 1665 1084 1711; x_wconf 84' lang='lat' dir='ltr'><strong>tua</strong></span> <span class='ocrx_word' id='word_1_204' title='bbox 1094 1664 1121 1712; x_wconf 87' lang='lat' dir='ltr'><strong>te</strong></span> <span class='ocrx_word' id='word_1_205' title='bbox 1132 1670 1269 1726; x_wconf 79' lang='lat' dir='ltr'><strong>nunquam</strong></span> <span class='ocrx_word' id='word_1_206' title='bbox 1285 1653 1354 1710; x_wconf 86' lang='lat' dir='ltr'><strong>lallit</strong></span> <span class='ocrx_word' id='word_1_207' title='bbox 1367 1671 1440 1727; x_wconf 85' lang='lat' dir='ltr'><strong>spes,</strong></span> <span class='ocrx_word' id='word_1_208' title='bbox 1450 1658 1555 1712; x_wconf 73' lang='lat' dir='ltr'><strong>aslreua</strong></span> <span class='ocrx_word' id='word_1_209' title='bbox 1567 1658 1673 1721; x_wconf 89' lang='lat' dir='ltr'><strong>mundi,</strong></span> 
     </span>
     <span class='ocr_line' id='line_1_30' title="bbox 160 1720 1617 1818; baseline 0.002 -19"><span class='ocrx_word' id='word_1_210' title='bbox 160 1745 294 1810; x_wconf 80' lang='lat' dir='ltr'><strong>i&#39;astasit,</strong></span> <span class='ocrx_word' id='word_1_211' title='bbox 305 1745 395 1814; x_wconf 87' lang='lat' dir='ltr'><strong>rapuit</strong></span> <span class='ocrx_word' id='word_1_212' title='bbox 404 1744 512 1800; x_wconf 85' lang='lat' dir='ltr'><strong>ethnica</strong></span> <span class='ocrx_word' id='word_1_213' title='bbox 532 1744 626 1800; x_wconf 80' lang='lat' dir='ltr'><strong>dextra</strong></span> <span class='ocrx_word' id='word_1_214' title='bbox 638 1744 700 1800; x_wconf 85' lang='lat' dir='ltr'><strong>sibi.</strong></span> <span class='ocrx_word' id='word_1_215' title='bbox 932 1720 954 1779; x_wconf 72' lang='grc' dir='ltr'><strong>Β</strong></span> <span class='ocrx_word' id='word_1_216' title='bbox 1002 1746 1123 1817; x_wconf 76' lang='lat' dir='ltr'><strong>Aspicies</strong></span> <span class='ocrx_word' id='word_1_217' title='bbox 1136 1747 1264 1817; x_wconf 89' lang='lat' dir='ltr'><strong>patriam,</strong></span> <span class='ocrx_word' id='word_1_218' title='bbox 1274 1762 1356 1817; x_wconf 89' lang='lat' dir='ltr'><strong>quarn</strong></span> <span class='ocrx_word' id='word_1_219' title='bbox 1369 1756 1432 1803; x_wconf 87' lang='lat' dir='ltr'><strong>tuos</strong></span> <span class='ocrx_word' id='word_1_220' title='bbox 1445 1756 1520 1818; x_wconf 73' lang='lat' dir='ltr'><strong>opstat</strong></span> <span class='ocrx_word' id='word_1_221' title='bbox 1529 1763 1617 1804; x_wconf 87' lang='lat' dir='ltr'><strong>amor.</strong></span> 
     </span>
     <span class='ocr_line' id='line_1_31' title="bbox 122 1838 1556 1912; baseline -0.001 -18"><span class='ocrx_word' id='word_1_222' title='bbox 122 1839 180 1896; x_wconf 89' lang='lat' dir='ltr'><strong>lioc</strong></span> <span class='ocrx_word' id='word_1_223' title='bbox 191 1840 316 1912; x_wconf 77' lang='lat' dir='ltr'><strong>generale</strong></span> <span class='ocrx_word' id='word_1_224' title='bbox 327 1841 427 1896; x_wconf 87' lang='lat' dir='ltr'><strong>malum</strong></span> <span class='ocrx_word' id='word_1_225' title='bbox 442 1841 542 1896; x_wconf 75' lang='lat' dir='ltr'><strong>relevet</strong></span> <span class='ocrx_word' id='word_1_226' title='bbox 552 1840 669 1911; x_wconf 89' lang='lat' dir='ltr'><strong>speciale</strong></span> <span class='ocrx_word' id='word_1_227' title='bbox 682 1856 730 1912; x_wconf 91' lang='lat' dir='ltr'><strong>per</strong></span> <span class='ocrx_word' id='word_1_228' title='bbox 743 1840 849 1909; x_wconf 89' lang='lat' dir='ltr'><strong>orbem,</strong></span> <span class='ocrx_word' id='word_1_229' title='bbox 966 1839 1088 1894; x_wconf 78' lang='lat' dir='ltr'><strong>iuvenies</strong></span> <span class='ocrx_word' id='word_1_230' title='bbox 1099 1839 1211 1894; x_wconf 79' lang='lat' dir='ltr'><strong>ueniens</strong></span> <span class='ocrx_word' id='word_1_231' title='bbox 1222 1838 1279 1894; x_wconf 89' lang='lat' dir='ltr'><strong>illie</strong></span> <span class='ocrx_word' id='word_1_232' title='bbox 1295 1839 1364 1894; x_wconf 89' lang='lat' dir='ltr'><strong>bona</strong></span> <span class='ocrx_word' id='word_1_233' title='bbox 1381 1840 1479 1911; x_wconf 71' lang='lat' dir='ltr'><strong>gaudia</strong></span> <span class='ocrx_word' id='word_1_234' title='bbox 1494 1839 1556 1894; x_wconf 73' lang='lat' dir='ltr'><strong>silae</strong></span> 
     </span>
     <span class='ocr_line' id='line_1_32' title="bbox 158 1928 1599 2002; baseline 0.003 -20"><span class='ocrx_word' id='word_1_235' title='bbox 158 1929 235 1998; x_wconf 82' lang='lat' dir='ltr'><strong>Quod</strong></span> <span class='ocrx_word' id='word_1_236' title='bbox 246 1930 349 1999; x_wconf 89' lang='lat' dir='ltr'><strong>patitur</strong></span> <span class='ocrx_word' id='word_1_237' title='bbox 357 1930 431 1985; x_wconf 87' lang='lat' dir='ltr'><strong>solus</strong></span> <span class='ocrx_word' id='word_1_238' title='bbox 441 1930 565 2000; x_wconf 89' lang='lat' dir='ltr'><strong>quisque,</strong></span> <span class='ocrx_word' id='word_1_239' title='bbox 577 1929 648 1985; x_wconf 79' lang='lat' dir='ltr'><strong>serat</strong></span> <span class='ocrx_word' id='word_1_240' title='bbox 659 1930 754 1987; x_wconf 81' lang='lat' dir='ltr'><strong>levius.</strong></span> <span class='ocrx_word' id='word_1_241' title='bbox 999 1928 1149 2001; x_wconf 81' lang='lat' dir='ltr'><strong>Perpetuae,</strong></span> <span class='ocrx_word' id='word_1_242' title='bbox 1164 1944 1224 1999; x_wconf 78' lang='lat' dir='ltr'><strong>qua</strong></span> <span class='ocrx_word' id='word_1_243' title='bbox 1237 1939 1264 1985; x_wconf 85' lang='lat' dir='ltr'><strong>te</strong></span> <span class='ocrx_word' id='word_1_244' title='bbox 1283 1945 1391 2000; x_wconf 85' lang='lat' dir='ltr'><strong>semper</strong></span> <span class='ocrx_word' id='word_1_245' title='bbox 1401 1930 1503 1987; x_wconf 72' lang='lat' dir='ltr'><strong>haime</strong></span> <span class='ocrx_word' id='word_1_246' title='bbox 1513 1940 1599 2002; x_wconf 89' lang='lat' dir='ltr'><strong>potes.</strong></span> 
     </span>
    </p>
   </div>
   <div class='ocr_carea' id='block_1_18' title="bbox 121 2019 1631 2096">
    <p class='ocr_par' dir='ltr' id='par_1_18' title="bbox 121 2019 1631 2096">
     <span class='ocr_line' id='line_1_33' title="bbox 121 2019 1631 2096; baseline 0.01 -22"><span class='ocrx_word' id='word_1_247' title='bbox 121 2019 181 2074; x_wconf 79' lang='lat' dir='ltr'><strong>iam</strong></span> <span class='ocrx_word' id='word_1_248' title='bbox 198 2020 295 2076; x_wconf 87' lang='lat' dir='ltr'><strong>domus</strong></span> <span class='ocrx_word' id='word_1_249' title='bbox 308 2020 378 2075; x_wconf 84' lang='lat' dir='ltr'><strong>alma</strong></span> <span class='ocrx_word' id='word_1_250' title='bbox 399 2019 459 2085; x_wconf 74' lang='lat' dir='ltr'><strong>liei,</strong></span> <span class='ocrx_word' id='word_1_251' title='bbox 479 2020 606 2092; x_wconf 85' lang='lat' dir='ltr'><strong>princeps</strong></span> <span class='ocrx_word' id='word_1_252' title='bbox 623 2037 676 2091; x_wconf 87' lang='lat' dir='ltr'><strong>qua</strong></span> <span class='ocrx_word' id='word_1_253' title='bbox 692 2038 807 2094; x_wconf 87' lang='lat' dir='ltr'><strong>corpore</strong></span> <span class='ocrx_word' id='word_1_254' title='bbox 818 2032 913 2096; x_wconf 75' lang='lat' dir='ltr'><strong>putreat</strong></span> <span class='ocrx_word' id='word_1_255' title='bbox 964 2020 1055 2076; x_wconf 74' lang='lat' dir='ltr'><strong>eorus</strong></span> <span class='ocrx_word' id='word_1_256' title='bbox 1072 2020 1100 2074; x_wconf 75' lang='lat' dir='ltr'><strong>ie</strong></span> <span class='ocrx_word' id='word_1_257' title='bbox 1112 2027 1244 2076; x_wconf 62' lang='lat' dir='ltr'><strong>{eternum</strong></span> <span class='ocrx_word' id='word_1_258' title='bbox 1261 2019 1370 2077; x_wconf 71' lang='lat' dir='ltr'><strong>Christe</strong></span> <span class='ocrx_word' id='word_1_259' title='bbox 1381 2022 1521 2078; x_wconf 65' lang='lat' dir='ltr'><strong>sociabere</strong></span> <span class='ocrx_word' id='word_1_260' title='bbox 1534 2023 1631 2089; x_wconf 66' lang='lat' dir='ltr'><strong>civeis.</strong></span> 
     </span>
    </p>
   </div>
   <div class='ocr_carea' id='block_1_19' title="bbox 120 2110 1657 2463">
    <p class='ocr_par' dir='ltr' id='par_1_19' title="bbox 157 2110 1655 2187">
     <span class='ocr_line' id='line_1_34' title="bbox 157 2110 1655 2187; baseline 0.003 -22"><span class='ocrx_word' id='word_1_261' title='bbox 157 2112 265 2177; x_wconf 82' lang='lat' dir='ltr'><strong>Petrus,</strong></span> <span class='ocrx_word' id='word_1_262' title='bbox 281 2112 427 2182; x_wconf 84' lang='lat' dir='ltr'><strong>apostoliea</strong></span> <span class='ocrx_word' id='word_1_263' title='bbox 443 2113 586 2184; x_wconf 88' lang='lat' dir='ltr'><strong>primasio</strong></span> <span class='ocrx_word' id='word_1_264' title='bbox 599 2114 773 2179; x_wconf 84' lang='lat' dir='ltr'><strong>areePater;</strong></span> <span class='ocrx_word' id='word_1_265' title='bbox 1000 2110 1046 2164; x_wconf 91' lang='lat' dir='ltr'><strong>lile</strong></span> <span class='ocrx_word' id='word_1_266' title='bbox 1061 2118 1152 2166; x_wconf 88' lang='lat' dir='ltr'><strong>manet</strong></span> <span class='ocrx_word' id='word_1_267' title='bbox 1166 2123 1283 2182; x_wconf 83' lang='lat' dir='ltr'><strong>semper,</strong></span> <span class='ocrx_word' id='word_1_268' title='bbox 1303 2120 1333 2167; x_wconf 87' lang='lat' dir='ltr'><strong>tu</strong></span> <span class='ocrx_word' id='word_1_269' title='bbox 1347 2127 1454 2184; x_wconf 90' lang='lat' dir='ltr'><strong>quoque</strong></span> <span class='ocrx_word' id='word_1_270' title='bbox 1471 2128 1578 2187; x_wconf 87' lang='lat' dir='ltr'><strong>semper</strong></span> <span class='ocrx_word' id='word_1_271' title='bbox 1590 2116 1655 2172; x_wconf 87' lang='lat' dir='ltr'><strong>eris.</strong></span> 
     </span>
    </p>

    <p class='ocr_par' dir='ltr' id='par_1_20' title="bbox 121 2200 1638 2367">
     <span class='ocr_line' id='line_1_35' title="bbox 121 2200 1638 2280; baseline 0.006 -25"><span class='ocrx_word' id='word_1_272' title='bbox 121 2200 246 2258; x_wconf 69' lang='lat' dir='ltr'><strong>Perfidiae</strong></span> <span class='ocrx_word' id='word_1_273' title='bbox 262 2204 386 2258; x_wconf 82' lang='lat' dir='ltr'><strong>rnauilrus</strong></span> <span class='ocrx_word' id='word_1_274' title='bbox 400 2202 487 2259; x_wconf 82' lang='lat' dir='ltr'><strong>ierem</strong></span> <span class='ocrx_word' id='word_1_275' title='bbox 497 2211 602 2260; x_wconf 73' lang='lat' dir='ltr'><strong>resima</strong></span> <span class='ocrx_word' id='word_1_276' title='bbox 614 2203 709 2268; x_wconf 85' lang='lat' dir='ltr'><strong>luisse,</strong></span> <span class='ocrx_word' id='word_1_277' title='bbox 965 2203 1034 2269; x_wconf 83' lang='lat' dir='ltr'><strong>Quid</strong></span> <span class='ocrx_word' id='word_1_278' title='bbox 1046 2212 1073 2257; x_wconf 91' lang='lat' dir='ltr'><strong>tu</strong></span> <span class='ocrx_word' id='word_1_279' title='bbox 1086 2203 1223 2273; x_wconf 86' lang='lat' dir='ltr'><strong>pertristis</strong></span> <span class='ocrx_word' id='word_1_280' title='bbox 1233 2220 1330 2260; x_wconf 84' lang='lat' dir='ltr'><strong>aurum</strong></span> <span class='ocrx_word' id='word_1_281' title='bbox 1341 2214 1368 2261; x_wconf 86' lang='lat' dir='ltr'><strong>te</strong></span> <span class='ocrx_word' id='word_1_282' title='bbox 1388 2207 1503 2278; x_wconf 81' lang='lat' dir='ltr'><strong>perdere</strong></span> <span class='ocrx_word' id='word_1_283' title='bbox 1513 2207 1638 2280; x_wconf 73' lang='lat' dir='ltr'><strong>plangis?</strong></span> 
     </span>
     <span class='ocr_line' id='line_1_36' title="bbox 157 2292 1543 2367; baseline 0.006 -21"><span class='ocrx_word' id='word_1_284' title='bbox 157 2292 224 2347; x_wconf 78' lang='lat' dir='ltr'><strong>liora</strong></span> <span class='ocrx_word' id='word_1_285' title='bbox 236 2295 354 2365; x_wconf 79' lang='lat' dir='ltr'><strong>pretiosa</strong></span> <span class='ocrx_word' id='word_1_286' title='bbox 367 2295 464 2351; x_wconf 88' lang='lat' dir='ltr'><strong>domus</strong></span> <span class='ocrx_word' id='word_1_287' title='bbox 476 2295 558 2367; x_wconf 88' lang='lat' dir='ltr'><strong>impia</strong></span> <span class='ocrx_word' id='word_1_288' title='bbox 570 2296 666 2352; x_wconf 83' lang='lat' dir='ltr'><strong>dextra</strong></span> <span class='ocrx_word' id='word_1_289' title='bbox 681 2295 752 2350; x_wconf 85' lang='lat' dir='ltr'><strong>tulit.</strong></span> <span class='ocrx_word' id='word_1_290' title='bbox 1000 2296 1049 2351; x_wconf 84' lang='lat' dir='ltr'><strong>Est</strong></span> <span class='ocrx_word' id='word_1_291' title='bbox 1060 2310 1126 2352; x_wconf 88' lang='lat' dir='ltr'><strong>nure</strong></span> <span class='ocrx_word' id='word_1_292' title='bbox 1138 2296 1234 2353; x_wconf 87' lang='lat' dir='ltr'><strong>melius</strong></span> <span class='ocrx_word' id='word_1_293' title='bbox 1252 2297 1405 2356; x_wconf 84' lang='lat' dir='ltr'><strong>lucriileare</strong></span> <span class='ocrx_word' id='word_1_294' title='bbox 1417 2301 1433 2340; x_wconf 66' lang='lat' dir='ltr'><strong>b</strong></span> <span class='ocrx_word' id='word_1_295' title='bbox 1448 2300 1543 2356; x_wconf 78' lang='lat' dir='ltr'><strong>ileum.</strong></span> 
     </span>
    </p>

    <p class='ocr_par' dir='ltr' id='par_1_21' title="bbox 120 2383 1657 2463">
     <span class='ocr_line' id='line_1_37' title="bbox 120 2383 1657 2463; baseline 0.007 -25"><span class='ocrx_word' id='word_1_296' title='bbox 120 2383 266 2440; x_wconf 78' lang='lat' dir='ltr'><strong>Planxerat</strong></span> <span class='ocrx_word' id='word_1_297' title='bbox 279 2385 352 2441; x_wconf 63' lang='lat' dir='ltr'><strong>ltalia</strong></span> <span class='ocrx_word' id='word_1_298' title='bbox 367 2384 519 2442; x_wconf 80' lang='lat' dir='ltr'><strong>Gothorum</strong></span> <span class='ocrx_word' id='word_1_299' title='bbox 533 2397 654 2458; x_wconf 89' lang='lat' dir='ltr'><strong>ternpore</strong></span> <span class='ocrx_word' id='word_1_300' title='bbox 669 2395 727 2443; x_wconf 91' lang='lat' dir='ltr'><strong>tuto</strong></span> <span class='ocrx_word' id='word_1_301' title='bbox 737 2384 777 2460; x_wconf 86' lang='lat' dir='ltr'><strong>[F</strong></span> <span class='ocrx_word' id='word_1_302' title='bbox 779 2429 799 2455; x_wconf 92' lang='lat'><strong>.,</strong></span> <span class='ocrx_word' id='word_1_303' title='bbox 813 2388 879 2460; x_wconf 73' lang='lat' dir='ltr'><strong>trita]</strong></span> <span class='ocrx_word' id='word_1_304' title='bbox 963 2388 1035 2456; x_wconf 83' lang='lat' dir='ltr'><strong>Quid</strong></span> <span class='ocrx_word' id='word_1_305' title='bbox 1048 2388 1153 2457; x_wconf 85' lang='lat' dir='ltr'><strong>speeies</strong></span> <span class='ocrx_word' id='word_1_306' title='bbox 1173 2403 1255 2445; x_wconf 82' lang='lat' dir='ltr'><strong>uanas</strong></span> <span class='ocrx_word' id='word_1_307' title='bbox 1265 2388 1436 2463; x_wconf 70' lang='lat' dir='ltr'><strong>lacrymosis,</strong></span> <span class='ocrx_word' id='word_1_308' title='bbox 1450 2399 1524 2456; x_wconf 88' lang='lat' dir='ltr'><strong>nate,</strong></span> <span class='ocrx_word' id='word_1_309' title='bbox 1539 2392 1657 2463; x_wconf 83' lang='lat' dir='ltr'><strong>querelis</strong></span> 
     </span>
    </p>
   </div>
   <div class='ocr_carea' id='block_1_20' title="bbox 158 2474 1620 2556">
    <p class='ocr_par' dir='ltr' id='par_1_22' title="bbox 158 2474 1620 2556">
     <span class='ocr_line' id='line_1_38' title="bbox 158 2474 1620 2556; baseline 0.009 -27"><span class='ocrx_word' id='word_1_310' title='bbox 158 2474 281 2530; x_wconf 71' lang='lat' dir='ltr'><strong>vastarit</strong></span> <span class='ocrx_word' id='word_1_311' title='bbox 293 2476 392 2545; x_wconf 86' lang='lat' dir='ltr'><strong>templa</strong></span> <span class='ocrx_word' id='word_1_312' title='bbox 406 2477 493 2532; x_wconf 87' lang='lat' dir='ltr'><strong>lrostis</strong></span> <span class='ocrx_word' id='word_1_313' title='bbox 509 2478 611 2548; x_wconf 86' lang='lat' dir='ltr'><strong>ubique</strong></span> <span class='ocrx_word' id='word_1_314' title='bbox 623 2479 690 2533; x_wconf 83' lang='lat' dir='ltr'><strong>liei:</strong></span> <span class='ocrx_word' id='word_1_315' title='bbox 1000 2481 1191 2551; x_wconf 83' lang='lat' dir='ltr'><strong>Persequeris;</strong></span> <span class='ocrx_word' id='word_1_316' title='bbox 1207 2482 1264 2540; x_wconf 77' lang='lat' dir='ltr'><strong>laec</strong></span> <span class='ocrx_word' id='word_1_317' title='bbox 1284 2492 1312 2539; x_wconf 92' lang='lat' dir='ltr'><strong>tu</strong></span> <span class='ocrx_word' id='word_1_318' title='bbox 1325 2500 1375 2540; x_wconf 90' lang='lat' dir='ltr'><strong>eur</strong></span> <span class='ocrx_word' id='word_1_319' title='bbox 1390 2486 1507 2556; x_wconf 87' lang='lat' dir='ltr'><strong>peritura</strong></span> <span class='ocrx_word' id='word_1_320' title='bbox 1520 2486 1620 2556; x_wconf 81' lang='lat' dir='ltr'><strong>cupis?</strong></span> 
     </span>
    </p>
   </div>
   <div class='ocr_carea' id='block_1_21' title="bbox 119 2564 1723 4673">
    <p class='ocr_par' dir='ltr' id='par_1_23' title="bbox 120 2564 1686 2740">
     <span class='ocr_line' id='line_1_39' title="bbox 120 2564 1630 2655; baseline 0.011 -35"><span class='ocrx_word' id='word_1_321' title='bbox 120 2566 155 2620; x_wconf 81' lang='lat' dir='ltr'><strong>Et</strong></span> <span class='ocrx_word' id='word_1_322' title='bbox 166 2573 240 2620; x_wconf 75' lang='lat' dir='ltr'><strong>namt</strong></span> <span class='ocrx_word' id='word_1_323' title='bbox 251 2564 350 2621; x_wconf 88' lang='lat' dir='ltr'><strong>ellrrsus</strong></span> <span class='ocrx_word' id='word_1_324' title='bbox 360 2577 515 2623; x_wconf 81' lang='lat' dir='ltr'><strong>sanctorum</strong></span> <span class='ocrx_word' id='word_1_325' title='bbox 533 2569 643 2639; x_wconf 80' lang='lat' dir='ltr'><strong>sanguis</strong></span> <span class='ocrx_word' id='word_1_326' title='bbox 656 2570 682 2625; x_wconf 91' lang='lat' dir='ltr'><strong>ia</strong></span> <span class='ocrx_word' id='word_1_327' title='bbox 698 2571 768 2635; x_wconf 88' lang='lat' dir='ltr'><strong>auia,</strong></span> <span class='ocrx_word' id='word_1_328' title='bbox 965 2577 1040 2632; x_wconf 84' lang='lat' dir='ltr'><strong>Talia</strong></span> <span class='ocrx_word' id='word_1_329' title='bbox 1050 2578 1105 2648; x_wconf 82' lang='lat' dir='ltr'><strong>jam</strong></span> <span class='ocrx_word' id='word_1_330' title='bbox 1119 2579 1222 2647; x_wconf 73' lang='lat' dir='ltr'><strong>munii,</strong></span> <span class='ocrx_word' id='word_1_331' title='bbox 1238 2596 1291 2636; x_wconf 88' lang='lat' dir='ltr'><strong>uon</strong></span> <span class='ocrx_word' id='word_1_332' title='bbox 1305 2579 1405 2637; x_wconf 86' lang='lat' dir='ltr'><strong>Christi</strong></span> <span class='ocrx_word' id='word_1_333' title='bbox 1424 2581 1498 2655; x_wconf 72' lang='lat' dir='ltr'><strong>luget</strong></span> <span class='ocrx_word' id='word_1_334' title='bbox 1512 2591 1630 2648; x_wconf 87' lang='lat' dir='ltr'><strong>amator,</strong></span> 
     </span>
     <span class='ocr_line' id='line_1_40' title="bbox 156 2656 1686 2740; baseline 0.012 -32"><span class='ocrx_word' id='word_1_335' title='bbox 156 2657 213 2721; x_wconf 77' lang='lat' dir='ltr'><strong>Qua</strong></span> <span class='ocrx_word' id='word_1_336' title='bbox 229 2658 304 2726; x_wconf 84' lang='lat' dir='ltr'><strong>prius</strong></span> <span class='ocrx_word' id='word_1_337' title='bbox 318 2656 405 2712; x_wconf 88' lang='lat' dir='ltr'><strong>almus</strong></span> <span class='ocrx_word' id='word_1_338' title='bbox 419 2656 505 2712; x_wconf 88' lang='lat' dir='ltr'><strong>lrouor</strong></span> <span class='ocrx_word' id='word_1_339' title='bbox 518 2658 710 2730; x_wconf 80' lang='lat' dir='ltr'><strong>primipotentis</strong></span> <span class='ocrx_word' id='word_1_340' title='bbox 720 2672 788 2716; x_wconf 80' lang='lat' dir='ltr'><strong>eret.</strong></span> <span class='ocrx_word' id='word_1_341' title='bbox 1000 2667 1053 2733; x_wconf 80' lang='lat' dir='ltr'><strong>Sir,</strong></span> <span class='ocrx_word' id='word_1_342' title='bbox 1069 2683 1144 2740; x_wconf 76' lang='lat' dir='ltr'><strong>rego,</strong></span> <span class='ocrx_word' id='word_1_343' title='bbox 1159 2685 1212 2725; x_wconf 91' lang='lat' dir='ltr'><strong>non</strong></span> <span class='ocrx_word' id='word_1_344' title='bbox 1230 2685 1338 2735; x_wconf 86' lang='lat' dir='ltr'><strong>aurum,</strong></span> <span class='ocrx_word' id='word_1_345' title='bbox 1354 2671 1389 2726; x_wconf 87' lang='lat' dir='ltr'><strong>sit</strong></span> <span class='ocrx_word' id='word_1_346' title='bbox 1401 2670 1448 2726; x_wconf 88' lang='lat' dir='ltr'><strong>tilri</strong></span> <span class='ocrx_word' id='word_1_347' title='bbox 1462 2671 1590 2727; x_wconf 83' lang='lat' dir='ltr'><strong>Christus</strong></span> <span class='ocrx_word' id='word_1_348' title='bbox 1602 2687 1686 2726; x_wconf 88' lang='lat' dir='ltr'><strong>arnor.</strong></span> 
     </span>
    </p>

    <p class='ocr_par' dir='ltr' id='par_1_24' title="bbox 120 2742 1674 2929">
     <span class='ocr_line' id='line_1_41' title="bbox 120 2742 1674 2829; baseline 0.014 -32"><span class='ocrx_word' id='word_1_349' title='bbox 120 2742 260 2799; x_wconf 82' lang='lat' dir='ltr'><strong>liuuomm</strong></span> <span class='ocrx_word' id='word_1_350' title='bbox 273 2744 376 2815; x_wconf 81' lang='lat' dir='ltr'><strong>glartios</strong></span> <span class='ocrx_word' id='word_1_351' title='bbox 389 2753 429 2801; x_wconf 91' lang='lat' dir='ltr'><strong>ter</strong></span> <span class='ocrx_word' id='word_1_352' title='bbox 443 2747 528 2801; x_wconf 86' lang='lat' dir='ltr'><strong>ternis</strong></span> <span class='ocrx_word' id='word_1_353' title='bbox 542 2757 667 2804; x_wconf 82' lang='lat' dir='ltr'><strong>senserat</strong></span> <span class='ocrx_word' id='word_1_354' title='bbox 682 2751 761 2807; x_wconf 87' lang='lat' dir='ltr'><strong>anuis</strong></span> <span class='ocrx_word' id='word_1_355' title='bbox 962 2759 1005 2815; x_wconf 73' lang='lat' dir='ltr'><strong>Ad</strong></span> <span class='ocrx_word' id='word_1_356' title='bbox 1023 2775 1080 2826; x_wconf 83' lang='lat' dir='ltr'><strong>uos,</strong></span> <span class='ocrx_word' id='word_1_357' title='bbox 1095 2776 1112 2816; x_wconf 93' lang='lat' dir='ltr'><strong>o</strong></span> <span class='ocrx_word' id='word_1_358' title='bbox 1126 2760 1235 2827; x_wconf 81' lang='lat' dir='ltr'><strong>iratres,</strong></span> <span class='ocrx_word' id='word_1_359' title='bbox 1247 2772 1363 2829; x_wconf 74' lang='lat' dir='ltr'><strong>rereuu,</strong></span> <span class='ocrx_word' id='word_1_360' title='bbox 1377 2778 1435 2818; x_wconf 89' lang='lat' dir='ltr'><strong>mea</strong></span> <span class='ocrx_word' id='word_1_361' title='bbox 1447 2778 1524 2827; x_wconf 88' lang='lat' dir='ltr'><strong>eura,</strong></span> <span class='ocrx_word' id='word_1_362' title='bbox 1538 2778 1674 2829; x_wconf 82' lang='lat' dir='ltr'><strong>camenas,</strong></span> 
     </span>
     <span class='ocr_line' id='line_1_42' title="bbox 160 2833 1599 2929; baseline 0.012 -32"><span class='ocrx_word' id='word_1_363' title='bbox 160 2833 247 2890; x_wconf 64' lang='lat' dir='ltr'><strong>Gallie</strong></span> <span class='ocrx_word' id='word_1_364' title='bbox 263 2840 331 2900; x_wconf 66' lang='lat' dir='ltr'><strong>leit,</strong></span> <span class='ocrx_word' id='word_1_365' title='bbox 347 2835 403 2890; x_wconf 67' lang='lat' dir='ltr'><strong>Stis</strong></span> <span class='ocrx_word' id='word_1_366' title='bbox 416 2837 564 2907; x_wconf 59' lang='lat' dir='ltr'><strong>‘llil’olima</strong></span> <span class='ocrx_word' id='word_1_367' title='bbox 583 2839 670 2895; x_wconf 64' lang='lat' dir='ltr'><strong>limfis·</strong></span> <span class='ocrx_word' id='word_1_368' title='bbox 999 2856 1129 2928; x_wconf 78' lang='lat' dir='ltr'><strong>Alloquor</strong></span> <span class='ocrx_word' id='word_1_369' title='bbox 1139 2865 1166 2912; x_wconf 86' lang='lat' dir='ltr'><strong>ct</strong></span> <span class='ocrx_word' id='word_1_370' title='bbox 1179 2857 1273 2929; x_wconf 87' lang='lat' dir='ltr'><strong>paucis</strong></span> <span class='ocrx_word' id='word_1_371' title='bbox 1287 2873 1335 2913; x_wconf 84' lang='lat' dir='ltr'><strong>ros</strong></span> <span class='ocrx_word' id='word_1_372' title='bbox 1347 2860 1427 2913; x_wconf 87' lang='lat' dir='ltr'><strong>modo</strong></span> <span class='ocrx_word' id='word_1_373' title='bbox 1446 2851 1599 2914; x_wconf 75' lang='lat' dir='ltr'><strong>r&#39;ersiculis.</strong></span> 
     </span>
    </p>

    <p class='ocr_par' dir='ltr' id='par_1_25' title="bbox 119 2926 1668 3115">
     <span class='ocr_line' id='line_1_43' title="bbox 119 2926 1668 3023; baseline 0.01 -32"><span class='ocrx_word' id='word_1_374' title='bbox 119 2926 269 2993; x_wconf 56' lang='lat' dir='ltr'><strong>Eccletimr</strong></span> <span class='ocrx_word' id='word_1_375' title='bbox 284 2930 376 2994; x_wconf 71' lang='lat' dir='ltr'><strong>urbes,</strong></span> <span class='ocrx_word' id='word_1_376' title='bbox 395 2928 479 2992; x_wconf 65' lang='lat' dir='ltr'><strong>ticos,</strong></span> <span class='ocrx_word' id='word_1_377' title='bbox 499 2930 754 2996; x_wconf 61' lang='lat' dir='ltr'><strong>castellanorum</strong></span> <span class='ocrx_word' id='word_1_378' title='bbox 965 2951 1020 3006; x_wconf 76' lang='lat' dir='ltr'><strong>Vos</strong></span> <span class='ocrx_word' id='word_1_379' title='bbox 1032 2950 1121 3022; x_wconf 76' lang='lat' dir='ltr'><strong>regale</strong></span> <span class='ocrx_word' id='word_1_380' title='bbox 1131 2965 1228 3023; x_wconf 75' lang='lat' dir='ltr'><strong>genas,</strong></span> <span class='ocrx_word' id='word_1_381' title='bbox 1242 2950 1348 3008; x_wconf 84' lang='lat' dir='ltr'><strong>soboles</strong></span> <span class='ocrx_word' id='word_1_382' title='bbox 1360 2952 1515 3006; x_wconf 75' lang='lat' dir='ltr'><strong>venerenda</strong></span> <span class='ocrx_word' id='word_1_383' title='bbox 1526 2958 1668 3022; x_wconf 84' lang='lat' dir='ltr'><strong>parcrrtuar</strong></span> 
     </span>
     <span class='ocr_line' id='line_1_44' title="bbox 154 3021 1570 3115; baseline 0.013 -38"><span class='ocrx_word' id='word_1_384' title='bbox 154 3022 220 3077; x_wconf 86' lang='lat' dir='ltr'><strong>Cum</strong></span> <span class='ocrx_word' id='word_1_385' title='bbox 233 3021 338 3091; x_wconf 91' lang='lat' dir='ltr'><strong>populis</strong></span> <span class='ocrx_word' id='word_1_386' title='bbox 353 3022 475 3092; x_wconf 85' lang='lat' dir='ltr'><strong>pariter,</strong></span> <span class='ocrx_word' id='word_1_387' title='bbox 491 3023 561 3096; x_wconf 75' lang='lat' dir='ltr'><strong>iguis</strong></span> <span class='ocrx_word' id='word_1_388' title='bbox 576 3025 643 3080; x_wconf 84' lang='lat' dir='ltr'><strong>edas</strong></span> <span class='ocrx_word' id='word_1_389' title='bbox 658 3027 756 3097; x_wconf 86' lang='lat' dir='ltr'><strong>rapuit.</strong></span> <span class='ocrx_word' id='word_1_390' title='bbox 999 3042 1174 3106; x_wconf 64' lang='lat' dir='ltr'><strong>sauciorum,</strong></span> <span class='ocrx_word' id='word_1_391' title='bbox 1189 3042 1235 3114; x_wconf 77' lang='lat' dir='ltr'><strong>qui</strong></span> <span class='ocrx_word' id='word_1_392' title='bbox 1247 3057 1294 3099; x_wconf 80' lang='lat' dir='ltr'><strong>ros</strong></span> <span class='ocrx_word' id='word_1_393' title='bbox 1304 3042 1361 3114; x_wconf 81' lang='lat' dir='ltr'><strong>jam</strong></span> <span class='ocrx_word' id='word_1_394' title='bbox 1372 3059 1490 3115; x_wconf 78' lang='lat' dir='ltr'><strong>genuere</strong></span> <span class='ocrx_word' id='word_1_395' title='bbox 1503 3044 1570 3099; x_wconf 83' lang='lat' dir='ltr'><strong>Deo.</strong></span> 
     </span>
    </p>

    <p class='ocr_par' dir='ltr' id='par_1_26' title="bbox 119 3109 1632 3297">
     <span class='ocr_line' id='line_1_45' title="bbox 119 3109 1608 3192; baseline 0.011 -17"><span class='ocrx_word' id='word_1_396' title='bbox 119 3112 195 3168; x_wconf 75' lang='lat' dir='ltr'><strong>uasa</strong></span> <span class='ocrx_word' id='word_1_397' title='bbox 206 3129 266 3178; x_wconf 76' lang='lat' dir='ltr'><strong>cur,</strong></span> <span class='ocrx_word' id='word_1_398' title='bbox 282 3109 371 3179; x_wconf 73' lang='lat' dir='ltr'><strong>tosus,</strong></span> <span class='ocrx_word' id='word_1_399' title='bbox 383 3112 441 3170; x_wconf 81' lang='lat' dir='ltr'><strong>fieri</strong></span> <span class='ocrx_word' id='word_1_400' title='bbox 455 3115 589 3187; x_wconf 82' lang='lat' dir='ltr'><strong>permittis</strong></span> <span class='ocrx_word' id='word_1_401' title='bbox 603 3116 629 3171; x_wconf 84' lang='lat' dir='ltr'><strong>in</strong></span> <span class='ocrx_word' id='word_1_402' title='bbox 644 3119 719 3183; x_wconf 73' lang='lat' dir='ltr'><strong>oua,</strong></span> <span class='ocrx_word' id='word_1_403' title='bbox 965 3133 1073 3189; x_wconf 78' lang='lat' dir='ltr'><strong>utrorum</strong></span> <span class='ocrx_word' id='word_1_404' title='bbox 1087 3134 1193 3190; x_wconf 75' lang='lat' dir='ltr'><strong>ornatas</strong></span> <span class='ocrx_word' id='word_1_405' title='bbox 1206 3133 1310 3190; x_wconf 75' lang='lat' dir='ltr'><strong>meritus</strong></span> <span class='ocrx_word' id='word_1_406' title='bbox 1327 3145 1339 3173; x_wconf 70' lang='lat' dir='ltr'><strong>e</strong></span> <span class='ocrx_word' id='word_1_407' title='bbox 1355 3134 1512 3192; x_wconf 67' lang='lat' dir='ltr'><strong>emesenus</strong></span> <span class='ocrx_word' id='word_1_408' title='bbox 1526 3147 1608 3191; x_wconf 79' lang='lat' dir='ltr'><strong>aures</strong></span> 
     </span>
     <span class='ocr_line' id='line_1_46' title="bbox 151 3205 1632 3297; baseline 0.007 -29"><span class='ocrx_word' id='word_1_409' title='bbox 151 3205 259 3260; x_wconf 62' lang='lat' dir='ltr'><strong>Iudicio</strong></span> <span class='ocrx_word' id='word_1_410' title='bbox 269 3205 383 3272; x_wconf 61' lang='lat' dir='ltr'><strong>occulit),</strong></span> <span class='ocrx_word' id='word_1_411' title='bbox 398 3224 451 3262; x_wconf 80' lang='lat' dir='ltr'><strong>¹¹0n</strong></span> <span class='ocrx_word' id='word_1_412' title='bbox 462 3222 513 3280; x_wconf 66' lang='lat'><strong>‘30</strong></span> <span class='ocrx_word' id='word_1_413' title='bbox 524 3208 683 3280; x_wconf 64' lang='lat' dir='ltr'><strong>sclwlttco·</strong></span> <span class='ocrx_word' id='word_1_414' title='bbox 1000 3225 1076 3281; x_wconf 79' lang='lat' dir='ltr'><strong>Nunc</strong></span> <span class='ocrx_word' id='word_1_415' title='bbox 1091 3227 1216 3282; x_wconf 57' lang='lat' dir='ltr'><strong>scilibete</strong></span> <span class='ocrx_word' id='word_1_416' title='bbox 1230 3227 1275 3296; x_wconf 87' lang='lat' dir='ltr'><strong>pie</strong></span> <span class='ocrx_word' id='word_1_417' title='bbox 1286 3234 1408 3297; x_wconf 83' lang='lat' dir='ltr'><strong>pretore,</strong></span> <span class='ocrx_word' id='word_1_418' title='bbox 1420 3234 1521 3291; x_wconf 83' lang='lat' dir='ltr'><strong>mente,</strong></span> <span class='ocrx_word' id='word_1_419' title='bbox 1539 3240 1632 3281; x_wconf 82' lang='lat' dir='ltr'><strong>mauu.</strong></span> 
     </span>
    </p>

    <p class='ocr_par' dir='ltr' id='par_1_27' title="bbox 119 3293 1650 3478">
     <span class='ocr_line' id='line_1_47' title="bbox 119 3293 1650 3388; baseline 0.021 -40"><span class='ocrx_word' id='word_1_420' title='bbox 119 3295 177 3348; x_wconf 81' lang='lat' dir='ltr'><strong>ntia</strong></span> <span class='ocrx_word' id='word_1_421' title='bbox 191 3293 306 3366; x_wconf 73' lang='lat' dir='ltr'><strong>[litera]</strong></span> <span class='ocrx_word' id='word_1_422' title='bbox 323 3295 376 3350; x_wconf 79' lang='lat' dir='ltr'><strong>rita</strong></span> <span class='ocrx_word' id='word_1_423' title='bbox 391 3298 445 3352; x_wconf 85' lang='lat' dir='ltr'><strong>uris</strong></span> <span class='ocrx_word' id='word_1_424' title='bbox 457 3309 583 3353; x_wconf 81' lang='lat' dir='ltr'><strong>seruatur</strong></span> <span class='ocrx_word' id='word_1_425' title='bbox 593 3299 621 3354; x_wconf 91' lang='lat' dir='ltr'><strong>iu</strong></span> <span class='ocrx_word' id='word_1_426' title='bbox 632 3316 695 3357; x_wconf 91' lang='lat' dir='ltr'><strong>aree</strong></span> <span class='ocrx_word' id='word_1_427' title='bbox 707 3303 841 3372; x_wconf 87' lang='lat' dir='ltr'><strong>polorum,</strong></span> <span class='ocrx_word' id='word_1_428' title='bbox 964 3316 1000 3373; x_wconf 80' lang='lat' dir='ltr'><strong>Ur</strong></span> <span class='ocrx_word' id='word_1_429' title='bbox 1014 3326 1139 3374; x_wconf 65' lang='lat' dir='ltr'><strong>sarnetum</strong></span> <span class='ocrx_word' id='word_1_430' title='bbox 1150 3317 1277 3387; x_wconf 85' lang='lat' dir='ltr'><strong>precibus</strong></span> <span class='ocrx_word' id='word_1_431' title='bbox 1290 3325 1433 3373; x_wconf 76' lang='lat' dir='ltr'><strong>conservet</strong></span> <span class='ocrx_word' id='word_1_432' title='bbox 1443 3332 1550 3388; x_wconf 78' lang='lat' dir='ltr'><strong>semper</strong></span> <span class='ocrx_word' id='word_1_433' title='bbox 1561 3312 1650 3383; x_wconf 68' lang='lat' dir='ltr'><strong>evile.</strong></span> 
     </span>
     <span class='ocr_line' id='line_1_48' title="bbox 154 3389 1552 3478; baseline 0.016 -38"><span class='ocrx_word' id='word_1_434' title='bbox 154 3389 211 3455; x_wconf 81' lang='lat' dir='ltr'><strong>Qua</strong></span> <span class='ocrx_word' id='word_1_435' title='bbox 224 3406 276 3458; x_wconf 85' lang='lat' dir='ltr'><strong>pax</strong></span> <span class='ocrx_word' id='word_1_436' title='bbox 292 3390 361 3444; x_wconf 84' lang='lat' dir='ltr'><strong>alma</strong></span> <span class='ocrx_word' id='word_1_437' title='bbox 374 3392 458 3461; x_wconf 76' lang='lat' dir='ltr'><strong>riget,</strong></span> <span class='ocrx_word' id='word_1_438' title='bbox 476 3395 565 3463; x_wconf 75' lang='lat' dir='ltr'><strong>prelia</strong></span> <span class='ocrx_word' id='word_1_439' title='bbox 587 3397 658 3451; x_wconf 87' lang='lat' dir='ltr'><strong>nulla</strong></span> <span class='ocrx_word' id='word_1_440' title='bbox 676 3397 742 3454; x_wconf 84' lang='lat' dir='ltr'><strong>irunt</strong></span> <span class='ocrx_word' id='word_1_441' title='bbox 1000 3409 1113 3463; x_wconf 79' lang='lat' dir='ltr'><strong>Pectore</strong></span> <span class='ocrx_word' id='word_1_442' title='bbox 1125 3407 1254 3463; x_wconf 87' lang='lat' dir='ltr'><strong>concordi</strong></span> <span class='ocrx_word' id='word_1_443' title='bbox 1272 3409 1344 3478; x_wconf 91' lang='lat' dir='ltr'><strong>quod</strong></span> <span class='ocrx_word' id='word_1_444' title='bbox 1357 3416 1475 3464; x_wconf 86' lang='lat' dir='ltr'><strong>statuere</strong></span> <span class='ocrx_word' id='word_1_445' title='bbox 1486 3411 1552 3464; x_wconf 79' lang='lat' dir='ltr'><strong>ero.</strong></span> 
     </span>
    </p>

    <p class='ocr_par' dir='ltr' id='par_1_28' title="bbox 119 3478 1633 3663">
     <span class='ocr_line' id='line_1_49' title="bbox 119 3478 1633 3571; baseline 0.01 -28"><span class='ocrx_word' id='word_1_446' title='bbox 119 3479 221 3531; x_wconf 78' lang='lat' dir='ltr'><strong>nuum</strong></span> <span class='ocrx_word' id='word_1_447' title='bbox 236 3478 343 3533; x_wconf 75' lang='lat' dir='ltr'>ss³¹¹¹¹¹¹²</span> <span class='ocrx_word' id='word_1_448' title='bbox 357 3483 462 3548; x_wconf 47' lang='lat' dir='ltr'><strong>lioba&amp;</strong></span> <span class='ocrx_word' id='word_1_449' title='bbox 472 3480 558 3549; x_wconf 67' lang='lat' dir='ltr'><strong>1¹¹⁵l⁰i</strong></span> <span class='ocrx_word' id='word_1_450' title='bbox 573 3487 686 3542; x_wconf 63' lang='grc' dir='ltr'><strong>ῑθῑὶῑθῑῑθ</strong></span> <span class='ocrx_word' id='word_1_451' title='bbox 697 3490 821 3557; x_wconf 85' lang='lat' dir='ltr'><strong>mundar,</strong></span> <span class='ocrx_word' id='word_1_452' title='bbox 963 3501 1077 3556; x_wconf 82' lang='lat' dir='ltr'><strong>llorrida</strong></span> <span class='ocrx_word' id='word_1_453' title='bbox 1093 3516 1145 3555; x_wconf 92' lang='lat' dir='ltr'><strong>uon</strong></span> <span class='ocrx_word' id='word_1_454' title='bbox 1157 3498 1265 3571; x_wconf 81' lang='lat' dir='ltr'><strong>lrangat</strong></span> <span class='ocrx_word' id='word_1_455' title='bbox 1276 3508 1380 3556; x_wconf 86' lang='lat' dir='ltr'><strong>rostras</strong></span> <span class='ocrx_word' id='word_1_456' title='bbox 1390 3502 1503 3556; x_wconf 62' lang='lat' dir='ltr'><strong>montio</strong></span> <span class='ocrx_word' id='word_1_457' title='bbox 1516 3510 1633 3568; x_wconf 87' lang='lat' dir='ltr'><strong>mentes,</strong></span> 
     </span>
     <span class='ocr_line' id='line_1_50' title="bbox 154 3565 1591 3663; baseline 0.019 -44"><span class='ocrx_word' id='word_1_458' title='bbox 154 3565 252 3622; x_wconf 90' lang='lat' dir='ltr'><strong>Purior</strong></span> <span class='ocrx_word' id='word_1_459' title='bbox 266 3577 348 3638; x_wconf 82' lang='lat' dir='ltr'><strong>utque</strong></span> <span class='ocrx_word' id='word_1_460' title='bbox 361 3571 450 3625; x_wconf 90' lang='lat' dir='ltr'><strong>anima</strong></span> <span class='ocrx_word' id='word_1_461' title='bbox 471 3573 559 3628; x_wconf 83' lang='lat' dir='ltr'><strong>sidera</strong></span> <span class='ocrx_word' id='word_1_462' title='bbox 575 3574 646 3631; x_wconf 86' lang='lat' dir='ltr'><strong>celsa</strong></span> <span class='ocrx_word' id='word_1_463' title='bbox 663 3585 745 3647; x_wconf 82' lang='lat' dir='ltr'><strong>petet.</strong></span> <span class='ocrx_word' id='word_1_464' title='bbox 999 3590 1081 3662; x_wconf 89' lang='lat' dir='ltr'><strong>impia</strong></span> <span class='ocrx_word' id='word_1_465' title='bbox 1097 3604 1179 3661; x_wconf 83' lang='lat' dir='ltr'><strong>quarn</strong></span> <span class='ocrx_word' id='word_1_466' title='bbox 1189 3590 1267 3647; x_wconf 83' lang='lat' dir='ltr'><strong>roets</strong></span> <span class='ocrx_word' id='word_1_467' title='bbox 1279 3593 1364 3663; x_wconf 72' lang='lat' dir='ltr'><strong>pessit</strong></span> <span class='ocrx_word' id='word_1_468' title='bbox 1379 3593 1471 3661; x_wconf 88' lang='lat' dir='ltr'><strong>iniqua</strong></span> <span class='ocrx_word' id='word_1_469' title='bbox 1484 3610 1591 3649; x_wconf 91' lang='lat' dir='ltr'><strong>manus.</strong></span> 
     </span>
    </p>

    <p class='ocr_par' dir='ltr' id='par_1_29' title="bbox 119 3656 1644 3845">
     <span class='ocr_line' id='line_1_51' title="bbox 119 3656 1644 3755; baseline 0.013 -32"><span class='ocrx_word' id='word_1_470' title='bbox 119 3656 183 3712; x_wconf 61' lang='lat' dir='ltr'><strong>Hele</strong></span> <span class='ocrx_word' id='word_1_471' title='bbox 198 3666 240 3712; x_wconf 72' lang='lat'><strong>⁰⁸¹</strong></span> <span class='ocrx_word' id='word_1_472' title='bbox 254 3660 308 3715; x_wconf 55' lang='lat' dir='ltr'><strong>lili</strong></span> <span class='ocrx_word' id='word_1_473' title='bbox 326 3659 383 3715; x_wconf 64' lang='lat' dir='ltr'><strong>ille</strong></span> <span class='ocrx_word' id='word_1_474' title='bbox 392 3659 476 3729; x_wconf 76' lang='lat' dir='ltr'><strong>iustu,</strong></span> <span class='ocrx_word' id='word_1_475' title='bbox 489 3664 603 3719; x_wconf 59' lang='lat' dir='ltr'><strong>‘eulalie</strong></span> <span class='ocrx_word' id='word_1_476' title='bbox 614 3673 683 3731; x_wconf 69' lang='lat'>102³,</span> <span class='ocrx_word' id='word_1_477' title='bbox 962 3683 1016 3739; x_wconf 85' lang='lat' dir='ltr'><strong>Sed</strong></span> <span class='ocrx_word' id='word_1_478' title='bbox 1028 3683 1113 3755; x_wconf 76' lang='lat' dir='ltr'><strong>magis</strong></span> <span class='ocrx_word' id='word_1_479' title='bbox 1123 3685 1156 3740; x_wconf 89' lang='lat' dir='ltr'><strong>ad</strong></span> <span class='ocrx_word' id='word_1_480' title='bbox 1166 3684 1287 3740; x_wconf 88' lang='lat' dir='ltr'><strong>studium</strong></span> <span class='ocrx_word' id='word_1_481' title='bbox 1299 3685 1361 3741; x_wconf 80' lang='lat' dir='ltr'><strong>ritu</strong></span> <span class='ocrx_word' id='word_1_482' title='bbox 1375 3686 1496 3741; x_wconf 86' lang='lat' dir='ltr'><strong>melioris</strong></span> <span class='ocrx_word' id='word_1_483' title='bbox 1509 3686 1644 3755; x_wconf 85' lang='lat' dir='ltr'><strong>alurndet,</strong></span> 
     </span>
     <span class='ocr_line' id='line_1_52' title="bbox 156 3750 1564 3845; baseline 0.022 -43"><span class='ocrx_word' id='word_1_484' title='bbox 156 3750 275 3804; x_wconf 77' lang='lat' dir='ltr'><strong>Auribus</strong></span> <span class='ocrx_word' id='word_1_485' title='bbox 286 3753 386 3808; x_wconf 70' lang='lat' dir='ltr'><strong>cecinit</strong></span> <span class='ocrx_word' id='word_1_486' title='bbox 400 3755 498 3825; x_wconf 73' lang='lat' dir='ltr'><strong>pagina</strong></span> <span class='ocrx_word' id='word_1_487' title='bbox 511 3771 588 3812; x_wconf 87' lang='lat' dir='ltr'><strong>saera</strong></span> <span class='ocrx_word' id='word_1_488' title='bbox 601 3757 665 3813; x_wconf 85' lang='lat' dir='ltr'><strong>ruis.</strong></span> <span class='ocrx_word' id='word_1_489' title='bbox 996 3774 1090 3829; x_wconf 85' lang='lat' dir='ltr'><strong>lueiret</strong></span> <span class='ocrx_word' id='word_1_490' title='bbox 1105 3781 1133 3829; x_wconf 87' lang='lat' dir='ltr'><strong>et</strong></span> <span class='ocrx_word' id='word_1_491' title='bbox 1148 3782 1253 3832; x_wconf 86' lang='lat' dir='ltr'><strong>meotes</strong></span> <span class='ocrx_word' id='word_1_492' title='bbox 1266 3789 1373 3845; x_wconf 86' lang='lat' dir='ltr'><strong>semper</strong></span> <span class='ocrx_word' id='word_1_493' title='bbox 1386 3778 1481 3834; x_wconf 85' lang='lat' dir='ltr'><strong>adesse</strong></span> <span class='ocrx_word' id='word_1_494' title='bbox 1496 3778 1564 3843; x_wconf 79' lang='lat' dir='ltr'><strong>lieo,</strong></span> 
     </span>
    </p>

    <p class='ocr_par' dir='ltr' id='par_1_30' title="bbox 119 3838 1650 4034">
     <span class='ocr_line' id='line_1_53' title="bbox 119 3838 1614 3941; baseline 0.023 -50"><span class='ocrx_word' id='word_1_495' title='bbox 119 3838 259 3941; x_wconf 83' lang='lat' dir='ltr'><strong>Queruqrre</strong></span> <span class='ocrx_word' id='word_1_496' title='bbox 272 3839 352 3898; x_wconf 84' lang='lat' dir='ltr'><strong>Pater</strong></span> <span class='ocrx_word' id='word_1_497' title='bbox 370 3852 463 3900; x_wconf 85' lang='lat' dir='ltr'><strong>aarum</strong></span> <span class='ocrx_word' id='word_1_498' title='bbox 476 3861 544 3915; x_wconf 91' lang='lat' dir='ltr'><strong>paro</strong></span> <span class='ocrx_word' id='word_1_499' title='bbox 559 3849 714 3919; x_wconf 82' lang='lat' dir='ltr'><strong>courpleetit</strong></span> <span class='ocrx_word' id='word_1_500' title='bbox 723 3866 825 3920; x_wconf 86' lang='lat' dir='ltr'><strong>amere,</strong></span> <span class='ocrx_word' id='word_1_501' title='bbox 962 3864 1049 3935; x_wconf 76' lang='lat' dir='ltr'><strong>Erigit</strong></span> <span class='ocrx_word' id='word_1_502' title='bbox 1060 3865 1160 3932; x_wconf 87' lang='lat' dir='ltr'><strong>allisos,</strong></span> <span class='ocrx_word' id='word_1_503' title='bbox 1175 3865 1223 3936; x_wconf 92' lang='lat' dir='ltr'><strong>qul</strong></span> <span class='ocrx_word' id='word_1_504' title='bbox 1237 3866 1361 3923; x_wconf 83' lang='lat' dir='ltr'><strong>uulnerat</strong></span> <span class='ocrx_word' id='word_1_505' title='bbox 1373 3877 1455 3941; x_wconf 89' lang='lat' dir='ltr'><strong>atque</strong></span> <span class='ocrx_word' id='word_1_506' title='bbox 1468 3870 1592 3926; x_wconf 89' lang='lat' dir='ltr'><strong>medetur</strong></span> <span class='ocrx_word' id='word_1_507' title='bbox 1606 3891 1614 3926; x_wconf 74' lang='grc' dir='ltr'><strong><em>ε</em></strong></span> 
     </span>
     <span class='ocr_line' id='line_1_54' title="bbox 141 3928 1650 4034; baseline 0.018 -44"><span class='ocrx_word' id='word_1_508' title='bbox 141 3928 259 4032; x_wconf 60' lang='grc' dir='ltr'><strong>οδιηυυε</strong></span> <span class='ocrx_word' id='word_1_509' title='bbox 273 3931 337 4034; x_wconf 73' lang='lat' dir='ltr'><strong>huie</strong></span> <span class='ocrx_word' id='word_1_510' title='bbox 352 3933 421 3990; x_wconf 78' lang='lat' dir='ltr'><strong>tristi</strong></span> <span class='ocrx_word' id='word_1_511' title='bbox 436 3935 504 3992; x_wconf 80' lang='lat' dir='ltr'><strong>dura</strong></span> <span class='ocrx_word' id='word_1_512' title='bbox 523 3935 626 4009; x_wconf 70' lang='lat' dir='ltr'><strong>nagelta</strong></span> <span class='ocrx_word' id='word_1_513' title='bbox 642 3940 732 3997; x_wconf 83' lang='lat' dir='ltr'><strong>dabit:</strong></span> <span class='ocrx_word' id='word_1_514' title='bbox 997 3957 1048 4024; x_wconf 80' lang='lat' dir='ltr'><strong>eri</strong></span> <span class='ocrx_word' id='word_1_515' title='bbox 1065 3957 1128 4013; x_wconf 74' lang='lat' dir='ltr'><strong>teria</strong></span> <span class='ocrx_word' id='word_1_516' title='bbox 1140 3966 1222 4028; x_wconf 79' lang='lat' dir='ltr'><strong>arque</strong></span> <span class='ocrx_word' id='word_1_517' title='bbox 1236 3966 1324 4024; x_wconf 73' lang='lat' dir='ltr'><strong>aaut,</strong></span> <span class='ocrx_word' id='word_1_518' title='bbox 1342 3962 1459 4016; x_wconf 78' lang='lat' dir='ltr'><strong>conterit</strong></span> <span class='ocrx_word' id='word_1_519' title='bbox 1471 3971 1552 4032; x_wconf 81' lang='lat' dir='ltr'><strong>arque</strong></span> <span class='ocrx_word' id='word_1_520' title='bbox 1568 3962 1650 4020; x_wconf 76' lang='lat' dir='ltr'><strong>teme</strong></span> 
     </span>
    </p>

    <p class='ocr_par' dir='ltr' id='par_1_31' title="bbox 121 4019 1644 4212">
     <span class='ocr_line' id='line_1_55' title="bbox 121 4019 1644 4119; baseline 0.022 -46"><span class='ocrx_word' id='word_1_521' title='bbox 121 4019 166 4075; x_wconf 88' lang='lat' dir='ltr'><strong>Sre</strong></span> <span class='ocrx_word' id='word_1_522' title='bbox 178 4020 249 4075; x_wconf 82' lang='lat' dir='ltr'><strong>Deus</strong></span> <span class='ocrx_word' id='word_1_523' title='bbox 262 4032 432 4092; x_wconf 80' lang='lat' dir='ltr'><strong>omnqrotens</strong></span> <span class='ocrx_word' id='word_1_524' title='bbox 449 4036 558 4083; x_wconf 86' lang='lat' dir='ltr'><strong>sanctos</strong></span> <span class='ocrx_word' id='word_1_525' title='bbox 568 4043 617 4099; x_wconf 84' lang='lat' dir='ltr'><strong>per</strong></span> <span class='ocrx_word' id='word_1_526' title='bbox 630 4045 700 4086; x_wconf 74' lang='lat' dir='ltr'><strong>saeua</strong></span> <span class='ocrx_word' id='word_1_527' title='bbox 716 4033 842 4104; x_wconf 79' lang='lat' dir='ltr'><strong>probavit</strong></span> <span class='ocrx_word' id='word_1_528' title='bbox 962 4044 1047 4102; x_wconf 85' lang='lat' dir='ltr'><strong>Nocte</strong></span> <span class='ocrx_word' id='word_1_529' title='bbox 1057 4048 1154 4118; x_wconf 87' lang='lat' dir='ltr'><strong>dieque</strong></span> <span class='ocrx_word' id='word_1_530' title='bbox 1164 4048 1244 4103; x_wconf 83' lang='lat' dir='ltr'><strong>simul</strong></span> <span class='ocrx_word' id='word_1_531' title='bbox 1254 4050 1381 4118; x_wconf 80' lang='lat' dir='ltr'><strong>precibus</strong></span> <span class='ocrx_word' id='word_1_532' title='bbox 1395 4051 1511 4106; x_wconf 86' lang='lat' dir='ltr'><strong>insistite</strong></span> <span class='ocrx_word' id='word_1_533' title='bbox 1527 4053 1644 4119; x_wconf 84' lang='lat' dir='ltr'><strong>sanctis,</strong></span> 
     </span>
     <span class='ocr_line' id='line_1_56' title="bbox 156 4112 1523 4212; baseline 0.022 -45"><span class='ocrx_word' id='word_1_534' title='bbox 156 4112 285 4178; x_wconf 84' lang='lat' dir='ltr'><strong>i&#39;erbera,</strong></span> <span class='ocrx_word' id='word_1_535' title='bbox 304 4125 365 4184; x_wconf 89' lang='lat' dir='ltr'><strong>post</strong></span> <span class='ocrx_word' id='word_1_536' title='bbox 380 4116 494 4174; x_wconf 87' lang='lat' dir='ltr'><strong>red&#39;deus</strong></span> <span class='ocrx_word' id='word_1_537' title='bbox 508 4122 619 4190; x_wconf 74' lang='lat' dir='ltr'><strong>premia</strong></span> <span class='ocrx_word' id='word_1_538' title='bbox 634 4123 694 4179; x_wconf 72' lang='lat' dir='ltr'><strong>laeta</strong></span> <span class='ocrx_word' id='word_1_539' title='bbox 710 4126 782 4196; x_wconf 88' lang='lat' dir='ltr'><strong>polo.</strong></span> <span class='ocrx_word' id='word_1_540' title='bbox 999 4135 1034 4191; x_wconf 87' lang='lat' dir='ltr'><strong>lit</strong></span> <span class='ocrx_word' id='word_1_541' title='bbox 1044 4152 1093 4192; x_wconf 84' lang='lat' dir='ltr'><strong>ros</strong></span> <span class='ocrx_word' id='word_1_542' title='bbox 1101 4148 1245 4194; x_wconf 80' lang='lat' dir='ltr'><strong>conseruet</strong></span> <span class='ocrx_word' id='word_1_543' title='bbox 1255 4137 1334 4195; x_wconf 80' lang='lat' dir='ltr'><strong>lesus</strong></span> <span class='ocrx_word' id='word_1_544' title='bbox 1342 4141 1442 4211; x_wconf 88' lang='lat' dir='ltr'><strong>uirique</strong></span> <span class='ocrx_word' id='word_1_545' title='bbox 1453 4120 1523 4212; x_wconf 83' lang='lat' dir='ltr'><strong>pius.</strong></span> 
     </span>
    </p>

    <p class='ocr_par' dir='ltr' id='par_1_32' title="bbox 120 4202 1672 4400">
     <span class='ocr_line' id='line_1_57' title="bbox 120 4202 1637 4302; baseline 0.024 -46"><span class='ocrx_word' id='word_1_546' title='bbox 120 4202 178 4257; x_wconf 85' lang='lat' dir='ltr'><strong>Nou</strong></span> <span class='ocrx_word' id='word_1_547' title='bbox 193 4219 240 4259; x_wconf 80' lang='lat' dir='ltr'><strong>ros</strong></span> <span class='ocrx_word' id='word_1_548' title='bbox 251 4207 405 4272; x_wconf 81' lang='lat' dir='ltr'><strong>conturbet,</strong></span> <span class='ocrx_word' id='word_1_549' title='bbox 417 4212 516 4275; x_wconf 88' lang='lat' dir='ltr'><strong>saneti,</strong></span> <span class='ocrx_word' id='word_1_550' title='bbox 528 4213 718 4281; x_wconf 86' lang='lat' dir='ltr'><strong>inconstantia,</strong></span> <span class='ocrx_word' id='word_1_551' title='bbox 733 4215 843 4284; x_wconf 84' lang='lat' dir='ltr'><strong>iratres,</strong></span> <span class='ocrx_word' id='word_1_552' title='bbox 962 4225 995 4281; x_wconf 80' lang='lat' dir='ltr'><strong>Et</strong></span> <span class='ocrx_word' id='word_1_553' title='bbox 1009 4227 1032 4280; x_wconf 92' lang='lat' dir='ltr'><strong>si</strong></span> <span class='ocrx_word' id='word_1_554' title='bbox 1043 4244 1103 4298; x_wconf 79' lang='lat' dir='ltr'><strong>que</strong></span> <span class='ocrx_word' id='word_1_555' title='bbox 1116 4227 1240 4298; x_wconf 84' lang='lat' dir='ltr'><strong>placeant</strong></span> <span class='ocrx_word' id='word_1_556' title='bbox 1253 4232 1382 4287; x_wconf 81' lang='lat' dir='ltr'><strong>concordi</strong></span> <span class='ocrx_word' id='word_1_557' title='bbox 1395 4234 1527 4290; x_wconf 82' lang='lat' dir='ltr'><strong>addiscite</strong></span> <span class='ocrx_word' id='word_1_558' title='bbox 1540 4237 1637 4302; x_wconf 82' lang='lat' dir='ltr'><strong>eorde,</strong></span> 
     </span>
     <span class='ocr_line' id='line_1_58' title="bbox 155 4293 1672 4400; baseline 0.024 -52"><span class='ocrx_word' id='word_1_559' title='bbox 155 4293 218 4350; x_wconf 61' lang='lat' dir='ltr'><strong>llaec</strong></span> <span class='ocrx_word' id='word_1_560' title='bbox 231 4297 365 4381; x_wconf 78' lang='lat' dir='ltr'><strong>mauriana</strong></span> <span class='ocrx_word' id='word_1_561' title='bbox 376 4299 484 4367; x_wconf 83' lang='lat' dir='ltr'><strong>quidem</strong></span> <span class='ocrx_word' id='word_1_562' title='bbox 500 4304 651 4373; x_wconf 72' lang='lat' dir='ltr'><strong>gurgitibus</strong></span> <span class='ocrx_word' id='word_1_563' title='bbox 664 4307 757 4364; x_wconf 76' lang='lat' dir='ltr'><strong>variis.</strong></span> <span class='ocrx_word' id='word_1_564' title='bbox 996 4319 1085 4389; x_wconf 79' lang='lat' dir='ltr'><strong>Atque</strong></span> <span class='ocrx_word' id='word_1_565' title='bbox 1099 4321 1208 4390; x_wconf 86' lang='lat' dir='ltr'><strong>implete</strong></span> <span class='ocrx_word' id='word_1_566' title='bbox 1222 4338 1315 4388; x_wconf 87' lang='lat' dir='ltr'><strong>manu,</strong></span> <span class='ocrx_word' id='word_1_567' title='bbox 1328 4325 1400 4395; x_wconf 89' lang='lat' dir='ltr'><strong>quod</strong></span> <span class='ocrx_word' id='word_1_568' title='bbox 1420 4326 1463 4396; x_wconf 86' lang='lat' dir='ltr'><strong>pia</strong></span> <span class='ocrx_word' id='word_1_569' title='bbox 1477 4344 1554 4383; x_wconf 87' lang='lat' dir='ltr'><strong>mens</strong></span> <span class='ocrx_word' id='word_1_570' title='bbox 1568 4331 1672 4400; x_wconf 85' lang='lat' dir='ltr'><strong>cupiat.</strong></span> 
     </span>
    </p>

    <p class='ocr_par' dir='ltr' id='par_1_33' title="bbox 120 4385 1616 4581">
     <span class='ocr_line' id='line_1_59' title="bbox 120 4385 1616 4495; baseline 0.022 -55"><span class='ocrx_word' id='word_1_571' title='bbox 120 4385 166 4442; x_wconf 89' lang='lat' dir='ltr'><strong>Sic</strong></span> <span class='ocrx_word' id='word_1_572' title='bbox 180 4386 230 4441; x_wconf 89' lang='lat' dir='ltr'><strong>luit</strong></span> <span class='ocrx_word' id='word_1_573' title='bbox 240 4397 321 4457; x_wconf 87' lang='lat' dir='ltr'><strong>atque</strong></span> <span class='ocrx_word' id='word_1_574' title='bbox 334 4388 377 4444; x_wconf 82' lang='lat' dir='ltr'><strong>tice</strong></span> <span class='ocrx_word' id='word_1_575' title='bbox 393 4391 465 4446; x_wconf 76' lang='lat' dir='ltr'><strong>secli</strong></span> <span class='ocrx_word' id='word_1_576' title='bbox 476 4396 608 4450; x_wconf 70' lang='lat' dir='ltr'><strong>rematllis</strong></span> <span class='ocrx_word' id='word_1_577' title='bbox 619 4398 696 4463; x_wconf 73' lang='lat' dir='ltr'><strong>ordo,</strong></span> <span class='ocrx_word' id='word_1_578' title='bbox 926 4407 1007 4495; x_wconf 60' lang='lat' dir='ltr'><strong>„Sic</strong></span> <span class='ocrx_word' id='word_1_579' title='bbox 1021 4411 1127 4464; x_wconf 89' lang='lat' dir='ltr'><strong>tandem</strong></span> <span class='ocrx_word' id='word_1_580' title='bbox 1140 4412 1217 4466; x_wconf 83' lang='lat' dir='ltr'><strong>rolris</strong></span> <span class='ocrx_word' id='word_1_581' title='bbox 1227 4412 1337 4485; x_wconf 79' lang='lat' dir='ltr'><strong>clypeus</strong></span> <span class='ocrx_word' id='word_1_582' title='bbox 1350 4415 1490 4471; x_wconf 84' lang='lat' dir='ltr'><strong>descendit</strong></span> <span class='ocrx_word' id='word_1_583' title='bbox 1502 4419 1537 4471; x_wconf 82' lang='lat' dir='ltr'><strong>alr</strong></span> <span class='ocrx_word' id='word_1_584' title='bbox 1548 4420 1616 4483; x_wconf 85' lang='lat' dir='ltr'><strong>altu,</strong></span> 
     </span>
     <span class='ocr_line' id='line_1_60' title="bbox 154 4476 1574 4581; baseline 0.026 -51"><span class='ocrx_word' id='word_1_585' title='bbox 154 4476 267 4533; x_wconf 67' lang='lat' dir='ltr'><strong>Laetitiae</strong></span> <span class='ocrx_word' id='word_1_586' title='bbox 280 4494 416 4550; x_wconf 82' lang='lat' dir='ltr'><strong>uorrqrram</strong></span> <span class='ocrx_word' id='word_1_587' title='bbox 432 4481 468 4537; x_wconf 86' lang='lat' dir='ltr'><strong>sit</strong></span> <span class='ocrx_word' id='word_1_588' title='bbox 481 4483 524 4537; x_wconf 90' lang='lat' dir='ltr'><strong>eui</strong></span> <span class='ocrx_word' id='word_1_589' title='bbox 547 4494 620 4541; x_wconf 87' lang='lat' dir='ltr'><strong>certa</strong></span> <span class='ocrx_word' id='word_1_590' title='bbox 636 4486 712 4543; x_wconf 73' lang='lat' dir='ltr'><strong>ildes</strong></span> <span class='ocrx_word' id='word_1_591' title='bbox 996 4500 1146 4557; x_wconf 69' lang='lat' dir='ltr'><strong>donemini</strong></span> <span class='ocrx_word' id='word_1_592' title='bbox 1162 4506 1254 4560; x_wconf 78' lang='lat' dir='ltr'><strong>deutra</strong></span> <span class='ocrx_word' id='word_1_593' title='bbox 1265 4515 1387 4580; x_wconf 77' lang='lat' dir='ltr'><strong>proteget</strong></span> <span class='ocrx_word' id='word_1_594' title='bbox 1396 4517 1476 4580; x_wconf 82' lang='lat' dir='ltr'><strong>atque</strong></span> <span class='ocrx_word' id='word_1_595' title='bbox 1490 4520 1574 4581; x_wconf 71' lang='lat' dir='ltr'><strong>reget</strong></span> 
     </span>
    </p>

    <p class='ocr_par' dir='ltr' id='par_1_34' title="bbox 121 4564 1723 4673">
     <span class='ocr_line' id='line_1_61' title="bbox 121 4564 1723 4673; baseline 0.022 -46"><span class='ocrx_word' id='word_1_596' title='bbox 121 4564 172 4631; x_wconf 82' lang='lat' dir='ltr'><strong>Qui</strong></span> <span class='ocrx_word' id='word_1_597' title='bbox 182 4565 256 4634; x_wconf 79' lang='lat' dir='ltr'><strong>jacet</strong></span> <span class='ocrx_word' id='word_1_598' title='bbox 270 4569 296 4622; x_wconf 82' lang='lat' dir='ltr'><strong>ie</strong></span> <span class='ocrx_word' id='word_1_599' title='bbox 312 4569 382 4625; x_wconf 80' lang='lat' dir='ltr'><strong>teoto</strong></span> <span class='ocrx_word' id='word_1_600' title='bbox 394 4611 402 4635; x_wconf 77' lang='lat'>‚</span> <span class='ocrx_word' id='word_1_601' title='bbox 413 4573 548 4640; x_wconf 82' lang='lat' dir='ltr'><strong>quondam</strong></span> <span class='ocrx_word' id='word_1_602' title='bbox 563 4575 683 4630; x_wconf 71' lang='lat' dir='ltr'><strong>oerwlrat</strong></span> <span class='ocrx_word' id='word_1_603' title='bbox 696 4577 722 4631; x_wconf 90' lang='lat' dir='ltr'><strong>iu</strong></span> <span class='ocrx_word' id='word_1_604' title='bbox 737 4578 811 4650; x_wconf 78' lang='lat' dir='ltr'><strong>agris</strong></span> <span class='ocrx_word' id='word_1_605' title='bbox 962 4591 1016 4648; x_wconf 79' lang='lat' dir='ltr'><strong>vos</strong></span> <span class='ocrx_word' id='word_1_606' title='bbox 1030 4602 1116 4649; x_wconf 80' lang='lat' dir='ltr'><strong>estote</strong></span> <span class='ocrx_word' id='word_1_607' title='bbox 1127 4593 1239 4651; x_wconf 78' lang='lat' dir='ltr'><strong>latrum</strong></span> <span class='ocrx_word' id='word_1_608' title='bbox 1249 4613 1394 4664; x_wconf 81' lang='lat' dir='ltr'><strong>memores,</strong></span> <span class='ocrx_word' id='word_1_609' title='bbox 1405 4600 1482 4670; x_wconf 78' lang='lat' dir='ltr'><strong>queis</strong></span> <span class='ocrx_word' id='word_1_610' title='bbox 1497 4603 1609 4673; x_wconf 82' lang='lat' dir='ltr'><strong>seraper</strong></span> <span class='ocrx_word' id='word_1_611' title='bbox 1621 4606 1656 4660; x_wconf 84' lang='lat' dir='ltr'><strong>alr</strong></span> <span class='ocrx_word' id='word_1_612' title='bbox 1667 4603 1723 4663; x_wconf 79' lang='lat' dir='ltr'><strong>alto</strong></span> 
     </span>
    </p>
   </div>
   <div class='ocr_carea' id='block_1_22' title="bbox 118 4660 828 5468">
    <p class='ocr_par' dir='ltr' id='par_1_35' title="bbox 119 4660 798 4825">
     <span class='ocr_line' id='line_1_62' title="bbox 155 4660 798 4734; baseline 0.017 -20"><span class='ocrx_word' id='word_1_613' title='bbox 155 4660 221 4715; x_wconf 87' lang='lat' dir='ltr'><strong>Cum</strong></span> <span class='ocrx_word' id='word_1_614' title='bbox 233 4662 332 4727; x_wconf 78' lang='lat' dir='ltr'><strong>cervis,</strong></span> <span class='ocrx_word' id='word_1_615' title='bbox 345 4665 471 4734; x_wconf 86' lang='lat' dir='ltr'><strong>quoniam</strong></span> <span class='ocrx_word' id='word_1_616' title='bbox 487 4664 557 4720; x_wconf 77' lang='lat' dir='ltr'><strong>sessa</strong></span> <span class='ocrx_word' id='word_1_617' title='bbox 573 4677 699 4724; x_wconf 84' lang='lat' dir='ltr'><strong>senectus</strong></span> <span class='ocrx_word' id='word_1_618' title='bbox 712 4672 798 4727; x_wconf 88' lang='lat' dir='ltr'><strong>adest.</strong></span> 
     </span>
     <span class='ocr_line' id='line_1_63' title="bbox 119 4752 753 4825; baseline 0.022 -21"><span class='ocrx_word' id='word_1_619' title='bbox 119 4752 170 4819; x_wconf 86' lang='lat' dir='ltr'><strong>Qui</strong></span> <span class='ocrx_word' id='word_1_620' title='bbox 184 4754 248 4808; x_wconf 88' lang='lat' dir='ltr'><strong>olim</strong></span> <span class='ocrx_word' id='word_1_621' title='bbox 263 4754 367 4825; x_wconf 76' lang='lat' dir='ltr'><strong>Syrano</strong></span> <span class='ocrx_word' id='word_1_622' title='bbox 385 4756 462 4812; x_wconf 87' lang='lat' dir='ltr'><strong>leros</strong></span> <span class='ocrx_word' id='word_1_623' title='bbox 477 4760 623 4816; x_wconf 81' lang='lat' dir='ltr'><strong>recubabat</strong></span> <span class='ocrx_word' id='word_1_624' title='bbox 636 4763 661 4816; x_wconf 88' lang='lat' dir='ltr'><strong>iu</strong></span> <span class='ocrx_word' id='word_1_625' title='bbox 677 4772 753 4818; x_wconf 87' lang='lat' dir='ltr'><strong>ostro</strong></span> 
     </span>
    </p>

    <p class='ocr_par' dir='ltr' id='par_1_36' title="bbox 118 4846 739 5015">
     <span class='ocr_line' id='line_1_64' title="bbox 156 4846 739 4927; baseline 0.012 -23"><span class='ocrx_word' id='word_1_626' title='bbox 156 4846 207 4904; x_wconf 79' lang='lat' dir='ltr'><strong>Vix</strong></span> <span class='ocrx_word' id='word_1_627' title='bbox 223 4850 410 4916; x_wconf 70' lang='lat' dir='ltr'><strong>pauuoueteri</strong></span> <span class='ocrx_word' id='word_1_628' title='bbox 423 4850 518 4920; x_wconf 78' lang='lat' dir='ltr'><strong>frigida</strong></span> <span class='ocrx_word' id='word_1_629' title='bbox 530 4857 649 4909; x_wconf 78' lang='lat' dir='ltr'><strong>areauna</strong></span> <span class='ocrx_word' id='word_1_630' title='bbox 666 4857 739 4927; x_wconf 74' lang='lat' dir='ltr'><strong>tegit.</strong></span> 
     </span>
     <span class='ocr_line' id='line_1_65' title="bbox 118 4937 716 5015; baseline 0.01 -19"><span class='ocrx_word' id='word_1_631' title='bbox 118 4937 210 5009; x_wconf 75' lang='lat' dir='ltr'><strong>Longa</strong></span> <span class='ocrx_word' id='word_1_632' title='bbox 222 4941 280 4995; x_wconf 92' lang='lat' dir='ltr'><strong>dies</strong></span> <span class='ocrx_word' id='word_1_633' title='bbox 298 4941 390 4996; x_wconf 83' lang='lat' dir='ltr'><strong>oeulos</strong></span> <span class='ocrx_word' id='word_1_634' title='bbox 405 4950 462 4997; x_wconf 86' lang='lat' dir='ltr'><strong>atra</strong></span> <span class='ocrx_word' id='word_1_635' title='bbox 476 4945 590 5015; x_wconf 79' lang='lat' dir='ltr'><strong>ealigine</strong></span> <span class='ocrx_word' id='word_1_636' title='bbox 601 4948 716 5015; x_wconf 83' lang='lat' dir='ltr'><strong>claudit,</strong></span> 
     </span>
    </p>

    <p class='ocr_par' dir='ltr' id='par_1_37' title="bbox 122 5028 822 5200">
     <span class='ocr_line' id='line_1_66' title="bbox 155 5028 733 5103; baseline 0.014 -17"><span class='ocrx_word' id='word_1_637' title='bbox 155 5028 297 5102; x_wconf 76' lang='lat' dir='ltr'><strong>Solivagns</strong></span> <span class='ocrx_word' id='word_1_638' title='bbox 309 5040 415 5087; x_wconf 80' lang='lat' dir='ltr'><strong>aterum</strong></span> <span class='ocrx_word' id='word_1_639' title='bbox 423 5048 484 5103; x_wconf 86' lang='lat' dir='ltr'><strong>quae</strong></span> <span class='ocrx_word' id='word_1_640' title='bbox 499 5052 644 5093; x_wconf 72' lang='lat' dir='ltr'><strong>numerare</strong></span> <span class='ocrx_word' id='word_1_641' title='bbox 655 5040 733 5095; x_wconf 89' lang='lat' dir='ltr'><strong>solet.</strong></span> 
     </span>
     <span class='ocr_line' id='line_1_67' title="bbox 122 5121 822 5200; baseline 0.02 -24"><span class='ocrx_word' id='word_1_642' title='bbox 122 5121 239 5178; x_wconf 78' lang='lat' dir='ltr'><strong>Dextera</strong></span> <span class='ocrx_word' id='word_1_643' title='bbox 253 5138 314 5194; x_wconf 83' lang='lat' dir='ltr'><strong>quae</strong></span> <span class='ocrx_word' id='word_1_644' title='bbox 327 5122 440 5196; x_wconf 72' lang='lat' dir='ltr'><strong>gladios,</strong></span> <span class='ocrx_word' id='word_1_645' title='bbox 456 5140 515 5195; x_wconf 82' lang='lat' dir='ltr'><strong>qnae</strong></span> <span class='ocrx_word' id='word_1_646' title='bbox 528 5125 608 5182; x_wconf 81' lang='lat' dir='ltr'><strong>sortia</strong></span> <span class='ocrx_word' id='word_1_647' title='bbox 626 5129 676 5184; x_wconf 85' lang='lat' dir='ltr'><strong>tela</strong></span> <span class='ocrx_word' id='word_1_648' title='bbox 689 5130 822 5200; x_wconf 83' lang='lat' dir='ltr'><strong>uibrabat,</strong></span> 
     </span>
    </p>

    <p class='ocr_par' dir='ltr' id='par_1_38' title="bbox 120 5211 828 5375">
     <span class='ocr_line' id='line_1_68' title="bbox 155 5211 828 5292; baseline 0.015 -22"><span class='ocrx_word' id='word_1_649' title='bbox 155 5211 232 5271; x_wconf 84' lang='lat' dir='ltr'><strong>lione</strong></span> <span class='ocrx_word' id='word_1_650' title='bbox 248 5214 350 5282; x_wconf 89' lang='lat' dir='ltr'><strong>tremit,</strong></span> <span class='ocrx_word' id='word_1_651' title='bbox 366 5223 448 5288; x_wconf 86' lang='lat' dir='ltr'><strong>atque</strong></span> <span class='ocrx_word' id='word_1_652' title='bbox 460 5217 501 5272; x_wconf 87' lang='lat' dir='ltr'><strong>ori</strong></span> <span class='ocrx_word' id='word_1_653' title='bbox 521 5219 636 5291; x_wconf 77' lang='lat' dir='ltr'><strong>porrigit</strong></span> <span class='ocrx_word' id='word_1_654' title='bbox 645 5236 716 5292; x_wconf 77' lang='lat' dir='ltr'><strong>agre</strong></span> <span class='ocrx_word' id='word_1_655' title='bbox 728 5223 828 5280; x_wconf 83' lang='lat' dir='ltr'><strong>cilrruu.</strong></span> 
     </span>
     <span class='ocr_line' id='line_1_69' title="bbox 120 5303 775 5375; baseline 0.011 -15"><span class='ocrx_word' id='word_1_656' title='bbox 120 5303 226 5360; x_wconf 77' lang='lat' dir='ltr'><strong>Glorior</strong></span> <span class='ocrx_word' id='word_1_657' title='bbox 234 5320 297 5361; x_wconf 89' lang='lat' dir='ltr'><strong>ecee</strong></span> <span class='ocrx_word' id='word_1_658' title='bbox 311 5305 374 5362; x_wconf 86' lang='lat' dir='ltr'><strong>tuba</strong></span> <span class='ocrx_word' id='word_1_659' title='bbox 384 5306 473 5362; x_wconf 83' lang='lat' dir='ltr'><strong>subito</strong></span> <span class='ocrx_word' id='word_1_660' title='bbox 486 5323 537 5362; x_wconf 77' lang='lat' dir='ltr'><strong>uox</strong></span> <span class='ocrx_word' id='word_1_661' title='bbox 549 5305 672 5365; x_wconf 78' lang='lat' dir='ltr'><strong>iarreilrus</strong></span> <span class='ocrx_word' id='word_1_662' title='bbox 686 5313 775 5375; x_wconf 77' lang='lat' dir='ltr'><strong>hosii,</strong></span> 
     </span>
    </p>

    <p class='ocr_par' dir='ltr' id='par_1_39' title="bbox 156 5395 758 5468">
     <span class='ocr_line' id='line_1_70' title="bbox 156 5395 758 5468; baseline 0.017 -17"><span class='ocrx_word' id='word_1_663' title='bbox 156 5395 273 5453; x_wconf 73' lang='lat' dir='ltr'><strong>loriam</strong></span> <span class='ocrx_word' id='word_1_664' title='bbox 285 5398 415 5468; x_wconf 85' lang='lat' dir='ltr'><strong>appositis</strong></span> <span class='ocrx_word' id='word_1_665' title='bbox 427 5414 564 5455; x_wconf 86' lang='lat' dir='ltr'><strong>murmura</strong></span> <span class='ocrx_word' id='word_1_666' title='bbox 580 5401 654 5459; x_wconf 86' lang='lat' dir='ltr'><strong>lausa</strong></span> <span class='ocrx_word' id='word_1_667' title='bbox 669 5416 682 5444; x_wconf 76' lang='lat'>⁸</span> <span class='ocrx_word' id='word_1_668' title='bbox 696 5403 758 5461; x_wconf 85' lang='lat' dir='ltr'><strong>eice.</strong></span> 
     </span>
    </p>
   </div>
   <div class='ocr_carea' id='block_1_23' title="bbox 155 5596 785 5743">
    <p class='ocr_par' dir='ltr' id='par_1_40' title="bbox 155 5596 785 5743">
     <span class='ocr_line' id='line_1_71' title="bbox 157 5596 785 5674; baseline 0.021 -26"><span class='ocrx_word' id='word_1_669' title='bbox 157 5608 170 5636; x_wconf 71' lang='lat'>⁸</span> <span class='ocrx_word' id='word_1_670' title='bbox 190 5596 246 5650; x_wconf 83' lang='lat' dir='ltr'><strong>Vox</strong></span> <span class='ocrx_word' id='word_1_671' title='bbox 267 5600 419 5666; x_wconf 83' lang='lat' dir='ltr'><strong>theodisea;</strong></span> <span class='ocrx_word' id='word_1_672' title='bbox 436 5601 519 5674; x_wconf 72' lang='lat' dir='ltr'><strong>Leife,</strong></span> <span class='ocrx_word' id='word_1_673' title='bbox 534 5620 671 5663; x_wconf 83' lang='lat' dir='ltr'><strong>murmura</strong></span> <span class='ocrx_word' id='word_1_674' title='bbox 685 5608 785 5662; x_wconf 84' lang='lat' dir='ltr'><strong>tenuia.</strong></span> 
     </span>
     <span class='ocr_line' id='line_1_72' title="bbox 155 5664 453 5743; baseline 0.02 -24"><span class='ocrx_word' id='word_1_675' title='bbox 155 5664 172 5704; x_wconf 61' lang='lat' dir='ltr'><em>h</em></span> <span class='ocrx_word' id='word_1_676' title='bbox 187 5665 273 5732; x_wconf 65' lang='lat' dir='ltr'><strong>Erit„</strong></span> <span class='ocrx_word' id='word_1_677' title='bbox 289 5669 453 5743; x_wconf 64' lang='lat' dir='ltr'><strong>lucrifacere.</strong></span> 
     </span>
    </p>
   </div>
   <div class='ocr_carea' id='block_1_24' title="bbox 1001 4684 1605 4765">
    <p class='ocr_par' dir='ltr' id='par_1_41' title="bbox 1001 4684 1605 4765">
     <span class='ocr_line' id='line_1_73' title="bbox 1001 4684 1605 4765; baseline 0.02 -26"><span class='ocrx_word' id='word_1_678' title='bbox 1001 4684 1117 4741; x_wconf 82' lang='lat' dir='ltr'><strong>Venerat</strong></span> <span class='ocrx_word' id='word_1_679' title='bbox 1128 4687 1269 4755; x_wconf 71' lang='lat' dir='ltr'><strong>:rusilium</strong></span> <span class='ocrx_word' id='word_1_680' title='bbox 1281 4691 1361 4746; x_wconf 87' lang='lat' dir='ltr'><strong>dante</strong></span> <span class='ocrx_word' id='word_1_681' title='bbox 1371 4690 1503 4756; x_wconf 69' lang='lat' dir='ltr'><strong>seruante,</strong></span> <span class='ocrx_word' id='word_1_682' title='bbox 1518 4695 1605 4765; x_wconf 86' lang='lat' dir='ltr'><strong>piruu.</strong></span> 
     </span>
    </p>
   </div>
   <div class='ocr_carea' id='block_1_25' title="bbox 961 4775 1738 4861">
    <p class='ocr_par' dir='ltr' id='par_1_42' title="bbox 961 4775 1738 4861">
     <span class='ocr_line' id='line_1_74' title="bbox 961 4775 1738 4861; baseline 0.021 -33"><span class='ocrx_word' id='word_1_683' title='bbox 961 4775 1021 4830; x_wconf 82' lang='lat' dir='ltr'><strong>laur</strong></span> <span class='ocrx_word' id='word_1_684' title='bbox 1033 4776 1139 4848; x_wconf 78' lang='lat' dir='ltr'><strong>lleyses</strong></span> <span class='ocrx_word' id='word_1_685' title='bbox 1153 4778 1249 4836; x_wconf 81' lang='lat' dir='ltr'><strong>melius</strong></span> <span class='ocrx_word' id='word_1_686' title='bbox 1259 4782 1386 4861; x_wconf 79' lang='lat' dir='ltr'><strong>precibus</strong></span> <span class='ocrx_word' id='word_1_687' title='bbox 1396 4798 1476 4853; x_wconf 88' lang='lat' dir='ltr'><strong>quarn</strong></span> <span class='ocrx_word' id='word_1_688' title='bbox 1489 4788 1630 4842; x_wconf 77' lang='lat' dir='ltr'><strong>exereitus</strong></span> <span class='ocrx_word' id='word_1_689' title='bbox 1645 4789 1738 4853; x_wconf 72' lang='lat' dir='ltr'><strong>araris,</strong></span> 
     </span>
    </p>
   </div>
   <div class='ocr_carea' id='block_1_26' title="bbox 1000 4860 1559 4947">
    <p class='ocr_par' dir='ltr' id='par_1_43' title="bbox 1000 4860 1559 4947">
     <span class='ocr_line' id='line_1_75' title="bbox 1000 4860 1559 4947; baseline 0.02 -27"><span class='ocrx_word' id='word_1_690' title='bbox 1000 4866 1155 4923; x_wconf 78' lang='lat' dir='ltr'><strong>Extendens</strong></span> <span class='ocrx_word' id='word_1_691' title='bbox 1171 4869 1274 4939; x_wconf 84' lang='lat' dir='ltr'><strong>palmas</strong></span> <span class='ocrx_word' id='word_1_692' title='bbox 1285 4872 1378 4942; x_wconf 72' lang='lat' dir='ltr'><strong>praelia</strong></span> <span class='ocrx_word' id='word_1_693' title='bbox 1393 4860 1470 4930; x_wconf 74' lang='lat' dir='ltr'><strong>saera</strong></span> <span class='ocrx_word' id='word_1_694' title='bbox 1482 4877 1559 4947; x_wconf 70' lang='lat' dir='ltr'><strong>repit.</strong></span> 
     </span>
    </p>
   </div>
   <div class='ocr_carea' id='block_1_27' title="bbox 964 4958 1687 5033">
    <p class='ocr_par' dir='ltr' id='par_1_44' title="bbox 964 4958 1687 5033">
     <span class='ocr_line' id='line_1_76' title="bbox 964 4958 1687 5033; baseline 0.022 -22"><span class='ocrx_word' id='word_1_695' title='bbox 964 4958 1082 5013; x_wconf 81' lang='lat' dir='ltr'><strong>Plurima</strong></span> <span class='ocrx_word' id='word_1_696' title='bbox 1096 4976 1145 5030; x_wconf 86' lang='lat' dir='ltr'><strong>pro</strong></span> <span class='ocrx_word' id='word_1_697' title='bbox 1157 4960 1283 5033; x_wconf 81' lang='lat' dir='ltr'><strong>iacrymis</strong></span> <span class='ocrx_word' id='word_1_698' title='bbox 1294 4973 1453 5021; x_wconf 87' lang='lat' dir='ltr'><strong>sternuntur</strong></span> <span class='ocrx_word' id='word_1_699' title='bbox 1466 4968 1549 5022; x_wconf 91' lang='lat' dir='ltr'><strong>rnillia</strong></span> <span class='ocrx_word' id='word_1_700' title='bbox 1562 4980 1653 5027; x_wconf 82' lang='lat' dir='ltr'><strong>rrrorte</strong></span> <span class='ocrx_word' id='word_1_701' title='bbox 1678 5012 1687 5019; x_wconf 83' lang='lat'><em>-</em></span> 
     </span>
    </p>
   </div>
   <div class='ocr_carea' id='block_1_28' title="bbox 1000 5049 1450 5127">
    <p class='ocr_par' dir='ltr' id='par_1_45' title="bbox 1000 5049 1450 5127">
     <span class='ocr_line' id='line_1_77' title="bbox 1000 5049 1450 5127; baseline 0.022 -24"><span class='ocrx_word' id='word_1_702' title='bbox 1000 5049 1121 5108; x_wconf 76' lang='lat' dir='ltr'><strong>Ezechiae</strong></span> <span class='ocrx_word' id='word_1_703' title='bbox 1131 5054 1201 5124; x_wconf 79' lang='lat' dir='ltr'><strong>regis</strong></span> <span class='ocrx_word' id='word_1_704' title='bbox 1217 5054 1336 5124; x_wconf 75' lang='lat' dir='ltr'><strong>pestiferi</strong></span> <span class='ocrx_word' id='word_1_705' title='bbox 1348 5056 1450 5127; x_wconf 90' lang='lat' dir='ltr'><strong>populi,</strong></span> 
     </span>
    </p>
   </div>
   <div class='ocr_carea' id='block_1_29' title="bbox 963 5137 1751 5214">
    <p class='ocr_par' dir='ltr' id='par_1_46' title="bbox 963 5137 1751 5214">
     <span class='ocr_line' id='line_1_78' title="bbox 963 5137 1751 5214; baseline 0.019 -22"><span class='ocrx_word' id='word_1_706' title='bbox 963 5137 1031 5195; x_wconf 91' lang='lat' dir='ltr'><strong>lloie</strong></span> <span class='ocrx_word' id='word_1_707' title='bbox 1043 5157 1150 5212; x_wconf 91' lang='lat' dir='ltr'><strong>quoque</strong></span> <span class='ocrx_word' id='word_1_708' title='bbox 1160 5149 1201 5198; x_wconf 89' lang='lat' dir='ltr'><strong>ter</strong></span> <span class='ocrx_word' id='word_1_709' title='bbox 1210 5143 1307 5214; x_wconf 87' lang='lat' dir='ltr'><strong>qrriuos</strong></span> <span class='ocrx_word' id='word_1_710' title='bbox 1316 5145 1436 5202; x_wconf 83' lang='lat' dir='ltr'><strong>clemens</strong></span> <span class='ocrx_word' id='word_1_711' title='bbox 1453 5148 1525 5203; x_wconf 80' lang='lat' dir='ltr'><strong>lieus</strong></span> <span class='ocrx_word' id='word_1_712' title='bbox 1536 5150 1642 5205; x_wconf 57' lang='lat' dir='ltr'><strong>arlrlidit</strong></span> <span class='ocrx_word' id='word_1_713' title='bbox 1657 5165 1751 5213; x_wconf 82' lang='lat' dir='ltr'><strong>annue,</strong></span> 
     </span>
    </p>
   </div>
   <div class='ocr_carea' id='block_1_30' title="bbox 997 5229 1675 5309">
    <p class='ocr_par' dir='ltr' id='par_1_47' title="bbox 997 5229 1675 5309">
     <span class='ocr_line' id='line_1_79' title="bbox 997 5229 1675 5309; baseline 0.018 -25"><span class='ocrx_word' id='word_1_714' title='bbox 997 5229 1049 5286; x_wconf 87' lang='lat' dir='ltr'><strong>Pro</strong></span> <span class='ocrx_word' id='word_1_715' title='bbox 1062 5246 1152 5301; x_wconf 81' lang='lat' dir='ltr'><strong>prece,</strong></span> <span class='ocrx_word' id='word_1_716' title='bbox 1170 5247 1251 5302; x_wconf 79' lang='lat' dir='ltr'><strong>quana</strong></span> <span class='ocrx_word' id='word_1_717' title='bbox 1262 5235 1380 5291; x_wconf 76' lang='lat' dir='ltr'><strong>rnrrueus</strong></span> <span class='ocrx_word' id='word_1_718' title='bbox 1395 5236 1589 5295; x_wconf 75' lang='lat' dir='ltr'><strong>feneratore</strong></span> <span class='ocrx_word' id='word_1_719' title='bbox 1601 5241 1675 5309; x_wconf 81' lang='lat' dir='ltr'><strong>llro;</strong></span> 
     </span>
    </p>
   </div>
   <div class='ocr_carea' id='block_1_31' title="bbox 964 5318 1722 5398">
    <p class='ocr_par' dir='ltr' id='par_1_48' title="bbox 964 5318 1722 5398">
     <span class='ocr_line' id='line_1_80' title="bbox 964 5318 1722 5398; baseline 0.015 -24"><span class='ocrx_word' id='word_1_720' title='bbox 964 5318 1045 5390; x_wconf 62' lang='lat'><strong>240</strong></span> <span class='ocrx_word' id='word_1_721' title='bbox 1055 5320 1136 5375; x_wconf 72' lang='lat' dir='ltr'><strong>Voltis</strong></span> <span class='ocrx_word' id='word_1_722' title='bbox 1149 5330 1212 5376; x_wconf 88' lang='lat' dir='ltr'><strong>uota</strong></span> <span class='ocrx_word' id='word_1_723' title='bbox 1224 5338 1330 5389; x_wconf 85' lang='lat' dir='ltr'><strong>canam,</strong></span> <span class='ocrx_word' id='word_1_724' title='bbox 1342 5323 1451 5392; x_wconf 84' lang='lat' dir='ltr'><strong>iratres,</strong></span> <span class='ocrx_word' id='word_1_725' title='bbox 1466 5341 1526 5398; x_wconf 84' lang='lat' dir='ltr'><strong>quae</strong></span> <span class='ocrx_word' id='word_1_726' title='bbox 1541 5327 1573 5383; x_wconf 88' lang='lat' dir='ltr'><strong>ie.</strong></span> <span class='ocrx_word' id='word_1_727' title='bbox 1584 5340 1644 5386; x_wconf 87' lang='lat' dir='ltr'><strong>erat</strong></span> <span class='ocrx_word' id='word_1_728' title='bbox 1656 5330 1722 5389; x_wconf 87' lang='lat' dir='ltr'><strong>olim</strong></span> 
     </span>
    </p>
   </div>
   <div class='ocr_carea' id='block_1_32' title="bbox 1000 5406 1511 5486">
    <p class='ocr_par' dir='ltr' id='par_1_49' title="bbox 1000 5406 1511 5486">
     <span class='ocr_line' id='line_1_81' title="bbox 1000 5406 1511 5486; baseline 0.02 -24"><span class='ocrx_word' id='word_1_729' title='bbox 1000 5406 1127 5464; x_wconf 75' lang='lat' dir='ltr'><strong>Ecclesia</strong></span> <span class='ocrx_word' id='word_1_730' title='bbox 1143 5420 1242 5467; x_wconf 78' lang='lat' dir='ltr'><strong>uestrae</strong></span> <span class='ocrx_word' id='word_1_731' title='bbox 1253 5413 1415 5484; x_wconf 84' lang='lat' dir='ltr'><strong>purrrilrcalis</strong></span> <span class='ocrx_word' id='word_1_732' title='bbox 1426 5431 1492 5486; x_wconf 82' lang='lat' dir='ltr'><strong>apex</strong></span> <span class='ocrx_word' id='word_1_733' title='bbox 1505 5436 1511 5472; x_wconf 94' lang='lat'><strong>:</strong></span> 
     </span>
    </p>
   </div>
   <div class='ocr_carea' id='block_1_33' title="bbox 1000 5610 1252 5673">
    <p class='ocr_par' dir='ltr' id='par_1_50' title="bbox 1000 5610 1252 5673">
     <span class='ocr_line' id='line_1_82' title="bbox 1000 5610 1252 5673; baseline 0 -9"><span class='ocrx_word' id='word_1_734' title='bbox 1000 5624 1010 5649; x_wconf 59' lang='grc' dir='ltr'><strong>τ</strong></span> <span class='ocrx_word' id='word_1_735' title='bbox 1033 5610 1122 5673; x_wconf 83' lang='lat' dir='ltr'><strong>Forte,</strong></span> <span class='ocrx_word' id='word_1_736' title='bbox 1137 5611 1252 5666; x_wconf 81' lang='lat' dir='ltr'><strong>urorrirr&#39;r.</strong></span> 
     </span>
    </p>
   </div>
   <div class='ocr_carea' id='block_1_34' title="bbox 0 0 1894 6119">
    <p class='ocr_par' dir='ltr' id='par_1_51' title="bbox 0 0 1894 6119">
     <span class='ocr_line' id='line_1_83' title="bbox 0 0 1894 6119; baseline 0 0"><span class='ocrx_word' id='word_1_737' title='bbox 0 0 1894 6119; x_wconf 95' lang='lat' dir='ltr'><strong> </strong></span> 
     </span>
    </p>
   </div>
  </div>
 </body>
</html>
