3780 6120
147 273 150 277 ·
226 255 278 310 759

395 379 488 484 Oratio
501 424 536 479 ad
552 351 672 479 sama
686 419 844 475 Amantiam.

224 524 327 584 Praesul
342 521 462 578 hmande
480 520 547 584 Deo,
565 516 612 572 taii
627 512 779 570 eunomiae
796 510 914 582 dignus;
968 493 973 501 ’

224 619 371 681 Auxiliare,
385 614 476 677 Pater,
490 608 654 666 famulorum
665 611 729 661 rota
748 611 864 665 tuorum,

225 711 260 766 Et
277 707 399 772 defende,
415 705 467 776 piis
479 701 615 774 precibus,
631 695 799 766 famulosque
812 691 986 762 domumque.

325 871 366 927 Ad
379 883 453 923 arant
466 871 551 920 sancit
563 789 689 932 Sxtefflni
700 855 910 929 protomartyris.

226 965 290 1021 iiac
304 959 434 1031 Stephani
449 955 533 1026 fulget
546 952 652 1008 meritIs
665 946 873 1022 protomartyris
885 958 941 1007 ara,

262 1053 313 1120 Qui
331 1049 432 1121 lapides
445 1046 516 1101 Inter
527 1042 596 1098 vidit
607 1041 634 1096 iu
653 1054 716 1095 aree
728 1038 824 1093 Deum.

228 1146 278 1215 Qui
289 1144 396 1199 reniam
412 1139 533 1211 rogitans
545 1135 671 1199 iuimIcis,
688 1140 775 1189 morte
788 1131 839 1187 sub
852 1129 919 1200 ipsa,

262 1236 315 1291 Pro
328 1232 434 1289 iamnIIs
446 1230 554 1286 veniam
565 1241 689 1299 poscere,
704 1233 778 1282 certe
789 1223 871 1279 vaiet.

226 1326 344 1398 Inclytus
357 1332 385 1379 et
395 1321 495 1399 Christi
508 1317 657 1390 praeclarus
669 1322 775 1371 amatus
787 1313 935 1378 Amandus,
957 1384 959 1389 .

264 1417 299 1473 Et
309 1415 392 1471 decus
407 1422 435 1469 et
445 1419 548 1482 pastor,
562 1406 648 1464 dulcis
664 1418 796 1476 amorque
813 1401 879 1458 suis.

574 1497 682 1556 XXXII.

476 1572 516 1626 Ari
528 1578 631 1643 portam
646 1567 772 1623 ecclesia.

230 1667 292 1724 iiaec
307 1672 384 1736 porta
397 1671 439 1720 est
448 1662 520 1727 eoeli,
536 1668 644 1716 aeternae
657 1659 716 1713 haec
728 1653 860 1724 estianua
876 1652 948 1717 rita,

264 1759 316 1813 ista
327 1756 458 1812 viatorem
475 1753 551 1810 ducit
565 1752 599 1807 ad
610 1758 685 1807 astra
697 1762 786 1806 suam.

227 1848 383 1919 Ingrediens
395 1845 488 1907 istam,
504 1850 614 1914 portam
623 1838 777 1911 penetrarit
789 1848 801 1879 ⁸
815 1833 937 1908 OlympI;

265 1941 310 1996 Sic
328 1938 381 2010 [Si]
395 1937 540 1994 comitetur
555 1949 635 1999 eum,
649 1946 764 2003 spesque
779 1929 899 1998 fidesque
912 1922 1003 1981 simul.

228 2033 275 2088 Ile
287 2032 387 2102 petitur
402 2027 488 2082 veniae
500 2027 514 2066 b
527 2042 536 2093 ;
551 2025 648 2080 devoto
662 2022 733 2076 hane
746 2018 839 2084 corde,
850 2016 938 2071 viator

264 2122 369 2192 Saepius
381 2133 399 2174 o
411 2118 417 2172 i
434 2116 548 2188 pedihus
560 2119 681 2169 transeat
698 2110 756 2181 ipse
768 2109 836 2166 suis.

229 2212 310 2284 209
324 2210 374 2265 liic
387 2221 494 2280 quoquo
507 2212 634 2277 peccator
646 2201 794 2259 sceleratos
803 2199 896 2257 ahiuat
909 2205 998 2264 actus,

263 2305 297 2360 Et
310 2300 438 2373 lacrymis
454 2298 525 2355 lauet
538 2297 632 2352 iimina
651 2310 730 2352 sacra
742 2293 809 2350 suis.

226 2396 362 2467 Purgatus
374 2390 514 2463 iacrymis,
525 2388 621 2443 humili
635 2387 744 2452 decore,
758 2383 889 2455 profusis,

263 2487 304 2543 tid
317 2490 376 2544 ioca
390 2490 484 2539 sancta
497 2479 546 2535 Dei
560 2478 667 2550 dignior
679 2485 708 2531 ut
721 2475 820 2538 veniat,

120 2577 125 2587 '
229 2577 316 2633 Credo
330 2575 392 2646 pius
403 2571 483 2627 Iesus
495 2569 587 2639 culpas
602 2565 718 2636 ignoscit
730 2575 758 2620 et
771 2564 822 2630 illi,

264 2666 294 2721 Si
307 2663 398 2720 ueniat
413 2659 510 2725 tristis,
524 2658 612 2713 laetior
626 2663 657 2711 ut
671 2655 774 2711 redeat.
802 2656 806 2665 '

568 2769 685 2826 xxxin.

423 2866 464 2921 Ad
476 2880 553 2920 arant
564 2863 650 2918 sancti
664 2861 809 2917 Laurentii.

229 2962 306 3020 lianc
319 2957 401 3014 ierita
415 2956 464 3011 liei
478 2962 563 3010 totam
576 2952 741 3008 Laurentius
753 2952 842 3007 auiam

579 272 583 280 ·
635 241 666 298 n.
685 241 717 298 Ii.
737 236 851 296 diurni
871 235 937 292 SEU
957 225 1095 289 aaudiat
1114 222 1257 282 detenuit
1275 218 1364 277 PARS
1384 216 1429 272 vt.
1799 208 1836 267 itt

1029 341 1056 402 Α
1069 336 1108 392 Ita
1120 333 1176 389 suis
1187 331 1291 388 meritis
1301 328 1358 399 jam
1373 332 1444 381 tecta
1465 327 1571 377 sacrata
1581 326 1684 384 tuetur,

1103 426 1139 485 dt
1151 421 1246 497 procul
1258 419 1370 488 eiiugiat
1382 413 1469 471 hostin
1482 412 1516 468 ah
1527 411 1585 466 aede
1598 425 1658 466 sua.

1383 522 1504 581 XXXII.

1198 620 1395 678 adoratorium
1409 615 1491 671 sancti
1506 610 1579 666 Petri
1594 608 1717 679 apoaott.

1067 719 1164 773 Petrus
1178 711 1340 784 apostolicus
1352 709 1489 779 princeps,
1502 712 1650 775 pastorque
1666 701 1761 767 fidelis,

1104 808 1163 863 Iam
1177 805 1267 878 gregis
1278 801 1399 866 aethercI,
1412 798 1469 869 jam
1485 798 1567 853 decus
1581 794 1722 851 EcclesIae.

1069 900 1120 968 Qui
1131 905 1205 954 tenet
1218 895 1313 953 aeterni
1325 893 1415 949 clares
1427 904 1476 961 per
1489 886 1586 944 saecula
1598 885 1688 958 regni,

1106 991 1216 1051 Solvere
1232 987 1275 1045 rel
1289 987 1347 1043 sola
1360 1000 1425 1041 voce
1435 983 1521 1054 ligare
1532 988 1639 1052 potens.

1070 1083 1153 1154 Cujus
1167 1085 1270 1138 honore
1284 1095 1363 1136 sacro
1377 1090 1500 1149 praesens
1513 1075 1572 1130 haec
1585 1072 1648 1127 aula
1662 1071 1751 1127 dicata
1761 1080 1804 1138 est,

1104 1175 1244 1246 Protegat,
1256 1181 1337 1241 atque
1348 1176 1425 1239 regat
1438 1177 1532 1239 pastor
1542 1163 1612 1220 ovile
1626 1178 1718 1218 suum.

1071 1262 1254 1337 Digneturqu'e
1266 1263 1323 1319 suis
1336 1267 1430 1332 portas
1443 1257 1560 1327 aperire,
1573 1268 1729 1325 precamur,

1107 1355 1252 1412 AE‘thereas
1264 1352 1371 1416 oriam,
1385 1361 1497 1404 munere
1507 1352 1648 1418 perpetuo.

1395 1455 1525 1515 XXXVII.

1211 1554 1334 1609 adaram
1346 1549 1432 1606 sancti
1446 1545 1583 1602 Mioitaeiis
1593 1542 1756 1616 archangeli.

1074 1644 1187 1702 iiichael
1203 1645 1337 1700 aethereus
1349 1641 1486 1712 princeps,
1499 1638 1660 1709 primusque
1672 1634 1819 1706 magistra·

1036 1694 1062 1757 B
1109 1736 1216 1792 AEterni
1229 1735 1316 1805 regni,
1328 1747 1449 1789 summus
1462 1731 1489 1786 in
1504 1745 1566 1786 arce
1578 1727 1643 1800 poli,

1073 1827 1220 1885 Conserret
1230 1825 1309 1882 donis
1322 1825 1402 1880 istam
1413 1820 1552 1877 vivacibus
1565 1833 1653 1886 aram,

1108 1916 1173 1986 Qua
1186 1925 1291 1974 sacrata
1305 1914 1388 1971 micat
1397 1913 1505 1969 nomine
1518 1925 1636 1982 namque
1649 1925 1711 1968 suo.

1072 2010 1144 2069 Ante
1158 2008 1305 2079 oculosque
1318 2006 1367 2062 Dei
1384 2004 1484 2060 summi
1495 2003 1523 2059 in
1535 2010 1641 2060 secreta
1653 2001 1778 2072 potorum

1110 2099 1203 2159 Officio
1216 2108 1309 2156 nostro
1322 2098 1335 2140 <¹
1352 2097 1459 2164 oderat,
1475 2105 1556 2167 atque
1569 2109 1675 2168 preces.

1395 2210 1537 2268 XXXi'iII.

1168 2307 1209 2363 Ad
1218 2322 1294 2362 aram
1307 2314 1460 2360 sanctorum
1474 2301 1574 2356 Hilarii
1588 2309 1614 2355 et
1635 2298 1758 2356 Victoris.

1073 2399 1131 2457 Iioc
1145 2398 1230 2453 altare
1239 2404 1315 2468 pater
1327 2393 1425 2465 praesui
1444 2391 1562 2448 iiilarius
1574 2399 1668 2459 ornat,

1109 2489 1193 2546 Notus
1206 2489 1234 2543 in
1246 2487 1312 2542 orbe
1323 2485 1419 2556 procui
1432 2483 1527 2540 doctor
1541 2481 1641 2552 uirique
1649 2481 1724 2553 pius,

1073 2584 1130 2639 Iiac
1142 2581 1247 2653 magnis
1259 2579 1353 2635 Victor
1366 2577 1474 2633 meritis
1482 2583 1651 2632 memoratur
1660 2576 1689 2631 in
1703 2589 1763 2641 ara,

1108 2676 1208 2747 Inclyta
1220 2671 1455 2745 praclarusmdes
1471 2671 1499 2725 in
1515 2685 1593 2727 arma
1604 2678 1714 2740 potent.

1402 2785 1523 2842 XXXIX.

1109 2861 1149 2916 Aa
1160 2859 1275 2915 tantiam
1286 2859 1371 2914 saneti
1383 2857 1496 2912 natandi
1505 2856 1538 2912 ab
1552 2857 1659 2912 Arnone
1671 2864 1833 2926 reatorem,

1075 2951 1195 3008 Antiates
1208 2949 1318 3007 humilis
1331 2949 1449 3015 Domini,
1463 2955 1491 3004 et
1505 2948 1618 3004 devotus
1631 2948 1737 3004 honore

263 3049 421 3111 conservet,
436 3042 565 3114 quoniam
578 3040 637 3097 haec
651 3054 698 3095 ara
708 3040 798 3096 (ficata
812 3039 864 3095 sibi
878 3045 930 3095 est·
1034 3036 1058 3099 C
1073 3041 1200 3099 hmanas
1214 3053 1237 3107 ⁶,
1253 3039 1340 3096 sanati
1354 3038 1473 3094 tumbam
1487 3036 1765 3104 renovavithmandi,

227 3139 278 3195 iiir
291 3139 401 3202 virtute,
418 3134 480 3199 ide,
492 3131 661 3187 flammarum
675 3130 799 3186 incendia
806 3129 873 3185 vicit

266 3230 362 3289 Omnia
376 3233 511 3284 tormenta
525 3232 552 3280 et
564 3224 630 3279 rieit
641 3236 733 3278 amore
743 3222 802 3277 liei.

230 3320 399 3391 Pauperibus
414 3318 547 3381 tribuens,
561 3315 589 3369 iu
603 3314 704 3370 mundo
719 3310 850 3382 quidquia
864 3309 992 3375 habehat,

266 3412 297 3466 ln
310 3409 380 3466 ereio
393 3415 424 3464 ut
433 3407 534 3463 Christi
548 3406 657 3462 divitias
670 3411 788 3474 caperet.

565 3516 686 3572 XXXIV.

410 3589 449 3646 nd
462 3588 597 3645 ecetesiam
608 3585 693 3641 sancti
703 3583 812 3639 Martini
825 3595 849 3638 ε.

232 3686 365 3744 Martinus
376 3681 480 3739 meritis
493 3678 599 3735 Domini
613 3676 764 3748 condignus
774 3691 877 3741 amore,

267 3776 319 3844 Qui
333 3773 385 3830 sihi
399 3779 534 3828 sacratam
545 3769 618 3825 hanc
630 3766 700 3839 regit
710 3765 873 3823 ecclesiam:

231 3868 363 3942 Egregius
376 3862 475 3936 praesul
489 3869 546 3918 toto
558 3858 704 3932 praelarus
718 3857 745 3914 in
755 3856 833 3924 orbe,
941 3921 943 3924 ¹

266 3961 375 4017 Tarona
385 3970 503 4028 pausans
514 3960 607 4025 pastor
621 3953 648 4007 in
661 3951 727 4006 urbe
739 3949 815 4023 [Ed.,
827 3945 904 4022 orbe]
914 3949 986 4020 pius.

232 4052 296 4110 iIaee
306 4050 403 4105 domus
417 4046 488 4103 alma
499 4045 555 4101 Deo
564 4044 651 4116 prima
664 4041 823 4099 estiundata
829 4042 955 4107 Tonanti,

267 4138 337 4196 inte
349 4138 402 4193 alia
415 4143 443 4194 et
457 4136 529 4192 sacri
543 4142 618 4205 septa
633 4132 801 4190 monasteri.

232 4231 324 4287 Crevit
335 4232 422 4286 honor
434 4228 544 4292 horum,
556 4225 672 4282 Domino
681 4224 809 4292 donante,
818 4225 952 4293 locorum,

266 4319 302 4374 Et
311 4316 398 4386 maior
408 4314 523 4371 Domino
535 4320 578 4368 est
591 4313 723 4369 aedificata
738 4314 845 4370 domas.

232 4409 301 4464 Dum
319 4415 429 4463 sanctus
441 4401 539 4474 praesui
552 4403 598 4458 hio
611 4402 773 4459 inhabitarit
784 4402 933 4470 Amandus,

266 4497 359 4555 Crevit
370 4497 456 4553 honor
468 4494 568 4560 Patris,
579 4493 667 4548 erevit
682 4499 709 4546 et
724 4492 776 4546 iste
789 4492 874 4547 loeus.

576 4600 685 4657 XXXV.

348 4697 389 4752 Ad
405 4696 550 4752 oratoriam
562 4694 646 4749 sancti
660 4692 773 4748 Andreae
784 4693 906 4764 apostoII.

233 4788 341 4845 Primus
356 4787 519 4858 apostolicos
543 4784 682 4840 Christum
695 4783 741 4854 qui
754 4794 902 4854 agnoverat
910 4786 982 4842 inter

267 4882 400 4948 Andreas,
417 4880 529 4935 tratrem
540 4885 671 4934 convocat
684 4885 766 4947 atque
780 4893 869 4934 suum.

233 5045 297 5105 tur;
316 5036 368 5094 sihi
379 5052 445 5092 vero
464 5044 496 5092 ut
510 5035 617 5090 reniam
635 5049 649 5088 a
664 5033 773 5090 ChrIsto
794 5043 921 5105 precetur
929 5035 1024 5104 lector,

232 5116 353 5179 exoptat.
374 5106 526 5174 Quomodo
541 5103 677 5161 scribendi
698 5105 744 5158 rix
763 5104 843 5172 alius,
866 5122 947 5177 quam
968 5108 1026 5178 ipse

233 5186 327 5234 auctor
339 5193 404 5234 usus
418 5176 521 5233 iuisset.
538 5173 594 5232 Nec
605 5189 717 5230 securus
726 5181 769 5229 est
778 5175 896 5232 calculus
907 5176 1023 5243 Milonis,

232 5249 292 5320 qai,
308 5249 366 5320 ipso
377 5247 530 5303 iiabiIIonio
541 5247 568 5302 in
581 5245 653 5301 notis
662 5245 691 5299 in
706 5244 798 5300 Vitam
809 5248 896 5303 sancti
909 5247 1025 5305 Amandi

233 5333 357 5387 censore,
373 5319 470 5390 sapius
481 5320 597 5374 aberrat.

271 5401 284 5429 ¹
300 5389 391 5456 Forte,
403 5389 557 5462 penetrabit.

270 5458 285 5498 ¹>
299 5458 389 5516 Locris
401 5467 554 5531 corruptus.
567 5457 672 5516 Fontei
708 5500 728 5526 .,
746 5457 905 5530 dispariter
920 5458 1005 5515 reaia.

272 5538 292 5610 ᾗ
307 5528 366 5610 IIue
390 5546 501 5586 carmen
525 5529 590 5586 clar.
607 5474 760 5585 GarnZiInot
784 5531 979 5600 interpretatur
991 5529 1026 5585 de

234 5595 347 5678 hasrirca
362 5600 523 5666 Turonensi,
538 5600 585 5655 uhi
596 5609 706 5656 sanctus
715 5599 865 5664 Amandus,
878 5607 909 5654 ut
922 5600 949 5654 in
960 5597 1025 5654 Vita

235 5679 320 5734 rpsrus
342 5668 451 5742 iegitur,
472 5685 578 5730 comam
593 5669 691 5744 capitis
702 5670 803 5743 posuit,
817 5667 1023 5748 adeptus-cieri·

1074 3133 1133 3189 Non
1146 3147 1261 3204 parcens
1273 3131 1370 3200 opibus
1382 3147 1389 3196 ;
1402 3130 1510 3186 miseris
1523 3145 1588 3184 nam
1602 3129 1736 3201 quidquid
1754 3130 1862 3187 habehat

1076 3224 1229 3295 Sparserat,
1240 3230 1267 3277 et
1280 3221 1380 3277 Christi
1392 3221 1508 3291 compsit
1516 3235 1595 3277 saera
1606 3221 1708 3292 templa
1720 3223 1858 3278 sacerdos:

1074 3315 1128 3372 Pro
1141 3328 1205 3384 quo,
1216 3311 1331 3384 quisque
1346 3311 1421 3382 legas
1434 3327 1544 3379 versus,
1556 3325 1638 3368 orare
1650 3320 1797 3369 memento

1457 3424 1514 3481 XL.

1151 3519 1205 3575 'De
1215 3528 1305 3575 sancto
1320 3519 1440 3573 Amantio
1454 3519 1574 3590 episeopo
1595 3517 1768 3589 Traieoterrai

1075 3611 1126 3667 iiic
1139 3618 1254 3681 pateret
1265 3618 1359 3680 pastor
1370 3624 1495 3681 magnus,
1511 3608 1669 3680 ChristIque
1681 3607 1804 3665 sacerdos

1077 3703 1193 3758 Sanetus
1203 3701 1415 3766 Amandusohit,
1422 3698 1561 3754 Christum
1574 3698 1621 3769 qui
1628 3712 1736 3768 semper
1747 3696 1842 3753 amarit:

1075 3791 1197 3848 Plurima
1210 3792 1256 3864 qui
1281 3792 1393 3847 veniens
1409 3788 1468 3863 [F.,
1483 3789 1591 3862 uirens]
1607 3789 1718 3845 meritis
1732 3784 1835 3843 miracala

1726 3876 1814 3952 [paea

1076 3971 1159 4043 Cujus
1172 3973 1226 4029 uita
1240 3972 1292 4028 suit
1303 3972 1439 4037 doctrina,
1450 3972 1580 4044 salusque
1595 3987 1709 4029 suoram

1077 4061 1128 4129 Qui
1143 4063 1200 4133 jam
1215 4062 1322 4118 diuitias
1333 4061 1406 4117 saeeii
1421 4063 1585 4133 contempsit
1596 4063 1709 4129 nabere

1076 4140 1205 4208 AEternas
1218 4149 1319 4206 ChrIsti
1336 4158 1366 4205 nt
1380 4151 1441 4206 ooeli
1453 4150 1575 4208 lucraret
1586 4151 1613 4206 in
1626 4151 1698 4207 aula.

1077 4241 1264 4313 IIuIIIpIicarit
1272 4256 1337 4312 opes
1351 4241 1504 4297 animarum
1519 4243 1615 4298 doctor
1624 4242 1732 4312 ubique,

1076 4334 1214 4405 Exemplis
1228 4333 1358 4401 formans,
1372 4341 1400 4389 et
1416 4332 1426 4372 ῐ
1440 4333 1551 4388 doctore
1564 4333 1702 4404 magister.

1075 4425 1125 4481 iiic
1138 4433 1215 4495 pater
1227 4425 1353 4496 egregius
1367 4423 1475 4479 Christo
1491 4423 1543 4479 hoc
1554 4422 1678 4479 fundavit
1690 4421 1761 4498 ovile¹

1074 4517 1108 4572 Et
1119 4525 1181 4589 post
1192 4518 1315 4588 perpetui
1330 4531 1389 4587 quae
1404 4515 1504 4585 sparsit
1521 4517 1626 4571 semina
1637 4516 1714 4588 regni

1073 4610 1102 4665 ln
1114 4609 1236 4680 populos,
1248 4617 1371 4665 nostrum
1388 4608 1467 4677 longe
1478 4607 1585 4677 iateque
1595 4622 1646 4678 per
1657 4608 1757 4663 orbem.

1073 4698 1139 4754 Post
1150 4699 1254 4755 fractus
1266 4700 1352 4766 reriri,
1366 4714 1437 4755 saeva
1450 4705 1551 4768 etpost
1563 4698 1658 4769 praelia
1672 4697 1761 4754 mundi

1074 4790 1301 4861 Contemplativos
1312 4791 1414 4861 placuit
1424 4790 1468 4845 hia
1481 4804 1592 4860 carpere
1605 4788 1720 4845 fructus.

1074 4879 1162 4952 Atque
1174 4880 1230 4936 Deo
1247 4880 1297 4936 soii
1310 4888 1415 4935 tantum
1426 4879 1529 4936 servire
1545 4879 1665 4950 quietus,

1074 5047 1152 5096 catus
1174 5040 1314 5096 honorem.
1331 5039 1397 5095 itini
1416 5037 1598 5095 verosimilius
1621 5037 1739 5103 ridetur,
1763 5031 1839 5090 intelli*

1075 5111 1192 5182 gendum
1204 5125 1266 5166 esse
1285 5111 1319 5165 de
1339 5111 1428 5181 prima
1452 5110 1567 5166 ecclesia
1589 5108 1694 5164 EInone
1718 5104 1840 5163 umnam

1075 5181 1161 5236 sancti
1176 5180 1283 5236 Mardni
1299 5188 1474 5246 constructa;
1491 5188 1585 5251 postea
1604 5186 1731 5234 asaneto
1744 5173 1843 5232 amada

1075 5250 1237 5322 amplificata
1253 5270 1259 5304 :
1273 5266 1346 5305 nunc
1361 5251 1514 5320 paraecialis
1528 5267 1545 5306 o
1583 5249 1618 5305 idi
1633 5248 1722 5304 sancti
1740 5244 1845 5303 nandi.

1075 5320 1126 5376 snb
1138 5321 1292 5377 Patrocinio
1307 5323 1393 5376 sancti
1405 5321 1522 5387 hiartIni,
1566 5319 1696 5376 abillonio
1712 5327 1789 5386 teste,
1801 5318 1847 5375 dei

1075 5391 1125 5447 SS.
1138 5408 1200 5448 saec.
1216 5407 1253 5457 av,
1266 5399 1335 5462 part.
1350 5408 1371 5457 r,
1384 5406 1446 5462 pag.
1465 5391 1509 5447 dt.

1110 5461 1124 5502 d
1144 5461 1235 5527 Forte,
1248 5462 1338 5532 officio
1352 5472 1452 5516 nostra.

1113 5532 1253 5587 ⁶iiidesu
1290 5531 1576 5589 riusnum.28e129.

1114 5602 1233 5669 (Forte,
1269 5603 1351 5660 timeto
1365 5603 1479 5660 doctore.
