3780 6120
123 308 191 366 tati
624 302 669 356 ub
686 297 801 356 OPERA
819 297 850 354 Β.
868 295 1006 352 stabnt
1021 294 1240 353 serebamus.
1697 285 1754 343 lili

122 425 172 484 las,
193 433 261 490 quas
284 416 432 479 desideras,
455 429 487 468 ex
509 411 618 467 lieurici
642 411 759 466 Elorezii
784 410 910 465 monachi
925 423 948 482 g
961 428 1007 468 eas
1025 411 1111 482 possit
1128 407 1315 482 legerejussi,
1327 415 1402 464 ulex
1416 405 1543 490 Floresii
1567 404 1755 490 {disperisse

122 489 308 562 btrgtrstiuiaui
328 485 484 546 excalceati,
499 483 548 536 riri
562 482 687 535 laboriosi
702 490 767 533 tom.
784 479 910 549 l'llispa·
960 499 1006 537 era
1032 484 1248 541 extraherentur,
1261 479 1384 548 tradique
1404 478 1580 558 clarissimo¹
1597 490 1660 558 utro
1671 474 1756 532 Earnb

121 563 173 616 uiae
188 561 278 613 Sacrae
289 557 423 622 desumpsi
439 569 492 607 rtna
515 567 576 606 curu
591 551 709 618 ejuutem
725 549 861 604 historiola
877 551 910 603 de
959 550 1263 620 t1lntsutpu0roetuer,
1288 564 1434 620 perquem
1462 548 1520 603 illae
1548 547 1709 617 tltrrgatttur
1729 552 1755 604 ad

123 633 203 685 rebus
224 626 360 695 Elipaudi,
384 625 446 678 licet
473 623 548 693 parri
563 622 699 682 momenti,
715 634 749 673 ue
764 620 828 690 quid
840 618 909 673 desi·
959 620 992 675 D.
1006 622 1159 676 Temlerum
1175 633 1199 672 ⁸.

124 702 211 754 dores.
311 694 320 712 “
996 691 1051 745 lloc
1065 701 1155 744 alitem
1166 688 1231 743 mibi
1246 687 1389 743 molestum
1408 695 1463 749 est,
1480 685 1560 756 quod
1576 700 1645 740 caru
1659 687 1693 742 cl.
1713 692 1753 746 rin·

158 768 182 839 5
262 764 393 831 Quoniam
416 777 481 816 vero
503 759 569 814 mibi
592 760 642 814 bas
665 758 793 828 epistolas
809 756 909 826 legonti
959 758 1032 814 Petri
1044 760 1171 815 Stevartii
1188 759 1310 813 soltrmou
1324 757 1470 813 continens
1485 758 1583 812 libros
1608 755 1711 814 Etherii
1728 777 1754 817 se

123 837 250 893 nonnula
264 835 291 888 in
310 842 427 887 mentem
442 836 585 891 uerierunt,
601 843 661 898 quae
683 829 790 882 illarum
816 827 910 881 lectio
959 827 1033 883 Beati
1045 831 1077 882 ad
1091 844 1134 883 me
1145 829 1274 897 trroiussu
1285 828 1443 892 ueniantut
1454 826 1520 881 libri
1535 825 1582 907 illi
1591 826 1754 886 conferantur

124 924 186 962 nem
205 915 233 961 et
258 918 365 958 sensum
386 901 520 955 faciliores
544 899 666 960 reddunt,
680 899 765 951 risum
785 907 826 952 est
843 897 909 951 inibi
959 915 1021 953 curn
1045 899 1236 967 manuscriptis
1260 897 1414 960 Toletanis,
1437 900 1514 952 uude
1541 896 1616 950 olim
1640 896 1753 971 desumet

124 995 154 1032 ea
167 978 193 1031 iu
210 974 375 1041 marginibus
389 971 519 1024 adnotare
534 968 560 1020 iu
575 968 611 1020 tui
627 967 750 1036 gratiam.
765 966 839 1028 Sine,
850 965 909 1018 illu·
960 968 1083 1030 fuerunt;
1105 977 1193 1022 umen
1210 968 1275 1022 milri
1299 966 1483 1037 significatum
1508 975 1571 1029 est,
1594 965 1750 1028 collatione·

127 1047 259 1101 strissimo
270 1042 386 1103 domiue,
402 1049 432 1094 ut
449 1040 475 1093 iu
490 1038 571 1090 rebus
583 1038 703 1090 tuirrimis
715 1052 756 1090 rue
770 1037 817 1090 tibi
831 1036 909 1089 obse·
959 1037 1029 1093 bane
1043 1037 1114 1092 trullo
1125 1039 1205 1094 ruodo
1229 1037 1286 1091 fieri
1308 1050 1397 1108 posse,
1417 1038 1487 1106 quia
1512 1035 1600 1091 nulla
1627 1052 1687 1106 spes
1709 1055 1748 1103 est,

127 1118 250 1185 quiosum
263 1112 406 1180 paelicum,
421 1125 482 1163 eum
501 1109 527 1160 iu
547 1107 650 1176 magnis
670 1120 809 1175 nequeam.
960 1108 1030 1162 illius
1040 1109 1162 1163 ecclesiae
1178 1107 1323 1176 capitulum
1339 1107 1498 1176 hujusmodi
1514 1107 1636 1161 veniam
1657 1123 1749 1167 enum

161 1185 267 1254 Optime
282 1178 482 1249 scis,Elipaudi
506 1186 626 1245 tempore
648 1176 771 1230 Latinam
792 1175 908 1247 linguam
959 1192 1062 1232 starum.

124 1255 152 1308 iu
171 1251 352 1315 vernaculam,
363 1264 414 1318 qua
429 1263 498 1302 tttttto
514 1246 623 1314 llispaui
639 1247 748 1307 trtimur,
765 1245 790 1297 iu
813 1262 908 1316 magna
994 1247 1020 1301 lu
1036 1247 1199 1316 quibuslibet
1212 1245 1272 1301 aliis
1284 1245 1381 1309 rebus,
1394 1245 1558 1302 celsissime
1582 1247 1746 1320 princepsa

125 1325 165 1378 sui
179 1330 256 1393 parte
271 1321 458 1390 degenerasse.
475 1317 587 1369 Nomina
606 1315 699 1369 Latina
716 1329 796 1369 casus
809 1317 909 1369 buben·
958 1318 1056 1386 quibus
1068 1333 1117 1387 ego
1135 1332 1224 1371 meum
1237 1316 1394 1384 obsequium
1407 1326 1551 1387 praestare
1569 1324 1747 1386 queamarbi

124 1395 170 1457 tia,
187 1390 490 1457 eosamittebant,quos
505 1385 614 1454 llispani
628 1385 782 1454 supplemus
798 1401 846 1454 per
862 1403 908 1439 arn
959 1395 1029 1440 tratu
1047 1395 1091 1440 tuo
1103 1387 1208 1456 quidvis
1219 1388 1320 1455 impera
1342 1385 1417 1439 mibi.
1444 1386 1539 1441 Tuam
1566 1388 1643 1442 enim
1664 1390 1696 1444 tle
1714 1409 1747 1448 ne

121 1462 229 1526 ticulos,
240 1459 443 1531 praepositiones
456 1466 483 1510 ct
498 1455 706 1523 interjectiones.
726 1455 819 1522 ltaque
839 1455 908 1523 aprtd
958 1473 974 1508 o
994 1457 1110 1511 inionem
1135 1458 1414 1526 exspectationemque
1440 1456 1521 1512 nullo
1550 1459 1638 1512 modo
1660 1458 1744 1516 falbes.

121 1549 172 1587 uos
185 1547 237 1584 uua
258 1529 374 1583 nominis
389 1527 554 1589 terminatio,
570 1525 627 1579 sire
641 1525 785 1595 singularis
798 1525 833 1578 sit
852 1526 908 1579 sire
982 1527 1032 1590 ale,
1041 1527 1175 1595 princeps,
1184 1535 1248 1591 etc..
1257 1535 1284 1580 ct
1296 1542 1406 1581 numera
1418 1528 1554 1582 meinter
1565 1527 1680 1584 clientes
1689 1542 1744 1588 turs

121 1600 338 1671 pluralis,t'icem
351 1605 461 1666 prestat
471 1597 590 1650 omnium
602 1609 799 1662 casuum,quos
813 1593 908 1648 Latina
958 1594 1040 1650 Olirae
1055 1613 1069 1648 r
1085 1596 1143 1650 Kal.
1159 1597 1269 1651 llartias
1279 1610 1350 1650 anno
1366 1596 1445 1650 lidii.

120 1672 243 1741 syntaxis
263 1669 355 1737 exigit.
370 1666 490 1735 Exempli
512 1664 597 1735 gratia
620 1664 758 1718 nominum
778 1664 909 1734 llispauo-
994 1666 1056 1720 Post
1069 1666 1125 1720 luec
1139 1668 1240 1737 scripta
1259 1668 1346 1720 risum
1362 1675 1403 1721 cst
1423 1666 1491 1720 mibi
1505 1666 1622 1735 judicio
1642 1673 1745 1728 wosub

123 1757 183 1795 rum
208 1739 284 1793 radix
306 1738 373 1792 solet
394 1751 454 1792 esse
471 1735 603 1789 ablativus
630 1734 751 1787 Latinus.
774 1735 866 1803 ltaque
891 1751 905 1789 a
960 1737 1067 1791 rrrittcre
1089 1736 1258 1804 coniecturas
1281 1737 1395 1807 aliquas,
1419 1737 1528 1805 quibus
1561 1751 1679 1797 mustus
1698 1759 1745 1797 sun

122 1827 211 1862 irrerrsn
226 1809 422 1870 (licilianum
439 1803 686 1874 aternple,ternple,·
700 1819 715 1856 a
729 1820 846 1857 sermone
858 1820 907 1873 per
960 1807 1071 1875 implere
1084 1806 1173 1877 aliqua
1186 1823 1270 1862 vacua
1283 1807 1388 1861 inedita
1404 1807 1537 1876 epistolae
1551 1809 1688 1879 Elipaudi.
1700 1811 1745 1869 Ce-

120 1893 256 1948 apocopen
269 1892 388 1938 sennon,·
402 1892 416 1929 a
430 1876 517 1943 fructu
528 1882 556 1928 et
569 1873 611 1926 die
625 1874 784 1942 permutatis
806 1874 905 1928 recali-
956 1885 1015 1930 tera
1028 1877 1137 1932 vulnera
1151 1878 1216 1932 ntibi
1228 1877 1352 1932 ridentur
1365 1877 1602 1935 immedicabilia.

120 1950 169 2002 luas
191 1948 326 2008 frnadibus,
341 1945 410 2012 fruto
424 1954 452 1998 et
474 1943 529 1997 din.
554 1942 610 1998 llnc
631 1944 777 2065 supssosito,
793 1959 854 1997 cum
878 1945 904 1997 iu
1303 1967 1370 2022 vm·

119 2020 232 2087 epistola
249 2018 280 2070 ad
294 2015 410 2069 l'clicem
423 2013 661 2084 Elipaudusdieit:
704 2014 789 2066 onrirro
805 2012 904 2075 Felice,

120 2104 209 2146 rastis,
224 2087 269 2157 qtri
283 2086 309 2138 iu
324 2084 416 2137 lautitia
445 2084 533 2152 lingua
553 2083 709 2152 incorrupta
735 2084 804 2137 sexti
826 2100 906 2139 casus

119 2167 221 2219 esseut,
236 2159 398 2222 incorrupta
413 2162 439 2207 et
455 2154 481 2207 in
494 2153 639 2222 Hispanam
652 2151 830 2223 degenerante
843 2161 907 2208 sunt
990 2197 995 2208 .

121 2228 218 2295 quinti,
231 2226 370 2278 deficiente
393 2222 587 2289 interjectione,
605 2239 630 2285 ο,
643 2238 703 2291 quae
726 2223 751 2276 in
776 2225 906 2278 vocativis

121 2296 337 2365 frequentissime
362 2294 481 2363 suppleri
499 2293 576 2347 solet.
595 2290 651 2347 llac
675 2292 754 2346 uuioa
778 2295 905 2348 observa·

120 2369 193 2421 tinne
206 2366 333 2435 plurimas
347 2364 529 2435 stribiligines,
542 2376 602 2431 quae
613 2363 639 2416 iu
651 2362 771 2431 Elipaudi
786 2364 906 2433 epistolis

120 2444 275 2495 (sortierunt,
288 2436 437 2502 comperies
450 2450 510 2488 esse
525 2433 572 2486 llis
592 2433 719 2486 anismos.

156 2507 221 2560 lllnl
236 2505 507 2573 tibi,elarissimoque
520 2502 549 2556 C.
583 2502 722 2557 .Temlero
735 2502 906 2557 consideran·

120 2577 183 2630 tlrrm
196 2575 326 2644 relinquo,
342 2590 375 2628 an
389 2581 510 2642 oporteat
524 2572 614 2628 seculi
625 2573 732 2627 barbari
743 2573 904 2642 scripturam

120 2646 272 2700 emendare.
287 2644 353 2698 Natu
365 2661 424 2712 qum
436 2644 528 2714 religio
544 2651 586 2697 est
599 2643 719 2697 scribere
739 2642 831 2696 nolluit
855 2658 905 2712 pro

122 2716 215 2776 rroluit,
229 2723 255 2769 et
271 2715 424 2783 lrttjusmodi
447 2713 590 2768 sexcenta?
609 2712 659 2767 Ubi
686 2728 781 2766 sensus
805 2715 905 2766 obscu-

122 2801 168 2839 rus
185 2794 236 2844 est,
249 2785 285 2839 ibi
297 2794 448 2838 monstrosa
463 2783 542 2837 lertio
556 2789 741 2845 conservetur,
757 2791 786 2836 ut
800 2782 905 2836 facilius

120 2870 183 2909 vera
197 2856 354 2909 restituatur
371 2869 378 2907 ε
393 2855 439 2908 sed
458 2853 503 2907 ubi
519 2863 609 2907 certus
621 2862 677 2917 cst,
690 2854 753 2922 quid
767 2861 819 2914 est,
833 2854 905 2922 tqtrod

120 2941 169 2980 uos
184 2932 262 2995 cogat
278 2923 485 2978 describentium
503 2924 567 2977 vitia
580 2924 790 2993 repraesentare?
806 2924 905 2977 lerum

121 2996 177 3051 baec
190 3006 217 3049 et
232 2995 282 3048 alia
294 3009 343 3117 giro
362 3002 407 3047 tua
423 3008 528 3048 sutnma
539 2995 688 3048 eruditione
699 2993 842 3063 judicabis.

991 2056 1173 2111 lllustrissimo
1187 2056 1296 2111 domino
1311 2055 1342 2109 b.
1356 2055 1512 2118 Fuouesro.
1534 2060 1746 2134 dignissimoab-

956 2127 1011 2182 bati
1025 2128 1180 2181 monasterii
1200 2126 1229 2181 S.
1245 2127 1409 2182 Emmerami
1427 2128 1637 2188 Ratisbonaeet
1653 2132 1745 2191 s.tt.l

956 2197 1088 2322 prruesipil.)
1107 2198 1261 2321 {euocatus
1279 2197 1437 2264 dilatasses,
1459 2199 1632 2259 Generosus
1645 2203 1747 2261 tuens

956 2283 1007 2322 nus
1043 2308 1049 2321 .
1091 2308 1097 2320 .
1139 2307 1145 2320 .

965 2396 967 2400 ¹
992 2336 1049 2391 Nou
1065 2336 1115 2391 luit
1135 2352 1227 2402 eausa,
1243 2337 1423 2394 illustrissime
1443 2338 1580 2407 domiue,
1593 2358 1644 2399 cur
1660 2354 1749 2403 uultu

955 2405 1074 2463 laborent
1088 2422 1209 2477 caperes,
1222 2418 1252 2462 nt
1262 2408 1296 2463 ad
1308 2424 1351 2463 me
1363 2409 1507 2465 scriberes
1527 2414 1638 2484 gratias
1656 2426 1749 2488 prcpm

955 2477 1078 2544 Elipaudi
1091 2476 1218 2547 epistolas
1231 2479 1264 2533 ad
1277 2487 1304 2532 te
1325 2481 1503 2536 transmissas
1521 2500 1529 2535 :
1546 2500 1615 2538 nau
1635 2487 1750 2559 quidquid

955 2545 1061 2671 oltlliciia
1076 2564 1118 2602 mc
1133 2548 1181 2602 tibi
1194 2557 1344 2618 praestetur,
1355 2547 1416 2616 lure
1431 2552 1627 2610 meritissimo
1650 2557 1750 2614 donem

955 2617 975 2670 ti
996 2618 1014 2671 i.
1476 2660 1483 2672 .

991 2686 1111 2756 Elipaudi
1131 2687 1244 2759 epistola
1267 2690 1452 2761 manuscripta
1479 2702 1512 2747 et
1546 2694 1667 2760 inedita,
1685 2712 1751 2768 quau

955 2756 1036 2827 590
1063 2758 1098 2811 ad
1121 2768 1147 2813 te
1172 2760 1249 2825 misi,
1268 2759 1318 2814 fuit
1339 2760 1438 2829 prima,
1475 2780 1549 2819 uam
1576 2765 1623 2821 ille
1648 2769 1751 2838 scripsit,

955 2843 1089 2898 quamque
1115 2830 1253 2885 damnavit
1276 2831 1420 2885 erinoiliuua
1448 2778 1713 2904 iqraueofurteose,
1731 2849 1753 2894 tt

955 2898 1144 2968 impugnarunt
1157 2909 1266 2955 sanetus
1277 2900 1374 2955 Beatus
1386 2911 1471 2972 atque
1486 2903 1633 2963 Etbcrius
1645 2909 1659 2949 ὓ
1674 2910 1752 2964 :ides-

955 2983 1008 3037 que
1019 2968 1044 3021 in
1059 2970 1151 3023 codice
1163 2970 1291 3025 Toletano
1306 2971 1356 3025 tto
1375 2972 1464 3042 prima
1490 2990 1529 3029 ex
1550 2979 1646 3034 tribus
1658 2979 1750 3052 legiler,

156 3067 266 3127 Rostag,
288 3064 467 3118 qqusfflssqme
495 3064 603 3119 domine
625 3065 709 3118 abbas
730 3071 758 3116 02
779 3065 905 3132 minem
955 3041 1752 3111 eamquesequunturaliudue,quasilenricusFloretias

121 3136 185 3190 mibi
208 3136 324 3189 maxime
345 3134 509 3198 venerande,
526 3142 555 3186 ut
575 3135 622 3187 tibi
637 3134 739 3203 gratias
751 3149 828 3213 agam
843 3112 940 3202 pro-c

119 3213 220 3274 pterea,
233 3205 305 3275 quod
318 3203 444 3274 dignatus
464 3220 493 3258 es
509 3219 644 3271 exponere
659 3205 725 3258 mibi
747 3218 824 3270 jussa
848 3213 904 3264 trra,

120 3291 179 3330 rttae
193 3275 265 3328 limiti
284 3276 372 3329 studio
387 3284 415 3329 et
427 3274 563 3344 diligentia
585 3275 696 3355 exsequi
710 3275 820 3328 curabo.
838 3275 908 3327 lietu

119 3292 181 3415 llpt.
197 3346 267 3397 ldau.
282 3345 430 3414 longuram
454 3353 631 3414 vegetamque
646 3357 728 3397 ratam
743 3344 791 3396 tibi
807 3359 907 3397 concc-

120 3415 176 3478 dat,
190 3423 220 3468 ut
232 3414 358 3468 Ecclesiae
370 3414 509 3467 catholicae
522 3414 632 3468 utilitati
651 3412 791 3467 consulere
812 3429 906 3482 queas.

120 3484 203 3537 tllirae
213 3484 241 3536 in
253 3498 334 3552 regno
346 3483 473 3538 Valentior
487 3499 516 3536 nt
533 3484 584 3537 cal.
596 3485 731 3553 Augustas
749 3484 811 3536 terrui
828 3483 906 3536 atos.

499 3573 530 3627 ll.

155 3662 336 3717 lllustrissimo
351 3663 459 3718 domino
473 3663 504 3717 b.
520 3663 666 3728 Funerata,
679 3664 708 3718 S.
732 3664 765 3719 ll.
784 3665 806 3719 l.
829 3666 907 3736 prin-

120 3734 172 3804 cipi
185 3743 212 3788 et
225 3731 313 3787 abbati
331 3733 365 3786 ad
384 3732 413 3787 S.
436 3733 636 3788 Emurerarnum
654 3734 824 3800 llatisborue,
840 3747 906 3802 otc.,

120 3802 276 3859 Guuooutus
289 3802 434 3858 ltnmsms
444 3802 597 3860 Generosus
609 3804 765 3861 Valentinus
780 3805 809 3860 S.
826 3806 855 3860 P.
872 3806 905 3862 D.

155 3872 221 3928 Nolo
246 3872 293 3927 tibi
313 3873 428 3928 relidere
451 3873 553 3940 ferinos,
573 3874 722 3931 celsissime
742 3876 867 3947 princeps
881 3885 909 3932 et

120 3943 203 3998 abbas
228 3943 399 3997 meritissime
418 3954 499 4013 atque
529 3944 699 4015 perillustris.
726 3945 778 4000 Sed
793 3947 907 4003 nescias

119 4013 212 4136 guanti
229 4013 317 4066 valeat
333 4014 403 4082 apud
427 4031 470 4070 me
492 4017 639 4071 arroteritae
652 4025 708 4080 tua,
721 4023 748 4070 te
762 4018 907 4073 certiorem

131 4085 200 4148 acio,
215 4098 268 4146 me,
282 4082 345 4138 licet
359 4082 414 4151 jam
428 4084 612 4153 desperassem
636 4087 669 4141 de
689 4085 835 4141 obtinenda
854 4087 907 4142 Eli-

119 4154 199 4223 paudi
214 4153 337 4222 epistola,
351 4169 399 4223 per
414 4154 543 4209 ducentos
556 4171 641 4210 annos
651 4156 685 4211 ab
706 4157 818 4210 eruditis
840 4157 907 4212 uiris

120 4223 310 4282 desideratae
326 4233 354 4277 te
375 4231 514 4294 tantopere
529 4226 657 4294 expetita,
672 4235 701 4280 et
722 4227 778 4295 ipsa
815 4227 906 4282 uidem

119 4292 274 4347 dillieillima
289 4293 511 4357 lectu‚summam
525 4303 613 4349 tamen
626 4296 780 4350 adhibuisse
795 4242 908 4367 :lifigen-

121 4362 197 4423 tiam,
211 4363 238 4416 iu
252 4378 305 4431 qua
320 4372 448 4416 constans
468 4362 516 4428 fui,
530 4365 617 4419 donec
637 4381 651 4419 a
671 4366 705 4420 cl.
724 4366 783 4420 viro
796 4366 907 4421 Aurelio

120 4431 231 4486 Beueito
253 4431 381 4486 Ecclesiae
403 4433 538 4487 Toletano
559 4436 676 4494 decano,
698 4451 758 4489 eam
781 4436 904 4497 obtinui.

956 3108 1050 3168 edidit,
1070 3124 1103 3163 er
1126 3111 1221 3165 eodem
1245 3111 1336 3166 codice
1357 3110 1520 3184 descriptas
1547 3117 1631 3187 jussu
1657 3120 1690 3175 cl.
1711 3120 1751 3175 riri

959 3176 1070 3232 loannis
1083 3180 1192 3235 Arrtouii
1210 3181 1243 3235 de
1257 3181 1310 3236 Las
1323 3181 1463 3248 infandas,
1473 3185 1619 3244 Ecclesiae
1633 3190 1751 3247 Totum

960 3249 1065 3312 decani,
1078 3258 1104 3302 et
1115 3251 1178 3304 dum
1192 3251 1308 3311 virebat,
1320 3251 1400 3306 amici
1417 3255 1485 3308 mei.

995 3317 1069 3372 beati
1083 3327 1164 3389 atque
1178 3321 1280 3375 siberti
1295 3321 1490 3392 Apologeticus
1506 3328 1648 3385 adversas
1660 3330 1750 3401 utne

959 3387 1022 3442 darm
1034 3389 1110 3442 estin
1121 3391 1180 3445 eotl.
1193 3391 1252 3455 tlte,
1261 3408 1376 3461 quocum
1387 3409 1476 3448 uuum
1488 3411 1600 3468 corpus
1610 3398 1751 3456 ellieittlitt

960 3458 1100 3513 samsonis
1121 3461 1227 3515 ablutis
1249 3461 1444 3517 Cordubensis.
1469 3464 1612 3537 Scriptus
1630 3471 1749 3527 stulu

958 3526 1056 3582 litteris
1071 3529 1280 3601 Lnrtgubardicis
1293 3533 1406 3588 vetustis
1422 3552 1428 3586 :
1443 3544 1474 3590 et
1489 3540 1561 3608 quia
1582 3539 1750 3602 librarius,tl

958 3597 1107 3654 litterarum
1126 3601 1270 3663 inscitiam,
1283 3617 1342 3656 cum
1360 3618 1423 3657 eum
1439 3609 1666 3679 conglutinaret,
1679 3614 1748 3666 iuter

958 3667 993 3747 tit
1014 3672 1220 3738 quaternionem
1241 3688 1256 3725 a
1277 3686 1335 3742 rap.
1356 3673 1387 3727 lb
1400 3673 1464 3730 libri
1483 3694 1505 3732 ιι
1525 3695 1543 3733 ιι
1582 3696 1618 3735 ue
1632 3683 1666 3736 ad
1686 3681 1747 3735 iarn

958 3752 1027 3805 erus,
1040 3740 1090 3794 boc
1101 3740 1189 3809 ipsum
1202 3750 1321 3796 erratum
1334 3747 1484 3809 repetitum
1497 3747 1556 3804 fuit
1570 3767 1598 3805 ιιι
1611 3752 1748 3807 attonde

958 3810 1071 3874 receuti,
1083 3812 1128 3879 qui
1148 3820 1190 3866 est
1211 3813 1296 3867 codex
1323 3813 1383 3873 llis.
1407 3815 1635 3892 descriptusque
1660 3823 1706 3877 fuit
1722 3822 1748 3875 ab

958 3881 1115 3935 amanuensi
1128 3882 1303 3938 eruditissimi
1314 3883 1364 3937 riri
1375 3883 1496 3942 loannis
1512 3889 1651 3962 Baptiste
1662 3889 1747 3947 renai

956 3949 1075 4072 episcopi
1103 3949 1304 4023 Segorbieusis;
1331 3953 1408 4021 cujus
1437 3956 1679 4032 incomparabilis
1703 3961 1743 4016 riri

958 4034 1048 4072 nonou
1061 4020 1091 4076 lae
1101 4031 1172 4076 nobe
1182 4031 1210 4076 et
1217 4023 1419 4079 emendationes
1433 4026 1460 4080 ia
1475 4033 1611 4103 ntargioe
1626 4033 1745 4105 legurm.

957 4096 987 4142 ut
1001 4089 1128 4145 credibile
1144 4092 1180 4146 sit
1194 4107 1328 4148 summurn
1343 4094 1418 4150 illum
1443 4096 1541 4153 tirum
1556 4105 1700 4175 exemplar
1709 4116 1745 4155 re·

958 4166 1058 4213 tustum
1077 4176 1138 4214 cum
1153 4164 1254 4217 receuti
1268 4165 1421 4219 contulisse.
1448 4166 1564 4225 llarum
1590 4178 1748 4228 ιιοιιιιιιιιι

957 4229 1174 4286 emendationum
1199 4233 1275 4287 testis
1300 4244 1343 4288 est
1368 4234 1410 4289 vir
1427 4235 1466 4291 cl.
1488 4239 1629 4299 Aurelius
1643 4242 1746 4305 Beseda

958 4297 1076 4365 ejusdem
1088 4301 1210 4357 eeclesiae
1223 4303 1351 4370 decanus,
1362 4306 1488 4377 miliique
1503 4313 1702 4376 amicissimus,
1710 4312 1745 4381 qai

957 4379 984 4423 et
998 4370 1100 4425 Perezii
1115 4380 1142 4424 et
1155 4371 1213 4439 ejus
1227 4376 1398 4430 amanuensis
1421 4391 1528 4436 manus
1549 4397 1567 4436 o
1591 4384 1659 4440 time
1679 4384 1746 4439 oot't

994 4438 1126 4495 Praeterea
1139 4443 1316 4497 animadverti
1330 4460 1380 4516 ego
1390 4444 1533 4504 loannem
1559 4399 1709 4509 sinnam
1725 4452 1746 4506 is

120 4517 189 4571 qum,
206 4518 239 4557 ne
257 4511 319 4556 rota
338 4511 381 4556 tua
397 4513 487 4557 esseut
502 4505 601 4568 inania,
617 4513 678 4573 post
691 4506 787 4558 frustra
803 4515 906 4561 tentata
920 4481 944 4539 ⁰
958 4509 1076 4564 llistoria
1091 4509 1218 4566 derebus
1241 4511 1373 4582 Hispaniae
1392 4530 1409 4570 a
1431 4530 1462 4570 se
1489 4519 1649 4592 Hispanias
1673 4523 1745 4589 liugn

118 4573 161 4626 sui
173 4573 281 4641 capituli
294 4572 431 4643 suffragia,
449 4573 514 4626 nibil
532 4589 584 4628 uon
596 4576 659 4645 egit,
672 4583 701 4626 ut
713 4576 766 4628 toti
784 4577 820 4628 tui
835 4592 907 4631 curtr-

119 4658 168 4713 pos
182 4641 237 4695 dat.
249 4642 347 4712 decipe
361 4644 441 4712 igitur
455 4644 606 4712 exemplum
626 4644 739 4698 lilcliter
749 4660 905 4714 expressum

119 4728 180 4766 oraru
203 4712 337 4766 nouuullts
360 4713 471 4777 lacunis,
484 4730 544 4782 quae
567 4715 601 4767 ob
626 4714 729 4768 litteras
748 4713 905 4784 fragitirasa

120 4781 193 4835 rrttllo
210 4781 364 4836 mortalium
378 4782 478 4851 espleri
490 4791 616 4853 possuul;
630 4794 658 4839 et
673 4801 722 4855 per
747 4795 773 4839 te
793 4789 906 4853 proleat

120 4853 333 4920 inconspectum
354 4854 520 4906 eruditorum
548 4855 668 4908 uirorum
697 4856 748 4909 boc
769 4855 906 4925 singulare

120 4930 333 4975 monumentum.
349 4922 471 4992 decipies
482 4923 564 4976 etiam
576 4940 637 4978 eum
652 4924 694 4977 bis
709 4924 806 4978 litteris
818 4943 906 4980 exeru-

119 4992 191 5061 plum
209 4991 320 5046 alterius
340 4992 459 5061 epistolae
480 4993 602 5062 Elipaudi
630 4994 663 5046 ad
684 4993 814 5059 Fidelem,
829 5005 909 5064 prout

119 5063 192 5115 edita
207 5060 289 5115 fuita
314 5061 348 5115 cl.
371 5063 430 5114 uiro
456 5061 572 5131 losepbo
595 5063 734 5117 Pellicerio
758 5065 785 5118 iu
808 5065 905 5119 darual.

121 5130 195 5201 llisp.
209 5131 254 5184 lib.
270 5147 307 5192 tr,
322 5148 348 5184 n.
365 5131 407 5195 l8,
420 5146 481 5200 pag.
495 5133 556 5186 tud.
573 5131 641 5186 Natu
653 5133 683 5186 b.
699 5134 906 5190 TenderusPel·

120 5200 204 5255 licerii
216 5201 321 5255 rrotulas
336 5202 478 5255 desiderat.

156 5270 228 5325 ldem
239 5270 281 5324 rir
295 5271 516 5341 preclarissimus
528 5271 618 5327 videre
631 5272 706 5340 eupit
726 5272 816 5327 Alrari
839 5271 905 5341 Cor·

119 5339 246 5395 ‹lubeusis
269 5340 397 5409 epistulas
419 5342 453 5394 ad
474 5340 604 5396 loannem
628 5340 784 5410 Spalcnsem
804 5357 812 5396 ε
836 5352 863 5397 et
878 5352 907 5398 ut

156 5463 168 5490 ⁸
186 5449 364 5505 Cordiueutur
377 5451 428 5506 illae
438 5451 558 5523 epistole
567 5451 657 5506 Aburi
671 5461 735 5508 tom.
746 5452 780 5506 lll
793 5453 904 5523 llispan.

121 5519 198 5573 Saer.
216 5536 296 5591 quern
314 5537 440 5575 unacum
458 5530 523 5576 torn.
542 5520 621 5583 ll,iu
642 5538 696 5593 quo
717 5537 761 5577 res
783 5523 910 5594 Elipaudi

122 5599 279 5652 tractantur,
296 5592 439 5646 abeodem
461 5592 492 5645 b.
508 5591 631 5646 Temlero
656 5593 722 5647 tracis
743 5594 839 5648 studiis
859 5593 905 5648 ad-

122 5659 229 5714 utodum
244 5658 350 5714 farettte
368 5662 470 5730 accepi.

158 5727 171 5766 ¹>
191 5725 275 5792 Quum
287 5730 471 5800 impugnarunt
482 5729 612 5784 Beatuaet
625 5730 758 5786 Elberius.
772 5730 830 5787 Νοιι
845 5748 904 5804 pus·

958 4580 1067 4644 donata,
1078 4588 1158 4649 atque
1168 4583 1240 4637 edita
1255 4583 1338 4638 'foleti
1352 4585 1423 4654 apud
1438 4585 1584 4647 biascam
1609 4592 1745 4665 liodrigu

958 4664 1029 4703 auno
1056 4649 1134 4708 toea.
1149 4667 1227 4706 usum
1253 4652 1335 4709 fuisse
1354 4656 1478 4725 papyris,
1497 4659 1554 4717 beo
1585 4672 1643 4727 est,
1667 4676 1745 4719 mu·

957 4719 1065 4789 scriptis
1092 4718 1203 4776 loannis
1222 4721 1348 4792 baptista
1370 4725 1477 4781 Perczii
1489 4769 1498 4792 ,
1512 4730 1645 4804 episcopi
1666 4733 1744 4804 Segne

957 4789 1070 4852 biensis,
1081 4799 1161 4859 prout
1180 4792 1237 4861 ipse
1250 4791 1349 4847 fatetur
1361 4794 1387 4849 in
1404 4794 1460 4851 line
1478 4799 1588 4857 indicis
1610 4813 1742 4862 euclem·

956 4873 990 4912 ex
1004 4859 1101 4927 quibus
1115 4860 1260 4915 llistoriam
1274 4878 1351 4916 stram
1374 4880 1434 4919 com
1476 4871 1547 4925 suit.
1569 4871 1670 4944 ltaque
1682 4871 1743 4927 fault

959 4928 1130 4994 crediderim,
1147 4930 1303 4995 Marianam,
1334 4934 1361 4988 ui
1376 4935 1440 4989 ulau
1454 4939 1518 4993 aria
1532 4956 1594 4996 ιιοιι
1608 4941 1743 5013 fram

958 4998 1072 5059 sitnon
1088 4999 1184 5067 legisse
1196 5000 1272 5056 Beati
1286 5011 1314 5057 et
1334 5004 1427 5058 ‹tlrerii
1440 5005 1666 5081 Apulogeticum
1676 5012 1744 5084 on‘p'·

958 5068 1057 5131 nalem,
1069 5070 1116 5122 aed
1129 5071 1188 5140 ejus
1201 5073 1352 5141 exemplum
1365 5081 1564 5147 recens,quod
1579 5098 1646 5138 cun
1656 5084 1745 5138 dudm

958 5136 1070 5192 Sebotto
1085 5141 1304 5208 communicarit,
1317 5150 1345 5198 et
1358 5143 1495 5203 Sebottus
1509 5164 1577 5205 cum
1600 5151 1685 5209 Ροιιο
1696 5151 1743 5208 se

958 5209 1055 5261 sartio.

994 5278 1031 5331 lle
1051 5278 1092 5331 bis
1105 5279 1196 5344 rebus,
1208 5295 1267 5349 qum
1282 5280 1406 5337 fortassis
1428 5285 1564 5346 mirrutire
1585 5294 1743 5352 riomense.

958 5347 1029 5401 volui
1046 5355 1072 5401 te
1085 5349 1229 5404 certiorem
1253 5348 1356 5418 lacere,
1371 5352 1567 5416 illustrissime
1591 5363 1744 5427 domim

959 5471 1018 5512 sura
1036 5459 1080 5513 bio
1091 5461 1215 5515 assentiri
1230 5463 1262 5517 b.
1274 5462 1417 5535 llajansio;
1436 5467 1488 5523 diu
1501 5473 1582 5528 enim
1597 5485 1662 5532 aute
1673 5474 1744 5532 αιιιά

958 5525 1023 5581 lium
1041 5527 1266 5587 Francolortense
1283 5540 1311 5588 et
1327 5535 1459 5605 scriptam
1479 5543 1518 5596 ad
1531 5545 1681 5619 episcopos
1694 5544 1743 5603 ost·

959 5596 1002 5652 lim
1013 5598 1137 5668 Elipaudi
1151 5602 1303 5670 epistolae,
1314 5611 1455 5661 certamen
1468 5609 1540 5667 illud
1558 5614 1685 5699 Elipaudi
1696 5628 1742 5671 et!

958 5666 1042 5723 Beam
1052 5678 1079 5723 et
1089 5667 1197 5725 Etberio
1208 5687 1249 5728 ete
1269 5673 1322 5729 isse
1332 5675 1398 5731 mibi
1409 5676 1535 5737 ridetur.
1548 5682 1742 5742 nationesne·

959 5738 1098 5794 sententiae
1111 5738 1184 5812 legas
1195 5741 1223 5797 iu
1240 5688 1352 5799 llissert.
1364 5745 1430 5800 bist.
1447 5763 1529 5806 uum.
1548 5752 1608 5810 fiet
1626 5757 1651 5811 7.
