3780 6120
160 224 213 281 tau
567 221 598 276 B.
619 221 650 276 F.
669 221 782 278 abulat
802 221 869 278 SEU
887 219 1024 276 hLCUlNl
1043 218 1185 278 obtudat
1203 219 1294 278 PARS
1311 221 1358 280 tlt·
1636 223 1654 232 ”
1729 226 1787 280 tou

155 340 244 396 dimus
257 344 379 393 sanctam
398 335 563 400 Ecclesiam,
577 343 605 391 et
617 337 803 392 remissionem
817 341 941 403 peccato·
954 336 980 395 Α
994 332 1064 386 tione
1078 347 1138 402 quae
1152 334 1299 391 secundum
1314 333 1468 390 hlatthaeum
1481 335 1595 392 habetur
1608 352 1615 390 :
1627 343 1654 390 et
1666 351 1714 406 per
1726 337 1783 392 Ln-

154 447 234 495 rura,
249 436 277 484 et
289 430 516 485 resurrectionem
531 436 711 492 mortuorum,
728 434 756 480 et
774 433 944 493 ueteranum
995 435 1052 476 cam
1068 428 1130 492 post
1149 424 1314 494 baptismum
1332 425 1496 490 ascendisse,
1508 433 1536 480 et
1558 441 1606 496 per
1628 429 1782 498 adoptionis

155 520 183 575 in
196 517 317 594 symbolo
336 526 429 574 sancto
443 516 624 572 continentur.
645 513 684 568 De
705 513 867 568 discretione
880 528 945 568 vero
994 512 1108 582 gratiam
1128 513 1225 568 Filium
1239 513 1287 570 liei
1301 530 1362 571 esse
1375 515 1485 571 laetum.
1501 516 1534 572 Et
1547 533 1582 572 ne
1596 519 1658 588 quis
1673 534 1716 575 nte
1729 521 1781 576 lal-

154 609 325 682 baptismatis
347 607 459 673 Christi,
477 614 505 662 et
527 605 696 676 baptismatis
715 603 827 660 loannis
850 605 945 660 beatus
994 620 1053 660 sum
1076 605 1178 678 lingere
1191 609 1224 664 de
1236 624 1269 666 co
1282 610 1413 676 estimet,
1424 610 1515 666 audiat
1528 612 1590 666 novi
1603 610 1723 680 ejmdeu
1738 615 1782 670 io·

155 703 357 775 Augustinusin
371 702 438 756 libro
455 700 627 755 Euchiridion
641 698 679 752 ita
693 697 777 752 altr:
797 716 805 749 ι
823 697 888 752 lllud
903 705 944 752 ta-
994 695 1121 764 terpretis
1143 695 1226 752 verba
1245 715 1253 752 :
1268 714 1277 749 ι
1303 698 1465 766 hlattbeeus,
1491 701 1597 770 inquit,
1622 702 1649 760 in
1668 703 1782 760 exordio

156 812 218 852 men
234 812 316 850 unum
329 804 484 866 peecatum,
499 793 570 862 quod
583 800 639 847 tam
652 805 791 861 magnum,
804 790 830 844 in
845 789 904 844 loeo
917 797 945 845 et
994 783 1132 857 Evangelii
1154 787 1251 843 seriem
1271 790 1464 858 generationis,
1478 805 1537 859 quaa
1557 793 1703 848 secundnm
1718 809 1782 850 ear·

156 885 250 941 habitu
265 893 345 940 tantae
367 882 501 939 felicitatis
523 881 670 936 admissum
684 887 735 945 cst,
749 887 778 933 ut
792 881 818 934 in
830 896 884 933 uno
896 881 945 935 ho·
994 891 1056 930 nem
1077 876 1110 930 ad
1129 875 1266 933 Christum
1288 878 1440 945 deseendit,
1455 898 1469 934 a
1483 880 1567 935 David
1582 896 1629 936 seu
1643 881 1782 940 Abraham

155 978 229 1032 mine
242 976 419 1047 originaliter,
437 983 475 1038 et,
487 981 518 1027 ut
530 975 568 1027 ita
581 971 678 1036 dicant,
692 970 846 1025 radicaliter
859 977 944 1024 totum
995 964 1136 1033 incipiens,
1149 980 1234 1036 usque
1254 965 1353 1037 loseph
1372 983 1499 1038 sponsum
1521 968 1622 1038 blariae,
1633 986 1682 1041 per
1702 988 1783 1043 reges

156 1084 241 1139 genus
253 1068 402 1122 humanum
424 1066 599 1121 damnaretur
612 1062 678 1135 [tion
693 1062 806 1118 solvitur
820 1078 852 1118 ac
866 1063 945 1118 dilui·
994 1064 1022 1110 θῑ
1039 1065 1151 1113 0318108
1162 1057 1196 1111 ⁸10
1215 1058 1286 1113 tribu
1300 1057 1369 1113 111111
1382 1059 1491 1115 sibimel
1504 1061 1687 1128 succedentes,
1702 1064 1782 1119 1111111·

155 1154 222 1227 tur],
237 1155 290 1212 nisi
314 1170 363 1224 per
383 1169 469 1209 unum
493 1153 668 1209 mediatorem
682 1153 730 1208 liei
754 1161 781 1207 et
805 1152 944 1207 lrominum
994 1150 1124 1206 meranda
1147 1148 1288 1221 perducit:
1302 1152 1329 1206 ia
1343 1167 1396 1222 qna
1414 1153 1587 1224 generatione
1609 1155 1700 1210 carnis
1714 1171 1783 1225 qua-

158 1245 294 1300 hominem
307 1244 443 1299 Christum
454 1242 557 1309 Jesum,
571 1245 615 1314 qui
628 1244 700 1299 solus
710 1243 797 1314 potuit
809 1243 845 1298 ita
857 1243 944 1309 nasci,
995 1249 1056 1296 tuor
1068 1241 1175 1297 lemine
1189 1240 1403 1299 introducuntur.
1420 1243 1487 1299 Tres
1502 1244 1626 1300 videlicet
1645 1260 1678 1301 er
1693 1249 1782 1317 genti-

155 1336 555 1406 uteinoaopuscssetrenasci
569 1335 719 1390 :nonenim
733 1332 944 1389 renascebantur
994 1331 1060 1398 bus;
1075 1339 1171 1402 quarta
1196 1348 1260 1388 vcro
1282 1328 1336 1399 illa,
1363 1335 1391 1389 in
1413 1350 1466 1405 qua
1492 1334 1575 1389 David
1597 1337 1719 1405 peccavit
1733 1356 1739 1392 τ
1752 1349 1785 1392 ut

155 1426 201 1497 oui
213 1425 421 1496 baptizabantur
435 1426 596 1495 baptismate
614 1424 736 1490 loannis,
749 1440 765 1479 a
781 1440 834 1494 quo
847 1425 943 1494 etipse
994 1422 1095 1492 liquide
1107 1430 1267 1493 patesceret,
1282 1423 1353 1493 quod
1367 1424 1438 1479 idem
1451 1424 1614 1494 Redemptor
1623 1433 1715 1481 noster
1728 1442 1782 1480 uon

159 1516 372 1591 [loannesldug.
382 1518 466 1572 amat.
483 1533 567 1571 rocem
578 1514 875 1588 Joarrnesllbaptizatus
887 1523 943 1581 est,
994 1514 1080 1569 solum
1092 1529 1125 1570 ex
1136 1512 1245 1579 ludaeis,
1260 1515 1308 1570 sed
1318 1515 1388 1570 etde
1399 1515 1537 1586 gentibus;
1550 1528 1636 1584 neque
1646 1515 1780 1584 dejustis,

156 1609 203 1663 scd
211 1608 510 1678 quodampraecursorin
522 1606 592 1664 illius
603 1607 761 1671 ministerio,
769 1607 814 1677 qui
822 1606 942 1662 dicebat:
995 1602 1043 1660 sed
1058 1604 1142 1660 etiam
1159 1604 1233 1659 etde
1246 1605 1434 1674 peccatoribus
1448 1620 1540 1660 veram
1555 1620 1663 1660 carnem
1676 1622 1709 1661 ex
1724 1604 1784 1660 llir-

161 1698 260 1752 Parate
270 1699 338 1752 aiam
348 1698 459 1752 boariae
473 1698 581 1770 (blatta.
596 1715 639 1765 ιιι,
653 1699 744 1771 5),ubi
759 1715 841 1753 unum
852 1696 942 1770 [Αιιρ.,
960 1671 1056 1763 Bgine
1072 1692 1197 1764 suscepit.
1211 1692 1299 1749 Lucas
1317 1709 1382 1749 vero
1396 1694 1493 1750 seriem
1508 1695 1699 1766 generationis,
1722 1710 1784 1764 quaa

158 1787 220 1842 huic
232 1786 362 1857 unil,quo
376 1787 433 1842 solo
449 1789 554 1842 renasci
565 1787 945 1858 poterantparabanturflu-
993 1797 1042 1854 per
1064 1783 1234 1854 adoptionem
1251 1792 1309 1850 cst,
1323 1800 1377 1841 non
1399 1801 1448 1855 per
1473 1786 1655 1858 genealogiam
1677 1787 1780 1850 carnis,

154 1872 199 1941 jus
218 1875 290 1929 enim
301 1875 451 1945 baptismus
466 1875 612 1948 [erercet.,
628 1875 802 1949 baptismum]
822 1885 875 1943 est,
890 1893 944 1932 non
993 1874 1216 1950 quemadmodum
1237 1878 1387 1947 Matthaeus,
1410 1880 1458 1935 sed
1479 1895 1495 1934 a
1514 1879 1701 1949 baptismale
1725 1894 1779 1948 quo

156 1965 183 2019 in
203 1982 279 2036 aqua.
289 1977 402 2034 tanturm,
415 1968 485 2024 sicut
505 1967 556 2024 luit
572 1968 693 2034 loannis,
704 1984 798 2024 rerum
812 1968 895 2024 etiam
916 1969 944 2024 in
993 1966 1144 2037 baptizatus
1164 1975 1205 2023 est
1217 1966 1342 2023 Christus
1355 1968 1384 2022 in
1396 1966 1523 2035 iordane,
1539 1967 1573 2023 ab
1595 1968 1654 2038 ipso
1673 1967 1784 2024 Christo
1806 2030 1807 2033 Ἴ

156 2058 258 2130 Spiritu
272 2068 366 2115 sancto
379 2079 385 2115 ι
398 2069 426 2116 ut
438 2062 472 2116 dc
485 2061 530 2116 illo
551 2061 653 2132 Spiritu
667 2069 856 2131 regeneretur,
868 2061 944 2131 quis·
994 2058 1126 2129 incipiens
1135 2072 1190 2114 nou
1204 2073 1252 2129 per
1263 2060 1364 2116 tribum
1377 2059 1457 2126 luda,
1468 2068 1498 2116 ut
1511 2062 1597 2132 prior,
1611 2060 1658 2116 sed
1672 2076 1721 2131 per
1735 2061 1784 2114 tri-

155 2151 214 2220 quis
235 2152 263 2205 in
286 2151 423 2207 Christum
447 2153 587 2219 credit,de
612 2168 666 2223 quo
690 2152 814 2208 Christus
839 2153 945 2223 genitus
993 2149 1058 2204 bum
1077 2149 1272 2206 sacerdotalem
1292 2158 1386 2207 texens
1400 2170 1406 2205 :
1420 2167 1506 2222 neque
1525 2152 1650 2207 deorsum
1673 2152 1784 2207 desecu-

156 2241 246 2314 μιᾳ,
262 2246 416 2314 generatus]
430 2245 635 2314 regeneratione
647 2259 701 2299 uon
715 2245 797 2315 eguit.
811 2264 820 2295 ι
837 2243 871 2298 Et
885 2250 946 2312 post
996 2242 1094 2307 dendo,
1109 2242 1179 2297 sicut
1192 2241 1247 2307 ille,
1265 2243 1311 2297 sed
1325 2258 1432 2298 sursum
1445 2259 1556 2299 versus:
1569 2258 1621 2297 non
1639 2258 1688 2312 per
1708 2241 1784 2296 Salo-

153 2349 239 2403 pauca
253 2334 280 2389 in
294 2335 389 2390 eodem
403 2335 491 2391 libro:
507 2355 517 2388 r
533 2336 562 2393 ln
577 2353 646 2407 aqua
668 2353 733 2407 ergo
754 2337 884 2406 baptizari
898 2351 946 2391 vo-
995 2349 1102 2390 monem
1114 2350 1146 2390 ex
1158 2333 1290 2394 Bersabee
1304 2337 1438 2406 genitum,
1450 2337 1497 2392 sed
1513 2350 1562 2404 per
1574 2335 1678 2390 Nathan
1692 2335 1717 2387 in
1731 2331 1787 2388 ba·

155 2425 205 2479 luit
216 2440 230 2479 a
242 2423 356 2490 loanne,
372 2440 426 2479 non
439 2434 468 2480 ut
486 2426 544 2496 ejus
567 2427 696 2496 iniquitas
718 2426 770 2479 ulla
786 2426 944 2489 dilueretur,
974 2449 976 2454 ·
995 2424 1040 2479 vid
1063 2425 1222 2494 recopulans
1240 2441 1325 2494 usque
1347 2426 1374 2479 in
1392 2425 1477 2480 hdarn
1492 2426 1617 2495 perduxit
1630 2426 1664 2479 ad
1684 2424 1786 2493 Deum,

154 2515 201 2569 scd
213 2522 243 2569 ut
255 2528 352 2584 rriagrra
368 2516 605 2572 corruuendarctur
622 2515 770 2571 lrmnilitas.
791 2515 829 2571 lta
848 2517 946 2587 quippe
996 2523 1077 2585 caput
1089 2515 1214 2570 videlicet
1226 2515 1358 2584 replicans
1377 2515 1410 2570 ad
1421 2525 1532 2585 eaput.»

153 2607 221 2661 nihil
234 2608 260 2660 in
273 2622 306 2662 co
320 2608 480 2676 baptismus,
497 2609 569 2676 quod
583 2609 714 2672 ablueret,
731 2609 801 2663 sicut
815 2624 888 2664 mors
901 2610 945 2663 ni·
1032 2603 1102 2659 lllll.
1114 2604 1170 2660 Nec
1181 2604 1247 2673 mihi
1261 2607 1313 2661 hoc
1322 2606 1380 2662 loco
1389 2622 1456 2675 opus
1466 2614 1507 2662 est
1519 2607 1552 2662 ad
1563 2607 1782 2676 respondendum

155 2697 203 2763 hil,
220 2699 291 2768 quod
303 2700 421 2768 puniret,
435 2700 539 2754 invenit
550 2715 557 2753 ι
568 2708 599 2754 ut
612 2701 734 2756 diabolus
745 2700 947 2769 veritatejusti·
997 2699 1079 2754 rerba
1098 2712 1270 2770 exaggerare,
1289 2698 1353 2752 dum
1373 2698 1474 2753 veritas
1487 2697 1627 2769 Evangelii
1651 2699 1783 2763 ostendit,

155 2788 216 2854 tim,
230 2804 284 2845 non
307 2790 434 2845 violentia
455 2793 597 2862 potestatis
620 2808 764 2863 oppressos
787 2802 815 2849 et
837 2795 945 2859 vietus,
997 2790 1030 2845 de
1042 2787 1144 2859 Spiritu
1158 2797 1252 2844 sancto
1262 2804 1296 2844 ex
1311 2787 1394 2844 llaria
1406 2789 1510 2857 virgine
1524 2799 1618 2844 natum
1631 2805 1691 2846 esse
1704 2791 1785 2846 Chri-

155 2878 282 2948 quoniam
296 2881 384 2952 ipsum
406 2883 465 2938 aine
478 2883 533 2939 ullo
549 2885 653 2953 peccati
667 2885 763 2939 merito
778 2885 946 2954 iniquissime
998 2887 1078 2944 stum,
1094 2896 1148 2935 ¹¹⁰n
1170 2879 1441 2950 11111511190111018111,
1469 2881 1515 2935 sed
1533 2895 1596 2936 vere
1614 2880 1784 2945 111111110θί,

154 2968 355 3042 occiderat,pcr
364 2971 450 3041 ipsum
458 2970 608 3039 justissime
618 2974 763 3039 amitteret,
773 2975 943 3045 «rainildam,
999 2972 1052 3026 imo
1075 2979 1102 3024 ct
1115 2970 1210 3025 Deum.
1225 2969 1319 3026 Nonne
1334 2970 1468 3026 dubitanti
1490 2968 1589 3039 Joseph
1613 2970 1670 3024 viro
1692 2970 1785 3026 llarim

155 3063 240 3137 quos]
264 3065 367 3135 peccati
391 3066 488 3121 merito
514 3065 660 3121 detinebat.
694 3067 843 3138 Utrumque
872 3067 944 3122 eninr
997 3063 1107 3135 angelus
1121 3063 1245 3133 apparuit
1259 3063 1399 3118 insomnis
1413 3062 1601 3118 dicenstlloti
1615 3062 1787 3119 tiraere.Fili

156 3151 249 3226 [dup.,
264 3163 408 3225 utrumque
421 3154 513 3226 igitur]
528 3154 562 3209 ab
576 3155 632 3220 illo,
647 3156 737 3220 idest,
753 3165 781 3211 et
795 3157 947 3225 baptismus
997 3155 1094 3218 liaaid,
1110 3157 1226 3225 accipere
1239 3152 1354 3208 llarima
1369 3154 1506 3224 conjugem
1525 3162 1608 3206 tuam.
1626 3150 1701 3217 Quod
1712 3152 1784 3207 enirn

155 3247 182 3296 et
193 3258 278 3308 mors,
292 3251 374 3298 certe
393 3245 600 3314 dispensationis
619 3261 700 3301 causa
720 3262 772 3301 nou
792 3246 946 3300 miseranda
996 3263 1028 3300 ea
1044 3263 1075 3300 ea
1090 3256 1180 3300 rratrrm
1194 3255 1243 3310 ert,
1256 3246 1288 3298 de
1303 3244 1404 3314 Spiritu
1421 3254 1511 3299 aarrcto
1524 3253 1571 3298 eat.
1595 3241 1685 3298 Pariet
1696 3255 1785 3299 autern

156 3332 326 3397 necessitate,
337 3332 384 3387 sed
394 3333 539 3389 miserante
548 3335 636 3404 potius
646 3336 783 3390 voluntate
793 3346 946 3404 susceptum
997 3335 1106 3400 Filr‘und
1132 3345 1156 3389 et
1179 3335 1281 3390 vacabis
1305 3351 1398 3389 noiraea
1424 3335 1481 3405 ejus
1502 3334 1603 3389 lesura.
1621 3333 1678 3388 lloc
1697 3344 1785 3389 orrtenr

156 3430 208 3488 cst,
224 3431 254 3476 ut
274 3413 344 3477 unus
367 3433 507 3492 peceatum
531 3425 638 3480 tolleret
660 3427 770 3491 munuli,
785 3426 855 3481 sicut
878 3441 947 3479 unrrs
996 3436 1078 3481 totum
1093 3425 1192 3495 [aarum
1215 3435 1264 3490 eat,
1279 3435 1305 3479 ut
1320 3423 1518 3494 adimpleretur,
1536 3425 1606 3496 arrad
1631 3426 1785 3479 dictumest

156 3520 297 3580 peccatum
318 3513 392 3568 misit
406 3515 432 3569 in
450 3515 591 3580 mundum,
606 3516 658 3570 hoc
678 3525 721 3570 est
740 3517 767 3569 iu
792 3517 947 3571 rrrritersunr
996 3535 1042 3589 per
1065 3518 1218 3589 prophetam
1240 3531 1249 3569 :
1268 3515 1358 3571 Pariet
1381 3516 1491 3582 Filium,
1517 3528 1542 3572 et
1567 3519 1668 3573 cacabis
1692 3534 1788 3571 nomen

158 3617 242 3672 genus
269 3604 432 3672 humanum,
454 3606 582 3676 Apostolo
607 3616 769 3662 attestante:
783 3607 855 3662 Sicut
877 3611 946 3663 enim
996 3611 1054 3681 ejus
1069 3610 1225 3666 Emmanuel
1248 3610 1355 3683 (llottlr.
1371 3627 1390 3674 1,
1404 3611 1521 3682 abab).
1539 3611 1572 3666 Et
1585 3627 1620 3666 ue
1634 3612 1787 3680 ignorantia

156 3693 184 3748 ia
203 3694 287 3748 Arlane
307 3712 394 3751 omnes
412 3698 569 3764 moriuntur,
584 3699 621 3752 ita
642 3709 666 3752 et
685 3699 713 3752 ia
733 3698 837 3753 Christo
858 3716 946 3767 amam
996 3706 1068 3755 esset
1081 3699 1209 3764 nominis,
1225 3698 1348 3766 avhrrnxit
1370 3700 1534 3770 evangelista
1549 3714 1556 3754 t
1571 3700 1640 3771 quod
1654 3702 1784 3769 iuterpre-

159 3785 359 3854 aiuificahuatur
372 3787 397 3861 (1
411 3789 472 3844 Cor.
485 3805 530 3855 xv,
544 3789 601 3862 Ὦ).
620 3810 629 3843 ι
996 3800 1068 3845 tatur
1086 3791 1219 3844 nobiscum
1246 3790 1327 3845 Deua.
1354 3789 1404 3856 Qui
1430 3791 1457 3845 in
1482 3790 1606 3846 blatthaeo
1629 3790 1788 3845 Errrrnanuel

193 3876 283 3932 Xl'lll.
304 3878 389 3945 Quam
405 3889 500 3950 aperta
510 3889 552 3936 est
574 3883 631 3937 hnc
643 3881 821 3951 blasphemia,
835 3889 864 3935 ut
874 3881 947 3936 dicat
997 3879 1106 3945 dicitur,
1123 3880 1150 3934 in
1164 3879 1238 3933 Luca
1252 3876 1338 3934 Filius
1361 3878 1488 3933 ditissimi
1506 3888 1626 3935 vocatur.
1641 3880 1676 3934 Et
1688 3894 1722 3933 nc
1738 3879 1788 3934 du-

157 3969 294 4024 Christum
317 3973 436 4028 secunda
450 3974 597 4044 indiguisse
610 3975 801 4046 generatione?
814 3974 848 4028 Et
866 3988 946 4043 quem
997 3970 1070 4025 bium
1083 3978 1165 4036 essct,
1179 3969 1239 4040 quis
1254 3979 1326 4024 esset
1349 3969 1515 4037 hltissimus,
1529 3970 1650 4039 adjunxit
1671 3970 1763 4025 statim
1779 3988 1785 4020 :

157 4064 254 4132 sapius
276 4064 333 4119 sine
347 4074 458 4134 peccato
473 4066 588 4122 alllrmat
600 4083 671 4132 csse,
684 4083 755 4123 nunc
769 4066 858 4121 subito
868 4064 947 4134 qrrasi
996 4076 1020 4117 et
1038 4074 1168 4128 eoactum,
1181 4063 1252 4134 quod
1274 4080 1307 4118 ea
1319 4072 1344 4117 ta
1360 4074 1491 4128 irascetur,
1507 4064 1594 4120 Filiae
1612 4064 1661 4120 Dri
1684 4065 1788 4120 cacabi-

157 4161 325 4223 peceatorem
347 4158 551 4226 regeneratione
577 4159 723 4228 indiguisse
744 4156 890 4212 contendit.
915 4155 948 4209 Et
996 4163 1041 4208 tur
1056 4152 1131 4225 (buc.
1150 4170 1169 4218 r,
1183 4152 1302 4221 52-55).
1329 4153 1404 4208 lllam
1430 4168 1494 4224 crgo
1516 4153 1788 4224 genealogiamque

157 4246 202 4315 qui
225 4245 310 4300 Deum
328 4246 409 4315 paulo
420 4254 482 4301 ante
498 4247 624 4311 asseruit,
639 4257 666 4302 ct
681 4263 713 4302 cx
735 4255 812 4301 utero
824 4243 948 4316 virginali
963 4298 966 4302 ,
998 4244 1145 4299 secundum
1159 4242 1260 4298 Lucam
1271 4251 1331 4309 est,
1354 4241 1429 4297 Felix
1444 4257 1492 4312 per
1503 4243 1676 4311 adoptionem
1686 4242 1786 4296 asserit

157 4345 250 4392 uatum
264 4352 341 4400 esse,
356 4351 428 4390 nunc
442 4335 529 4391 subito
542 4337 619 4405 acrasi
635 4337 770 4391 hominem
790 4352 887 4404 purum
909 4334 948 4388 la·
962 4359 987 4419 D
999 4332 1157 4398 ascendere,
1172 4332 1250 4402 quasi
1261 4346 1355 4387 ornnes
1375 4333 1429 4386 siut
1442 4332 1572 4402 adoptivi,
1587 4331 1633 4400 qui
1647 4330 1674 4384 in
1687 4344 1720 4383 ea
1734 4346 1786 4384 nu-

157 4428 231 4481 vacri
251 4425 441 4481 emundatione
460 4425 629 4495 purgandum
651 4440 710 4479 esse
733 4425 904 4494 pronuntiat3
920 4433 949 4479 et
998 4430 1149 4488 merantur,
1167 4423 1238 4492 quod
1262 4422 1340 4493 longe
1365 4418 1444 4476 aliter
1457 4435 1517 4475 esse
1538 4420 1671 4492 agnoscit,
1685 4420 1787 4489 quisa-

159 4516 192 4571 ad
206 4516 407 4571 similitudinem
421 4524 542 4570 nostram
563 4514 685 4584 adoptari
701 4515 782 4585 811
799 4514 827 4568 in
849 4513 947 4568 Filium
998 4529 1059 4568 cras
1072 4521 1172 4568 sancta
1185 4512 1333 4582 Scripturas
1343 4513 1408 4583 legit
1421 4511 1558 4566 historias.
1574 4511 1655 4566 Addit
1677 4526 1787 4581 quoque

160 4605 219 4669 bet,
232 4607 276 4675 qui
300 4605 351 4661 luit
371 4606 454 4662 Filius
476 4605 525 4660 bet
546 4613 691 4674 conceptus
705 4612 733 4660 et
746 4612 835 4658 natus.
860 4603 948 4672 litque
997 4603 1194 4656 atrocissimum
1214 4603 1315 4657 erroris
1329 4602 1371 4656 sui
1389 4616 1542 4658 venenum:
1561 4619 1571 4652 ι
1588 4600 1617 4656 Si
1632 4602 1693 4672 quis
1704 4617 1782 4666 vero,

72 4693 74 4696 '
157 4683 210 4746 'has
226 4691 292 4748 duas
305 4697 491 4765 generationes
503 4696 530 4750 in
543 4694 652 4750 Christo
667 4695 771 4749 duabus
785 4693 949 4764 genealogiis
997 4693 1095 4762 inquit,
1111 4693 1182 4748 hanc
1200 4692 1349 4763 spiritalem
1363 4694 1574 4763 generationem,
1589 4707 1648 4762 quae
1662 4708 1710 4762 per
1723 4694 1788 4748 ado·

160 4782 270 4848 Christi,
282 4799 342 4852 quae
362 4785 389 4839 in
409 4785 552 4857 Evangelio
574 4786 709 4855 leguntur,
725 4784 886 4840 corrlrrrnarc
898 4801 946 4855 ag·
998 4786 1118 4857 ptionem
1132 4784 1173 4851 lit,
1188 4801 1203 4840 a
1217 4785 1326 4841 Christo
1344 4786 1490 4841 seeundum
1512 4785 1648 4840 bominem
1661 4784 1788 4839 abdicare

161 4871 283 4943 greditur
294 4888 300 4922 z
313 4885 394 4925 unam
419 4890 467 4943 per
486 4891 567 4944 quam
587 4874 741 4940 deseendit;
764 4873 877 4930 alteram
900 4889 947 4944 pcr
1000 4877 1066 4940 vult,
1085 4877 1162 4947 prius
1176 4891 1286 4931 necesse
1296 4883 1348 4940 cst,
1363 4883 1392 4930 ut
1405 4875 1476 4930 illam
1487 4890 1547 4945 qua·
1562 4875 1709 4931 secundum
1723 4889 1786 4930 car·

160 4979 243 5036 quam
268 4963 390 5019 ascendit
416 4965 541 5021 Christus
558 4968 653 5036 :quasi
679 4975 805 5038 peccator
826 4973 898 5022 esset
920 4966 948 5020 in
1000 4984 1062 5025 nem
1076 4976 1127 5035 est,
1142 4968 1177 5024 ab
1191 4981 1224 5023 eo
1240 4967 1361 5022 funditus
1375 4966 1523 5023 abscindat.
1543 4991 1553 5020 ι
1571 4966 1678 5030 Audite,
1695 4966 1787 5022 audite

161 5054 352 5120 descensione,
367 5062 394 5110 et
416 5056 539 5126 expiatus
561 5058 589 5111 in
612 5059 768 5114 ascensione
788 5058 946 5128 adoptionis.
1001 5059 1120 5130 legentes
1129 5066 1157 5115 et
1170 5058 1359 5130 intelligentes,
1371 5073 1452 5126 quarn
1476 5065 1568 5127 aperta
1581 5065 1623 5112 est
1643 5059 1701 5113 bac
1715 5057 1787 5112 blas-

162 5143 287 5210 httende,
302 5144 395 5209 lector,
405 5159 504 5199 novum
515 5144 674 5214 evangelice
684 5147 804 5202 historia
817 5149 948 5217 interprc-
1000 5151 1118 5222 phemia.
1130 5150 1185 5205 hut
1196 5151 1264 5206 duas
1277 5149 1333 5204 vult
1356 5149 1455 5204 habere
1475 5148 1624 5215 Christum,
1638 5150 1786 5205 secundnm

164 5240 227 5287 tem.
243 5233 316 5289 Duas
338 5234 506 5306 genealogias
518 5232 619 5289 Christi
632 5250 693 5290 cunr
708 5236 878 5307 evangelistis
891 5251 947 5290 mc·
999 5240 1071 5313 quod
1093 5244 1173 5298 homo
1198 5252 1249 5308 esa,
1269 5242 1469 5313 generationes,
1495 5243 1638 5297 autetiam
1662 5241 1784 5296 nrdlanr:

163 5331 252 5376 uroral
271 5342 278 5376 t
295 5327 441 5381 secuudum
456 5325 609 5381 Malliacum
623 5325 758 5381 Christum
780 5327 950 5382 ‹lesceudisst
998 5334 1074 5404 qnasi
1086 5350 1196 5390 necesse
1210 5337 1255 5398 sit,
1271 5342 1300 5388 ut
1318 5339 1379 5401 post
1391 5333 1529 5387 carnalem
1546 5334 1645 5392 haheat
1657 5332 1739 5388 etianr
1758 5339 1789 5389 et

164 5427 217 5467 uon
240 5413 325 5468 solum
340 5430 388 5485 per
406 5416 511 5485 iustos,
531 5416 676 5473 sedetiam
691 5433 739 5487 per
755 5418 870 5473 seminas
889 5432 950 5488 pcc·
998 5425 1146 5495 spiritalem
1161 5429 1187 5479 in
1197 5423 1351 5492 adoptione,
1374 5431 1403 5476 ut
1426 5423 1565 5492 mqualirer
1576 5423 1609 5476 de
1629 5437 1663 5477 eo
1683 5422 1786 5478 dictum

164 5501 289 5567 catrices,
300 5510 328 5558 et
341 5505 486 5578 indiguisse
500 5524 563 5563 euni
577 5509 710 5578 baptismo
731 5509 757 5562 in
772 5509 816 5564 illa
838 5519 949 5577 genera-
999 5514 1172 5586 intedigatur,
1186 5514 1256 5569 sicut
1271 5521 1299 5569 ct
1319 5514 1351 5568 de
1365 5514 1441 5570 nabis
1457 5515 1512 5585 ipsa
1528 5513 1633 5568 Veritas
1651 5514 1688 5569 ait
1702 5528 1709 5567 :
1725 5512 1786 5569 Nisi

202 5630 214 5658 1
231 5612 260 5669 S.
272 5613 351 5684 Aug,
365 5617 499 5674 Enclririd.
514 5636 573 5690 eap.
589 5622 632 5675 l8.
