3780 6120
69 293 139 351 ross
213 321 217 327 -
402 292 478 352 om.
499 292 613 352 nunu.
635 323 669 334 -
687 290 800 348 ιιιιιιι
818 290 1008 349 consessio
1026 291 1127 348 riost.
1149 288 1182 334 ‘-
1201 292 1290 350 rans
1308 266 1369 350 ιιι.Ι
1620 299 1689 358 rost

67 405 143 469 tiam,
161 400 194 458 ad
207 400 438 472 compassionem,
459 401 493 457 ad
507 401 677 458 concordiam
696 401 754 457 sine
775 416 850 456 mora
867 409 887 464 Α
936 399 970 453 x.
989 400 1090 457 Precor
1104 409 1130 456 te
1147 416 1195 473 per
1208 402 1305 458 lilium
1320 411 1406 471 tuum,
1419 406 1523 476 resplce
1537 423 1581 465 me
1593 416 1621 464 et
1636 412 1688 467 mi.

64 509 238 552 concurrere.
254 495 348 550 Eseita
360 503 495 565 torporem
510 511 598 552 meum
612 496 728 552 stimulis
744 496 811 560 mis,
826 505 854 550 et
872 556 882 577 Ι
902 506 994 547 serere
1012 493 1065 548 mei
1081 511 1088 548 :
1108 494 1205 549 exaudi
1227 496 1378 552 orationem
1398 512 1501 564 meam,
1522 508 1550 556 et
1568 500 1602 556 da
1621 503 1689 559 milii

65 584 282 642 iacmestrenue
294 600 467 656 perseverare
489 586 515 641 in
535 587 674 657 praeceptis
688 594 717 641 et
729 585 853 641 laudibus
901 581 1016 652 gratiam
1033 591 1105 637 uram
1123 593 1232 654 pmpter
1253 586 1451 644 multitudinem
1473 590 1601 649 bonitatis
1625 600 1687 660 tum,

66 678 121 733 tuls
141 685 220 733 noete
234 692 266 732 ae
280 676 333 731 die.
348 677 385 731 ba
404 677 470 734 mihi
488 678 628 733 seientiam
643 678 772 733 humilem
793 692 853 746 quae
901 687 962 742 que
984 688 1090 729 mecum
1109 674 1212 746 iugiter
1230 693 1417 747 perseverans,
1437 681 1532 737 doeeat
1551 699 1595 739 me
1614 685 1688 741 inee-

64 767 190 831 aedlticat,
206 776 233 822 ct
249 767 366 838 linguam
381 769 514 824 eruditam
534 777 562 823 ct
576 769 763 839 eloquentem,
784 776 853 824 utet
902 764 965 820 dere
977 780 1069 820 coram
1086 773 1113 820 te
1133 768 1280 823 seeundum
1292 769 1457 827 uoluntatem
1475 783 1548 828 tuam
1563 777 1689 834 omuibus

65 858 152 914 bonos
165 857 270 912 ualeam
284 858 317 911 ad
332 858 443 913 meliora
458 858 607 922 exhortari,
623 865 650 913 et
662 857 747 913 malos
757 859 790 913 ad
801 865 853 913 tuae
902 855 998 911 diebus
1021 857 1083 910 vitm
1101 873 1177 911 meae.
1202 857 1278 914 lianc
1293 868 1372 929 peto,
1396 862 1428 916 da
1449 863 1514 918 mihi
1532 879 1609 931 cam,
1629 882 1689 938 quae

64 947 234 1004 rectitudinis
254 946 353 1001 lineam
372 962 509 1002 reuocare.
533 946 662 1013 lnlunde,
677 961 759 1015 rogo,
777 947 852 1002 cordi
901 962 945 1001 mc
962 963 1024 1003 cum
1049 951 1143 1005 anrieis
1160 950 1314 1020 paeitlcum,
1336 964 1363 1009 et
1384 969 1446 1010 cum
1461 954 1578 1012 inimicis
1593 958 1689 1014 reddat

63 1051 126 1093 meo
138 1052 187 1107 per
201 1036 298 1091 Filium
319 1046 405 1098 tuum,
428 1044 454 1092 et
472 1037 504 1092 da
519 1037 584 1091 mibi
604 1053 665 1092 cum
679 1052 713 1091 eo
728 1038 851 1106 spiritum
901 1041 1088 1110 tranquillum,
1103 1058 1163 1112 quae
1178 1059 1221 1100 me
1238 1060 1253 1098 a
1266 1047 1349 1101 uerbo
1361 1061 1458 1116 aspem
1472 1048 1594 1119 mitiget,
1612 1058 1640 1105 et
1655 1050 1690 1105 ab

64 1121 204 1201 sapientie
214 1138 241 1184 et
252 1127 526 1195 intellectus,eonsilii
539 1137 566 1185 et
579 1129 752 1193 fortitudinis,
765 1130 852 1186 scien·
901 1133 989 1187 otioso
1003 1147 1126 1187 sermone
1145 1143 1315 1201 compescat,
1338 1150 1398 1204 qum
1415 1150 1457 1190 me
1476 1151 1583 1206 semper
1604 1138 1688 1194 licum

65 1224 111 1278 tlte
123 1232 151 1278 et
163 1223 279 1293 pletatis,
296 1230 324 1277 et
345 1222 418 1293 reple
438 1237 481 1276 me
502 1229 596 1277 saneto
608 1222 704 1277 timore
718 1232 745 1276 et
758 1237 852 1277 amore
900 1221 943 1275 rel
958 1235 1017 1290 qua·
1038 1222 1085 1276 Del
1100 1230 1172 1288 sunt,
1195 1223 1313 1294 cogitare
1333 1225 1485 1295 compellat,
1501 1236 1529 1279 et
1545 1226 1638 1282 oculos
1655 1229 1689 1282 ab
1741 1242 1747 1258 ⁶

64 1324 122 1372 tuo.
138 1316 176 1370 Da
189 1316 320 1386 irriguum
333 1314 493 1385 superiuset
503 1314 631 1385 irriguum
643 1312 765 1368 inlerius.
777 1313 850 1367 Dona
901 1310 954 1367 isto
965 1327 1034 1367 vano
1048 1314 1146 1369 saeeulo
1161 1323 1266 1369 avertat
1280 1332 1286 1368 ι
1306 1330 1366 1385 quae
1380 1317 1446 1372 milri
1460 1317 1531 1372 οιιιιιί
1547 1318 1612 1374 hora
1626 1327 1689 1374 ante

62 1407 131 1467 mihi
156 1406 371 1462 benedictionem
396 1404 430 1460 de
455 1419 517 1460 rore
540 1404 617 1469 omli,
639 1412 667 1459 et
689 1404 851 1476 pinguedine
900 1410 1073 1470 conspectum
1097 1413 1211 1459 mortem
1239 1406 1357 1476 ingerat,
1380 1415 1409 1462 et
1427 1408 1472 1463 hic
1491 1409 1609 1479 gaudere
1627 1423 1689 1479 pro·

64 1505 154 1553 terrm.
173 1496 211 1551 Da
226 1505 257 1551 ut
270 1497 358 1551 anima
376 1510 435 1550 rnea
448 1495 542 1550 ardeat
552 1495 612 1566 igne
623 1494 724 1550 amoris
735 1495 783 1549 tui.
796 1494 851 1551 Fac
901 1492 1008 1558 bilreat3
1024 1509 1084 1562 qum
1099 1496 1203 1550 trabem
1218 1510 1250 1549 ae
1262 1495 1359 1550 molem
1379 1504 1551 1567 peccatorum
1565 1512 1687 1553 meomm

62 1603 110 1647 me
124 1587 223 1644 muodo
236 1586 344 1657 penitus
354 1585 498 1657 exstingui.
515 1585 637 1642 Concede
650 1585 716 1641 mihi
732 1601 851 1642 eoreon-
900 1583 1074 1641 considerare
1092 1598 1136 1640 me
1155 1595 1183 1641 et
1204 1585 1331 1656 plangere
1350 1586 1442 1652 iaciat,
1459 1597 1487 1643 et
1501 1603 1555 1644 non
1573 1589 1687 1644 aliorum

63 1681 158 1733 tritum
180 1684 208 1732 et
227 1676 394 1733 humiliatum
412 1677 512 1732 babere
522 1691 613 1731 eoram
627 1686 663 1731 tc.
681 1675 735 1732 Fac
748 1692 790 1733 me
801 1685 850 1748 per
901 1675 999 1730 delicta
1014 1676 1087 1730 uelut
1100 1675 1233 1731 festucam
1245 1676 1409 1732 levissimam
1421 1681 1584 1747 perscrutari
1599 1679 1690 1734 dimit·

62 1770 179 1841 gratiam
194 1777 266 1823 tuam
281 1775 390 1837 peccata
412 1782 471 1822 mea
494 1768 583 1822 omnia
600 1765 680 1831 bere.
704 1775 848 1837 antequam
866 1738 943 1820 Btat
957 1784 963 1819 ι
978 1775 1115 1835 postremo
1127 1781 1186 1835 quae
1200 1767 1290 1821 omnia
1311 1768 1403 1822 mundi
1417 1782 1467 1837 pro
1479 1768 1563 1824 nihilo
1575 1770 1685 1834 lraiiem,

63 1861 175 1916 moriar.
190 1858 228 1913 lia
240 1859 305 1913 mibi
324 1865 379 1913 tota
392 1858 481 1912 anima
493 1865 521 1912 et
532 1857 595 1913 totis
605 1857 709 1913 viribus
723 1858 791 1913 meis
802 1873 849 1913 ex·
898 1862 932 1944 οι
940 1864 966 1910 te
986 1856 1072 1910 solum
1092 1856 1157 1910 totis
1178 1855 1255 1910 sitire
1275 1856 1424 1912 uisceribus
1444 1858 1528 1913 Derim
1552 1866 1685 1924 nostrum,

62 1951 174 2021 quirere
197 1948 293 2005 laeiem
314 1958 387 2003 tuam
406 1963 521 2018 semper.
542 1947 656 2004 lniundc
678 1948 849 2005 dilectionem
898 1947 1025 2016 usquein
1051 1947 1132 2000 linem
1152 1947 1248 2002 doceat
1275 1957 1432 2017 meatque
1453 1960 1550 2019 potens
1572 1949 1687 2011 efficiat:

63 2050 140 2097 tuam
152 2040 254 2110 pectori
272 2054 340 2105 meo,
356 2047 383 2093 et
401 2039 489 2094 scribo
508 2035 613 2093 dulcem
629 2038 788 2093 memoriam
809 2039 848 2094 tui
899 2045 927 2093 et
938 2038 1008 2092 sicut
1020 2038 1140 2107 piissima
1155 2038 1338 2094 misericordia
1352 2040 1500 2099 condedisti
1514 2040 1579 2095 milri
1592 2039 1685 2097 volun-

62 2134 92 2189 in
106 2131 204 2187 taliuiis
218 2131 306 2187 cordis
318 2131 380 2185 mei.
397 2130 502 2185 illustra
520 2143 564 2183 me
578 2129 637 2183 luoe
654 2127 771 2183 coelestis
786 2144 850 2199 pru·
899 2137 982 2184 tatem
998 2127 1128 2185 ueniendo
1142 2130 1176 2185 ad
1188 2139 1216 2185 te
1232 2134 1281 2200 per
1294 2132 1378 2198 illam,
1392 2132 1432 2188 sic
1451 2133 1553 2189 donare
1567 2135 1688 2206 digneris

63 2223 170 2281 dentiae.
184 2222 328 2293 imaginem
343 2228 416 2274 tuam
432 2221 459 2274 in
478 2233 521 2274 me
538 2234 592 2275 non
612 2218 686 2274 sinas
698 2219 848 2282 obscurari,
899 2220 1058 2292 sapientiam
1069 2231 1097 2276 et
1108 2221 1285 2282 intellectum,
1297 2223 1425 2278 uirtutem
1438 2231 1468 2278 et
1479 2224 1686 2294 possibilitatem

63 2313 158 2384 quaesi
173 2320 199 2367 te
209 2321 353 2383 praestante
365 2310 538 2376 defendatur,
554 2323 661 2379 semper
672 2310 780 2380 egregia
797 2318 848 2365 est.
899 2310 1021 2380 eorporis
1031 2317 1059 2365 et
1072 2310 1169 2365 animae
1182 2311 1216 2366 ad
1227 2311 1275 2366 tibi
1288 2326 1395 2382 semper
1404 2312 1577 2369 devotissime
1587 2314 1614 2369 in
1627 2330 1686 2369 om·

63 2403 142 2460 Adsit
155 2403 230 2468 milri,
251 2417 353 2472 queso,
368 2402 508 2457 beatorum
527 2399 683 2471 angelorum
698 2400 742 2470 pia
755 2408 783 2454 et
797 2398 849 2454 lizia
900 2401 979 2457 uibus
988 2401 1353 2472 serviendumpereamdem
1367 2405 1511 2475 benignam
1521 2405 1688 2476 magistram-

64 2493 185 2550 rustodia
200 2493 299 2564 ubique
309 2501 337 2548 et
350 2506 469 2562 semper,
484 2499 511 2546 et
524 2499 633 2560 prmsta,
647 2498 678 2562 ιιι
686 2491 755 2560 apud
766 2499 792 2545 te
801 2504 851 2560 pro
899 2504 952 2561 que
962 2491 1075 2559 gratiam
1088 2500 1173 2557 tuam,
1189 2494 1248 2548 sinc
1259 2509 1312 2564 qua
1331 2496 1523 2564 percogitare,
1536 2510 1586 2551 nec
1602 2495 1687 2565 loqui,

62 2599 108 2643 rue
122 2584 232 2652 misero,
244 2584 365 2638 omnium
383 2590 536 2637 sanctorum
551 2582 657 2651 agmina
671 2580 849 2645 intercedant,
900 2595 950 2636 nec
970 2593 1051 2652 agere
1071 2579 1172 2651 aliquid
1192 2583 1255 2639 boni
1269 2583 1400 2639 valemus.
1422 2585 1456 2639 Et
1475 2585 1539 2655 quia
1553 2592 1617 2641 tuus
1631 2586 1688 2657 ipse

63 2685 95 2732 ut
106 2692 199 2732 eorum
210 2676 335 2747 precibus
344 2685 372 2729 et
382 2674 496 2738 meritis,
512 2688 561 2743 pro
579 2682 623 2728 tua
638 2673 739 2742 pictate
754 2671 851 2742 dignus
901 2670 1060 2743 Unigenitus
1074 2674 1161 2729 diust:
1182 2674 1267 2730 Nerio
1286 2677 1354 2730 uenit
1366 2676 1401 2729 ud
1414 2692 1465 2742 me,
1476 2677 1527 2731 riri
1540 2674 1631 2735 Pater.
1644 2677 1688 2747 qui

63 2765 168 2822 efficiar
180 2764 401 2835 promissionibus
411 2763 472 2817 Filii
488 2764 536 2818 tui.
549 2762 671 2819 Corrmde
680 2761 746 2817 mihi
760 2759 851 2831 inagil-
899 2764 970 2818 misit
983 2780 1033 2829 me,
1042 2765 1152 2818 traxerit
1164 2781 1223 2820 eum
1233 2764 1325 2838 (doen.
1340 2781 1378 2832 rr,
1391 2764 1447 2835 il).
1459 2765 1510 2820 Et:
1526 2763 1609 2819 Neam
1620 2766 1689 2819 verrit

63 2856 143 2921 limo,
161 2857 301 2913 beatorum
326 2855 516 2911 monachorum
530 2864 636 2925 patrum
654 2868 775 2911 meorum
789 2854 851 2909 imi·
900 2854 935 2910 ud
950 2851 1057 2909 Putrem
1069 2856 1119 2909 nisi
1128 2853 1323 2927 permeliaco.
1336 2871 1392 2920 ιιι,
1400 2857 1438 2926 6).
1452 2855 1581 2920 Obsecro,
1595 2866 1688 2911 sancte

28 2949 33 2957 '
63 2945 116 3001 tari
128 2944 251 3016 uestigia.
266 2944 304 2998 lla
321 2945 387 2999 mibi
397 2960 490 3009 eorum
500 2944 742 3010 mansuetudinem,
757 2943 849 2999 mode·
899 2943 989 3009 Pater,
1002 2951 1031 2999 et
1039 2944 1196 3014 suppliciter
1206 2959 1281 3014 rogo,
1293 2945 1365 3001 licus
1376 2959 1461 3009 meus,
1470 2946 1547 2999 trabe
1557 2959 1601 2999 me
1612 2953 1640 2998 tu
1654 2944 1687 2997 ad

62 3038 156 3103 stiam,
171 3044 199 3092 et
221 3036 400 3101 tolerantiam,
424 3037 632 3106 benignitatem,
652 3043 847 3106 paupertatem,
862 3085 887 3151 c
903 3035 1000 3107 ipsum,
1015 3035 1112 3106 etipse
1125 3049 1168 3090 mc
1179 3034 1309 3105 perducat
1319 3036 1352 3091 ad
1366 3043 1404 3101 te,
1417 3034 1481 3089 illuc
1496 3034 1542 3089 ubi
1555 3033 1599 3088 ilie
1610 3035 1687 3088 estin

62 3134 93 3182 et
111 3126 351 3198 longanimitatem,
371 3127 459 3182 cordis
473 3127 676 3192 contritionem,
699 3134 727 3180 et
747 3124 850 3181 iontem
902 3127 1012 3183 dextera
1026 3133 1071 3180 tua
1086 3125 1191 3190 sedens,
1204 3125 1250 3181 obi
1262 3133 1303 3181 est
1320 3125 1484 3196 sempiterna
1500 3122 1567 3187 sita,
1580 3132 1608 3178 et
1618 3136 1690 3176 senr-

62 3216 255 3290 lacrymarum,
270 3216 323 3272 eibi
334 3224 467 3287 potusque
484 3218 688 3282 abstinentiam,
707 3216 797 3272 cordis
813 3216 851 3270 la·
901 3218 1007 3289 piterne
1019 3217 1098 3271 licata
1113 3225 1213 3270 aeterna
1227 3215 1370 3280 securitas,
1388 3222 1417 3268 et
1429 3229 1525 3270 secura
1541 3211 1690 3282 tranquilli-

61 3308 226 3376 blorumque
242 3307 411 3372 munditiam,
423 3308 562 3378 spirituale
579 3308 714 3379 gaudium,
727 3315 753 3362 et
764 3306 852 3376 perle-
892 3316 955 3385 ¹tas,
969 3306 1033 3362 ielis
1049 3305 1199 3371 aooerrdtas,
1219 3313 1319 3360 aeterna
1343 3304 1479 3360 felicitas:
1496 3302 1541 3358 ubi
1558 3309 1600 3356 est
1612 3316 1691 3355 amor

62 3408 140 3457 ctum
160 3397 251 3453 mundi
270 3406 461 3469 contemptum.
479 3399 560 3471 397
576 3399 707 3463 Maxime,
727 3398 850 3464 Domine,
903 3398 1049 3471 perlectus,
1068 3406 1097 3452 et
1109 3396 1198 3453 nullus
1212 3397 1304 3463 timor,
1323 3394 1369 3452 ubi
1388 3405 1431 3452 est
1451 3396 1509 3451 dies
1521 3403 1648 3457 retornus,
1663 3401 1691 3447 ot

62 3488 224 3544 charitatem
244 3503 261 3542 a
281 3496 307 3544 tc
327 3487 452 3559 efflagito,
471 3489 647 3544 bumilitatem
662 3489 780 3559 inquim,
802 3504 851 3559 pa·
903 3505 973 3546 rinus
985 3489 1105 3546 omnium
1119 3488 1236 3558 Spiritus
1249 3505 1256 3541 :
1269 3488 1316 3543 ubi
1326 3495 1355 3542 ιιι
1366 3502 1427 3543 cum
1441 3487 1497 3551 illo,
1506 3493 1533 3540 et
1546 3485 1591 3540 iile
1602 3493 1689 3540 tceuru

63 3579 189 3635 tientiam
200 3579 315 3650 postulo,
335 3580 486 3635 individuas
501 3582 613 3636 comites
628 3581 688 3636 lidei
707 3594 793 3646 meae3
814 3581 851 3634 si·
899 3582 926 3638 in
942 3582 1131 3638 communione
1150 3581 1237 3636 saneti
1252 3579 1370 3650 Spiritus
1388 3578 1555 3636 eternaliter
1567 3592 1600 3632 ac
1613 3592 1688 3631 seru-

62 3669 123 3727 mul
139 3678 167 3726 et
180 3685 272 3726 reram
287 3671 383 3726 animas
396 3672 569 3742 corporisque
587 3669 755 3742 pudicitiam,
781 3671 852 3726 sicut
900 3673 1071 3742 piternaliter
1088 3672 1157 3726 vivis
1169 3680 1198 3727 et
1218 3686 1316 3742 regnas
1335 3670 1406 3726 Deus
1419 3684 1469 3740 por
1485 3667 1577 3724 omnia
1592 3665 1689 3721 emerita

61 3760 119 3818 iilis
131 3761 238 3816 dedisti.
901 3763 1071 3819 secutorum.
1084 3762 1180 3817 Arrrou.

505 3872 1686 3905 .....----...........-----------

753 3961 878 4040 PARS
916 3961 994 4039 Ill.

91 4102 227 4164 irruunt
246 4102 290 4160 DE
308 4102 376 4159 1)Εο
395 4101 500 4160 intuo
518 4100 563 4160 ET
586 4099 668 4165 UNO,
686 4097 732 4152 DE
751 4093 914 4162 crintsro,
933 4095 978 4152 AC
996 4096 1041 4156 DE
1059 4097 1148 4157 tilis
1167 4095 1362 4165 PLERISQUE
1381 4091 1657 4152 eccttsttsrtcts

760 4186 992 4245 securalibus

824 4304 949 4322 -ι--ψ

100 4375 123 4432 Ι.
142 4374 183 4431 Ad
203 4373 334 4446 iustitiam
356 4371 438 4426 reule
456 4367 547 4433 credo,
569 4375 597 4422 et
617 4365 650 4420 ad
668 4365 783 4421 salutem
804 4379 852 4420 ore
865 4364 890 4427 li
902 4363 1045 4423 effabiliter
1057 4372 1167 4430 natum,
1184 4380 1194 4415 r
1213 4360 1342 4418 *Verum
1356 4361 1441 4417 ὓειιιιι
1459 4359 1626 4431 unigenitum
1640 4402 1649 4427 ,
1663 4370 1691 4417 et

61 4468 196 4528 etmlltcor
215 4474 334 4521 sanctam
355 4471 383 4519 et
406 4461 570 4517 indiuiduam
594 4458 772 4522 Trinitatem,
798 4457 852 4511 ιιι-
902 4463 996 4505 rerum
1029 4448 1077 4505 liei
1102 4447 1237 4515 terbum,
1259 4463 1313 4505 non
1342 4446 1460 4513 iactum,
1482 4461 1536 4501 uon
1557 4454 1692 4506 creatum,

61 4566 151 4615 tutem
166 4562 297 4618 unam,et
310 4552 483 4607 indiscretam
499 4546 679 4615 majestatem.
691 4545 810 4610 Patrem,
824 4552 857 4608 et,
902 4557 956 4601 non
976 4541 1141 4614 adoptivum,
1166 4542 1214 4599 sed
1235 4542 1356 4613 genitum
1381 4539 1508 4597 etunius
1529 4555 1591 4595 cum
1611 4540 1691 4596 Patre

62 4646 181 4711 Filium,
198 4653 226 4700 et
243 4643 374 4714 Spiritum
396 4649 535 4703 sanetum,
554 4653 637 4692 unum
660 4637 744 4690 Deum
764 4636 851 4691 omni·
901 4631 1067 4688 substantiae.
1093 4630 1182 4702 Atque
1211 4632 1249 4688 ita
1275 4647 1325 4702 per
1358 4629 1449 4688 omnia
1480 4629 1609 4702 aequalem
1636 4630 1693 4685 lieo

61 4747 222 4813 potentem,
245 4734 305 4791 coeli
332 4742 464 4800 terreque
484 4730 629 4792 factorem,
652 4726 798 4781 visibilium
824 4733 852 4780 et
901 4719 992 4788 Patri,
1007 4729 1038 4777 ut
1061 4736 1112 4777 nee
1136 4730 1272 4791 tempore,
1294 4734 1345 4776 nee
1365 4719 1466 4792 grado,
1489 4734 1541 4775 nec
1559 4727 1692 4789 potestate

62 4829 242 4891 brrisibilium
262 4825 450 4886 conditorem,
476 4822 503 4876 in
529 4818 652 4891 personis
674 4817 796 4879 trinum,
823 4816 849 4869 in
901 4811 988 4887 possit
1016 4827 1077 4870 esse
1104 4810 1225 4867 inlerior.
1254 4810 1424 4879 Tantumque
1447 4824 1509 4866 esse
1531 4809 1693 4865 confitentur

61 4920 217 4980 substantia
242 4933 335 4973 unum.
358 4914 458 4969 Verum
480 4912 588 4982 quidem
608 4908 715 4966 Patrem
739 4920 851 4961 summae
903 4901 994 4967 illum,
1007 4902 1052 4973 qui
1067 4909 1110 4957 cst
1121 4901 1243 4972 genitus,
1262 4909 1379 4971 quantus
1393 4908 1436 4955 est
1449 4898 1510 4965 ille,
1527 4898 1573 4970 qui
1586 4899 1690 4971 genuit.

61 5011 196 5073 unitatis
215 5018 244 5065 et
264 5009 346 5062 totius
372 5004 484 5060 licitatis
503 4999 682 5071 principium,
702 4996 849 5052 incircum·
902 4990 961 5047 Non
982 5000 1071 5047 autem
1090 4992 1152 5062 quia
1167 4990 1282 5047 dicimos
1297 4989 1417 5063 genitum
1437 5005 1452 5044 a
1477 4988 1559 5046 Patre
1575 4987 1686 5053 Filium,

60 5103 174 5171 scripte
195 5108 223 5155 et
238 5097 363 5168 ingeniue
381 5092 530 5162 majestatis
544 5091 637 5153 Deum,
659 5102 693 5142 ex
714 5085 787 5140 nullo
800 5086 849 5141 du·
903 5081 1000 5139 dirime
1014 5082 1052 5138 illi
1071 5090 1100 5138 et
1116 5081 1245 5138 ineffabili
1262 5079 1430 5154 generationi
1452 5079 1561 5151 aliquod
1584 5088 1692 5153 tempus

59 5202 172 5254 eertum
187 5191 300 5254 initiam,
317 5187 364 5244 sed
382 5185 506 5242 omnibus
523 5182 629 5238 initium
644 5180 764 5242 dantem,
778 5191 850 5232 sum·
904 5172 1103 5240 adscribimus,
1125 5173 1172 5230 scd
1196 5189 1247 5231 uec
1270 5172 1381 5231 Patrem
1409 5171 1525 5230 dicimus
1548 5168 1694 5243 aliquando

61 5287 267 5348 memborum,
290 5289 317 5336 et
340 5278 429 5334 omnia
452 5277 530 5332 valde
549 5276 619 5330 bona
633 5280 781 5335 creantem,
798 5284 852 5323 non
904 5268 1029 5339 eoepisse,
1047 5283 1098 5325 nec
1114 5267 1223 5323 Filium.
1243 5268 1302 5325 llon
1317 5269 1390 5328 enim
1401 5268 1480 5326 aliter
1491 5266 1614 5323 confiteri
1629 5280 1692 5338 pos-

60 5376 201 5449 eorporaii
219 5373 348 5447 progenie
368 5382 457 5440 neque
474 5366 653 5429 extrinsecus,
669 5377 723 5419 non
737 5360 853 5417 necessi·
904 5374 998 5416 sumus
1017 5368 1148 5416 aeternum
1169 5359 1296 5426 Patrem,
1323 5359 1376 5419 nisi
1406 5359 1587 5415 conliteamur
1608 5357 1692 5414 etiam

61 5479 124 5532 tate
141 5482 227 5536 neque
240 5466 388 5529 voluntate,
411 5463 458 5519 scd
480 5469 577 5517 natura
601 5457 698 5512 Filium
720 5469 853 5527 generari·
906 5463 1068 5512 coeternum
1087 5452 1194 5508 Filium.
1209 5452 1248 5507 Ex
1268 5452 1337 5510 Filio
1356 5466 1428 5508 enirn
1448 5451 1527 5507 Pater
1538 5449 1647 5515 dicitur,
1661 5456 1690 5505 et

60 5571 133 5623 terri.
150 5556 249 5612 Verum
270 5568 359 5611 aurem
377 5553 474 5608 Filium
489 5566 522 5607 ex
543 5550 623 5604 Patre
637 5547 695 5603 sine
716 5546 793 5600 initio
810 5544 851 5601 iu·
905 5547 951 5618 qul
970 5559 1077 5615 semper
1089 5544 1178 5609 Pater,
1204 5559 1310 5616 semper
1328 5544 1421 5601 babuit
1434 5542 1543 5601 Filium.
1562 5562 1570 5595 ι
1591 5540 1695 5599 Verum

101 5686 113 5714 ⁶
136 5672 268 5741 Pelagius.
285 5664 605 5741 illuminandarum.
621 5662 649 5719 S.
666 5661 816 5735 ungamini.
