3780 6120
553 258 584 322 D.
603 264 635 323 T.
654 264 766 323 ululat
786 262 852 322 stu
870 262 1009 322 atebtnl
1026 262 1168 321 opuntia
1186 261 1276 320 PARS
1292 258 1340 319 Π.

538 528 741 592 anabaud
764 525 1068 590 nucfllullscot’l
1091 525 1356 588 Tnttvluubtsts

271 698 437 756 llutstula
458 699 503 754 ab
520 694 687 754 canotuu
707 691 856 751 uaouult
875 684 1127 748 tubunnuuuuu
1147 688 1190 744 DE
1214 687 1436 746 CAEREMDNIIS
1455 688 1642 746 erbulsent.

639 851 720 927 (Vide
736 848 896 921 Patroiogioe
905 854 972 903 torn.
984 845 1088 916 XCIX,
1099 848 1150 904 col.
1163 846 1237 920 887.)

395 1076 719 1170 ⁵1⁷btusuuu
757 1085 1006 1164 annullari
1044 1086 1239 1167 VERSUS
1277 1091 1463 1175 uanlul
1492 1128 1523 1174 ⁸.

608 1285 789 1332 “LUDIUS
812 1282 1002 1327 VERBUM!
1024 1285 1140 1330 autaut
1162 1289 1276 1336 PETDD·

124 1468 207 1539 Quid,
224 1466 315 1530 Pater,
337 1469 468 1536 angustos
482 1460 595 1531 repedas
610 1458 656 1530 qni
678 1466 800 1529 tempora
824 1454 919 1519 calles,
933 1455 957 1516 Α
971 1453 1024 1511 Sed
1038 1459 1124 1514 saneti
1140 1462 1230 1531 potius
1242 1465 1445 1536 cursuspsallnt
1454 1467 1604 1528 Benedicti
1619 1488 1629 1528 2

126 1557 249 1628 Namque
262 1555 353 1627 quieta
368 1561 456 1610 tenes.
474 1549 631 1620 Forsauque
642 1562 723 1621 paras
735 1558 868 1603 renovare

127 1649 230 1707 Sacoos
241 1656 270 1703 tu
281 1644 518 1720 nostroslitorum,
532 1642 576 1697 rel
586 1640 712 1712 lrangere
725 1639 813 1703 deute,

125 1744 240 1802 Crustas
252 1749 281 1798 et
295 1751 369 1798 totas
379 1739 464 1795 rnlcas
477 1736 591 1792 volitare
602 1748 650 1805 per
661 1745 753 1787 auras.

125 1836 210 1908 agius
220 1837 292 1892 inter
303 1833 460 1889 frondentes
473 1829 564 1886 lauros
574 1826 701 1884 babitans
715 1837 776 1880 sors

126 1928 243 1986 llanima
256 1927 314 1997 ipse
331 1930 410 1979 rocat
420 1920 519 1976 fratres
533 1918 567 1973 ad
580 1914 683 1973 fercula
693 1913 779 1985 pacis.

126 2019 262 2092 Disiunxit
276 2017 371 2072 labeus
385 2013 472 2069 Arton
486 2026 555 2083 quos
569 2009 685 2080 turpiter
696 2005 797 2061 Auster

124 2109 228 2166 lurnxit.
245 2109 305 2176 Quo
319 2118 467 2178 properare
480 2103 550 2175 petis
564 2101 616 2168 sic,
629 2100 699 2156 abba
712 2111 800 2163 meus,
814 2096 885 2166 quot

126 2204 276 2268 lentorum
289 2200 421 2256 Dominus
438 2197 484 2269 qui
499 2203 573 2250 rotat
588 2193 647 2250 slne
662 2205 774 2264 pergere
789 2189 884 2245 lratre.

126 2293 197 2364 Quid
213 2293 323 2356 mirum,
335 2290 359 2346 si
372 2287 520 2359 Gregorius
530 2284 630 2354 iaceat,
645 2283 867 2353 lacrymansquc;

125 2387 155 2444 Sl
169 2395 277 2443 nonest
294 2383 405 2449 mirum,
417 2380 520 2438 Christi
535 2380 649 2435 chorum
663 2375 816 2447 trepidaret

125 2477 278 2549 AEquoreas
296 2482 411 2546 tangens
422 2471 554 2528 Dominus
565 2476 668 2540 partes,
680 2466 867 2539 lacrymabant

124 2566 264 2640 Discipuli,
280 2565 305 2621 si
318 2562 466 2635 Gregorius
477 2576 532 2616 uon
546 2557 656 2630 pertulit
666 2557 764 2622 undas,

123 2656 246 2730 Vespere
255 2654 312 2724 iarn
325 2659 499 2725 properante,
512 2657 590 2722 rogat
600 2663 708 2706 cessare
721 2646 865 2719 procellos,

124 2749 198 2818 eras
210 2747 276 2804 dicit
287 2745 381 2802 senior
391 2742 495 2816 majore
506 2755 618 2814 surgere
630 2740 716 2797 Euro.

971 1545 1027 1601 dut
1041 1546 1096 1605 lors
1111 1560 1157 1606 aut
1168 1553 1312 1625 potiusque
1325 1556 1415 1612 loreut
1430 1558 1525 1630 ignota
1539 1560 1670 1620 nefanda

971 1637 1045 1718 lilius
1060 1638 1139 1696 nobis
1149 1643 1233 1711 urbis,
1246 1660 1308 1716 quse
1320 1663 1392 1720 srepe
1404 1650 1505 1707 beabat
1610 1685 1613 1690 ·

972 1728 1077 1800 Totque
1088 1732 1172 1802 uiros,
1184 1744 1276 1794 tantos
1287 1737 1401 1796 lamulos
1412 1756 1462 1813 per
1475 1743 1560 1800 secta
1574 1745 1695 1804 beatos:

971 1821 1060 1890 Quam
1077 1823 1192 1898 legium
1204 1831 1323 1889 tenuisse
1333 1842 1416 1905 capot
1428 1835 1505 1906 regni
1519 1837 1619 1894 omnis
1631 1838 1692 1896 fni.

1007 1917 1083 1976 Tunc
1094 1934 1157 1977 sero
1169 1919 1278 1979 rediens
1295 1924 1417 1983 Basileus
1430 1926 1486 1984 Leo
1497 1928 1626 1998 mandat,
1638 1941 1668 1989 et
1682 1933 1736 2003 ipsa

972 2007 1008 2065 Ut
1017 2011 1127 2067 renunt
1142 2011 1241 2070 iratres
1255 2015 1289 2071 ad
1303 2031 1409 2072 somma
1422 2018 1524 2088 palatia
1542 2020 1630 2093 regis.

971 2097 1022 2155 llic
1035 2098 1180 2172 eloquitur,
1191 2103 1236 2160 bic
1246 2105 1280 2160 de
1296 2104 1386 2162 Caroli
1398 2116 1460 2163 orat
1477 2109 1536 2164 vita
1554 2124 1609 2181 per
1621 2125 1718 2177 aerunr,

970 2192 1011 2248 dc
1023 2201 1151 2249 notorum
1163 2194 1233 2265 ejus,
1248 2197 1320 2254 sacri
1333 2198 1414 2254 simul
1427 2200 1536 2257 ordinis
1550 2205 1656 2265 omnis.

971 2282 1004 2339 Et
1016 2283 1106 2357 populi
1120 2300 1274 2343 memorans
1286 2287 1452 2346 Francorum
1462 2307 1532 2348 uoce
1543 2293 1677 2366 benigna.

970 2374 993 2430 Α
1005 2389 1059 2446 quo
1071 2376 1157 2434 laxati
1170 2378 1257 2451 pelagi
1266 2380 1399 2450 profunda
1412 2383 1540 2440 trabebat

970 2464 1125 2536 AEquoreus
1136 2484 1287 2540 cursusque
1297 2480 1393 2539 ratem,
1412 2489 1474 2529 cum
1493 2475 1599 2548 ingens
1617 2476 1677 2533 iera
1693 2480 1760 2536 reule

970 2557 1036 2626 Quis
1045 2567 1188 2615 ventorum
1199 2561 1293 2618 auidas
1316 2579 1418 2635 pennas
1432 2573 1473 2622 tot
1482 2562 1581 2623 diocte
1594 2568 1704 2637 suffert,

970 2649 1005 2705 lit
1015 2666 1068 2707 uon
1079 2651 1195 2708 miretur
1208 2662 1312 2709 tanturn
1324 2657 1488 2727 crepitantia
1500 2657 1583 2714 lora!

971 2741 1133 2802 Terribilem
1145 2747 1210 2805 binc
1220 2747 1340 2805 sonitum
1351 2747 1449 2807 ductus
1461 2751 1645 2826 redduntque
1655 2756 1763 2812 marini:

124 2841 201 2898 abba
212 2839 289 2912 jubet
301 2838 463 2895 monachum
480 2836 572 2892 nultus
588 2833 712 2890 attollere
727 2847 846 2898 sursunt,
934 2808 1036 2895 Blude
1051 2845 1142 2896 truces
1155 2849 1242 2897 ratem
1255 2842 1381 2912 quatiunt
1392 2880 1511 2898 ......
1529 2845 1612 2902 vim

125 2933 241 2988 Sumere
255 2931 289 2987 de
303 2945 397 2987 mensa
408 2928 523 2985 lratrum
535 2927 624 2985 saltim
638 2927 830 2999 exiguumque.

124 3023 271 3096 Gregorius
283 3023 352 3078 dixit
367 3040 374 3078 :
391 3022 461 3080 lliuc
472 3037 528 3078 nou
539 3037 658 3094 sumam,
670 3021 723 3077 nisi
739 3020 792 3076 lira

124 3117 188 3176 liae
201 3119 299 3190 puppis
316 3125 436 3184 maneat,
449 3133 538 3189 neque
550 3118 600 3174 lras
612 3117 719 3174 tabulas
733 3118 866 3188 relinquo.
919 3117 922 3123 ’

98 3248 101 3254 2
125 3209 211 3267 Nocte
223 3209 289 3282 rigll
304 3208 390 3265 irater
399 3225 454 3265 uon
466 3210 626 3275 dormitans,
640 3223 729 3280 neque
742 3218 851 3265 cessant

124 3298 201 3358 Salsa
211 3300 281 3356 rada
294 3301 428 3357 undarum
443 3297 546 3372 jugiter
556 3300 665 3356 turbare
678 3299 812 3371 procellae.

123 3396 159 3453 Bt
168 3395 237 3451 ratis
248 3394 302 3450 alta
316 3391 450 3467 prolunda
462 3399 559 3464 petens
572 3392 686 3448 nimium
699 3392 755 3448 cito
769 3392 859 3448 saltat.

124 3487 214 3545 Triste
230 3495 321 3559 caput,
338 3500 437 3542 sensus
449 3493 564 3542 mustus
576 3485 678 3556 patitur
689 3483 770 3550 male,
784 3483 892 3539 urrdcm

123 3576 193 3636 Cum
204 3578 284 3634 victis
299 3576 422 3634 tenebris
437 3576 552 3632 rutilans
563 3576 679 3632 miratur
693 3574 777 3639 Eous,

124 3670 175 3728 Sat
186 3670 330 3727 memnon
344 3677 434 3725 truoes
447 3668 589 3741 agitabant
603 3664 712 3723 [lamina
724 3666 858 3739 lympnas.

124 3763 180 3821 llos
194 3778 304 3820 cursuro
319 3769 439 3829 revocat,
453 3760 645 3818 addrnissima
657 3767 758 3816 castra.

124 3855 226 3913 Forsan
242 3852 359 3913 delectat
376 3864 508 3920 castrum,
524 3854 634 3921 fratres,
649 3853 793 3926 Eginense

122 3949 158 4004 Et
166 3948 270 4018 palmas
279 3963 360 4019 agere
372 3949 439 4005 satis
454 3962 501 4019 per
514 3954 636 4017 tempora
648 3945 740 4018 longa,

122 4035 227 4093 Puncta
237 4037 284 4093 ubl
296 4037 395 4110 wippo
408 4053 491 4093 manu
504 4035 593 4108 plorat
605 4037 727 4108 rapuisse
737 4037 835 4093 aliena.

122 4126 248 4199 singultu
262 4128 346 4184 nimio
360 4128 484 4198 pulsabat
502 4141 573 4197 saepe
585 4128 705 4198 quietern

121 4307 278 4365 inmemor
290 4316 350 4366 esto
364 4307 522 4372 sacerdotis,
537 4322 618 4380 quem
630 4307 720 4365 sidera
732 4306 829 4365 tolluru

123 4399 175 4456 Pro
185 4398 297 4468 famulo,
312 4415 393 4472 quem
406 4399 468 4456 bnis
480 4399 544 4471 equi
557 4399 709 4472 retinetque
720 4400 868 4471 sepultum,

121 4490 215 4548 Funde
226 4507 332 4564 preces,
350 4491 503 4559 uenerande
521 4491 614 4558 Pater,
627 4506 688 4547 cum
704 4490 834 4547 iratribus
851 4507 916 4548 uua.

121 4578 216 4638 Partes
227 4579 488 4654 Constantinopolim
501 4596 678 4654 properemus
693 4591 723 4637 ct
736 4589 816 4647 ante;

121 4672 256 4743 Tempora
267 4672 391 4730 laxemus
402 4673 488 4746 gelida
504 4674 613 4743 utrique
625 4673 714 4729 Attica
727 4688 802 4729 rura.

121 4763 268 4834 Postquam
277 4763 538 4836 Constantinopolim
549 4765 727 4822 lustrabimus
739 4764 844 4831 urbem,

121 4853 221 4925 Bisque
230 4862 379 4924 quaterque
390 4855 483 4911 decem
493 4856 546 4911 bac
560 4864 654 4912 noctes
667 4854 836 4927 possedimus
844 4854 917 4922 albo,

119 4944 256 5001 suntiono
270 4954 344 5001 stant
357 4945 459 5018 vigiles,
476 4947 522 5019 qui
533 4946 625 5002 limina
636 4946 775 5014 claudunt,

119 5036 160 5093 lle
174 5038 324 5093 monachus
336 5036 427 5093 lorsan
439 5054 488 5107 per
501 5052 587 5108 opaca
597 5039 708 5095 vaderet
720 5039 806 5106 urbis,

156 5171 233 5228 eliis
251 5173 374 5231 uersibus
387 5205 389 5209 ν
401 5176 427 5229 in
452 5190 503 5230 ms.
523 5174 668 5231 admodum
692 5189 771 5231 corru
792 5175 838 5240 tis,
859 5173 912 5228 lor·

120 5243 203 5298 tassia
214 5246 452 5315 corrrprebenditur
472 5245 676 5317 llodoeporicsm
698 5245 763 5302 illud
835 5244 916 5301 tionis

119 5312 192 5384 quod
213 5329 263 5370 suo
280 5323 401 5387 temporo
420 5318 558 5373 exstitisse
583 5316 735 5373 liermanus
754 5315 917 5373 Contractus

970 2931 1091 2989 Teutria.
1102 2931 1151 2988 llis
1160 2930 1301 3003 maiorque
1312 2941 1474 2990 menrscum
1485 2943 1532 2992 est
1546 2937 1653 2994 mortis
1666 2952 1765 2995 amn.

970 3022 1119 3082 latinum
1133 3024 1193 3092 tibi,
1207 3023 1402 3092 sanctel'ater‚
1420 3040 1475 3082 nou
1486 3024 1610 3100 effugies
1625 3037 1657 3084 tu

970 3115 1051 3182 illuc,
1066 3115 1118 3171 nisi
1132 3115 1303 3186 perlirndaris
1318 3116 1405 3187 aquis,
1419 3116 1525 3174 nimbis
1537 3119 1674 3178 umeris.

970 3207 1089 3280 Edugias
1104 3207 1211 3264 muros
1225 3246 1233 3275 ‚
1246 3217 1352 3265 metuas
1364 3207 1487 3276 scheon,
1503 3210 1698 3286 Regidosqne.

969 3299 1011 3356 Tu
1025 3299 1132 3357 cumula
1143 3299 1207 3368 tela,
1223 3308 1253 3355 ut
1268 3297 1391 3357 llaurum
1405 3299 1516 3374 jugules
1528 3309 1723 3373 mtuendnm.

969 3394 1056 3462 Quem
1069 3393 1147 3449 nobis
1162 3401 1314 3449 monstrant
1328 3401 1434 3464 portos,
1446 3408 1535 3465 quens
1549 3395 1659 3456 lamina
1671 3399 1765 3456 ultus

970 3488 1178 3552 Tendearcum
1198 3487 1284 3543 donec
1295 3501 1489 3557 percurramus
1508 3506 1592 3548 nare
1608 3507 1703 3550 αιιιι.

970 3575 1018 3632 Sta
1026 3575 1119 3646 procul
1130 3590 1146 3629 a
1158 3583 1230 3631 terra
1239 3574 1497 3633 Sclarorumlittora
1510 3578 1624 3652 linque,
1636 3582 1765 3654 repellat.

969 3669 1035 3726 Post
1047 3683 1169 3735 vernum,
1181 3684 1243 3725 sero
1256 3669 1331 3736 licet,
1344 3669 1507 3742 italiamque
1518 3671 1677 3742 virentem,

969 3763 1025 3820 llos
1036 3763 1210 3835 pervadimus
1224 3761 1414 3829 banceurslm
1428 3764 1588 3839 rapidoque
1601 3769 1698 3828 volan

970 3855 1093 3912 siluestri
1106 3853 1141 3911 ad
1152 3853 1261 3927 dignam
1273 3854 1416 3911 eeclesiam
1430 3858 1522 3914 muctl
1533 3871 1728 3933 propenntoe.

969 3946 1054 4004 Obvia
1065 3954 1120 4002 stat
1133 3955 1225 4003 sancta
1238 3947 1338 4003 eobors
1348 3944 1463 4004 lratmrn
1472 3947 1562 4006 simul
1572 3952 1672 4010 omnis

970 4035 1093 4101 flebilim
1110 4035 1236 4106 egreglus
1249 4043 1343 4107 pastor
1355 4035 1513 4109 lacrymans
1525 4038 1718 4114 lacrymantes

862 4141 865 4150 ·
929 4159 955 4225 c
971 4125 1099 4199 Suscipit,
1110 4127 1200 4184 orbati
1218 4128 1337 4201 gaudent
1350 4129 1498 4202 desospite
1514 4131 1616 4192 Patre.

122 4215 173 4274 llic
188 4226 321 4286 nostram,
335 4233 384 4290 pro
395 4234 450 4290 quo
461 4226 610 4274 satmoesta
628 4227 736 4274 caterua
747 4216 866 4289 jacebat.
918 4238 923 4243 ·

970 4221 1074 4278 Gaudia
1084 4221 1249 4293 perfundunt
1258 4223 1392 4296 lacrymas
1401 4225 1465 4296 quia
1480 4224 1548 4284 laeta
1561 4239 1691 4298 caum.

970 4309 1113 4368 Germanis
1125 4312 1266 4370 monacbis
1280 4310 1405 4371 Patribus
1415 4313 1481 4370 daut
1495 4315 1577 4376 basia
1592 4319 1708 4381 blan&-

970 4403 1102 4476 Dptaurus
1113 4403 1191 4460 laetus
1202 4416 1313 4461 manus
1325 4418 1389 4462 cum
1405 4404 1542 4467 iratribus
1553 4409 1657 4482 uun,

968 4495 1120 4567 interquos
1134 4496 1228 4555 lratrls
1238 4511 1391 4556 memorare
1402 4499 1498 4571 tuique
1508 4502 1621 4564 marini

969 4584 1009 4640 Tu
1023 4585 1145 4658 dignare,
1159 4574 1251 4656 Pater,
1266 4604 1320 4645 non
1338 4588 1465 4647 exsiliens
1477 4594 1564 4650 morlo
1581 4597 1691 4666 tristis;

967 4674 1065 4732 Frater
1081 4692 1184 4748 egoque
1200 4685 1272 4745 tuus,
1287 4679 1415 4750 quoniam
1427 4697 1482 4738 nou
1502 4684 1600 4742 tristia
1612 4704 1705 4762 carpo.

968 4771 1058 4827 Triste
1069 4771 1159 4843 polum
1170 4771 1261 4828 lratri!
1274 4772 1364 4830 Caroli
1373 4774 1436 4845 quia
1449 4787 1543 4834 morte
1554 4779 1672 4853 latigor.

969 4863 1023 4919 Nos
1034 4872 1164 4935 utrosque
1177 4864 1249 4921 Deus
1262 4865 1361 4937 jungat
1370 4867 1473 4939 pariter
1485 4870 1548 4927 sine
1565 4872 1638 4943 due,

969 4955 1037 5013 Curu
1051 4955 1149 5013 Carolo
1166 4959 1301 5028 quondam
1314 4973 1377 5032 rege
1389 4967 1417 5015 et
1432 4976 1497 5017 curn
1510 4960 1653 5024 iratribus
1667 4965 1742 5023 alnis

971 5187 1094 5241 testatur,
1115 5188 1142 5233 et
1157 5178 1233 5249 cujus
1250 5189 1388 5238 ttttclotem
1405 5181 1584 5241 amalarium
1599 5204 1666 5247 esse
1684 5187 1760 5246 told

932 5269 957 5332 υ
971 5249 1001 5304 D.
1016 5249 1116 5315 illuct..
1132 5249 1201 5307 llist.
1218 5251 1257 5307 lit.
1270 5250 1399 5321 Praescia,
1416 5264 1483 5311 torn.
1500 5254 1547 5325 lv,
1561 5273 1631 5333 pag.
1645 5259 1705 5317 tta.
