3780 6120
119 236 189 293 laih
536 230 566 287 B.
590 230 621 287 E.
639 228 754 289 anethi
774 226 840 289 SEU
859 229 997 289 thUlNl
1015 232 1158 291 creabat
1175 232 1265 294 PARS
1282 236 1327 292 tx.
1692 246 1758 306 im

118 368 149 407 re
162 343 620 420 etpturaltnumeroacetptamusu.
634 343 910 400 Utautcmadsolum
925 354 950 411 g
963 344 1030 416 (ier.
1057 362 1135 414 xxiia,
1158 347 1216 417 hl).
1232 349 1421 420 adjunguntur
1443 359 1537 407 autem
1562 353 1632 410 hulc
1657 359 1760 428 hymno

119 438 227 493 Patrem
247 436 380 507 dirigatur
394 435 492 502 oratio,
507 450 569 489 cnm
583 435 667 489 totius
680 442 781 514 sanetae
793 432 910 488 Trinita-
959 436 1125 506 angelorum,
1142 448 1249 508 sumpta
1277 454 1312 494 ex
1335 439 1480 512 Evangelio
1500 444 1589 499 rerba
1615 447 1761 508 turbarum

119 529 167 593 tis,
184 528 254 584 sieut
267 543 319 580 una
331 534 373 581 est
384 525 523 591 divinitas,
538 525 575 578 ita
588 524 700 594 aequalis
714 524 802 578 honor
813 532 841 578 et
853 523 909 594 glo-
958 526 1125 582 laudantium
1141 528 1225 583 Deum
1239 539 1267 585 et
1277 546 1368 602 regem
1383 540 1506 589 nostrum
1522 537 1692 593 venientem
1703 539 1763 598 Eia

119 620 248 683 riheatio,
272 617 298 672 id
311 618 424 688 apostoli
438 624 532 672 saneto
551 632 599 687 per
620 631 667 672 eos
691 615 834 671 ordinante
849 615 909 687 Spi-
959 619 1144 689 rosolymam,
1172 629 1254 692 atque
1277 622 1448 680 dicentium:
1465 624 1579 681 Oceano
1600 628 1633 682 in
1656 631 1764 690 exenii.

121 710 176 767 ritu
198 718 357 774 sanxerunt,
383 716 413 762 ut
424 708 470 777 qui
490 707 637 762 multorum
661 705 774 762 deorum
801 720 909 763 errores
960 709 1056 782 (llere.
1080 711 1377 786 xr,l0),etrelit1ua.
1399 716 1439 772 lta
1461 719 1537 773 enim
1562 734 1598 774 ex
1619 719 1763 792 Scripta„

121 801 201 857 unius
228 801 277 857 llei
304 800 497 872 predicatione
519 799 677 853 nitebantur
697 797 832 864 evellere,
858 799 909 854 suh
958 800 1117 868 prophetica
1131 800 1211 872 502
1228 811 1256 858 et
1267 804 1594 879 evangelicacompletur
1605 811 1695 880 plena
1711 814 1764 871 laa-

121 893 263 951 Trinitatis
275 898 445 948 sacramento
460 889 505 943 uni
518 903 642 958 personae
660 873 688 942 in
714 888 909 943 sacrificiorum
960 891 1043 958 datio,
1057 907 1119 946 cum
1133 903 1194 962 post
1210 894 1318 950 laudem
1341 905 1369 951 et
1383 899 1497 970 gloriam
1516 911 1627 957 sanctae
1645 903 1762 960 Trinita-

119 985 248 1039 rituesse
270 979 475 1053 supplicandum
497 979 694 1034 decernerent:
713 992 746 1033 ne
769 978 909 1048 quiunum
960 981 996 1035 tis
1022 981 1177 1054 adjungitur
1198 986 1281 1040 etiam
1312 990 1461 1058 gratiarum
1487 993 1565 1046 actio
1591 994 1631 1047 de
1648 993 1760 1050 adventu

122 1075 207 1130 Deum
220 1072 412 1144 praedicabant,
426 1070 453 1123 in
466 1068 598 1139 pluralem
611 1067 910 1122 divinitatisunmerum
960 1069 1119 1137 Salvatoris,
1149 1074 1195 1144 qni
1212 1088 1282 1132 unus
1306 1092 1340 1132 ex
1356 1079 1414 1148 ipsa
1437 1081 1576 1140 Trinitate
1599 1099 1656 1153 pro
1680 1085 1760 1142 salin

122 1166 249 1220 incidisse
262 1170 452 1234 arguerentur,
466 1169 494 1214 et
504 1160 568 1230 quia
580 1160 660 1214 Pater
670 1166 697 1212 et
709 1157 792 1212 Filius
806 1165 834 1212 et
849 1156 910 1227 Spi·
960 1173 1053 1219 nosci-3
1069 1165 1151 1221 homo
1162 1166 1250 1223 sacius
1261 1177 1313 1234 esp,
1330 1178 1357 1226 eg
1368 1174 1489 1229 eamdem
1509 1174 1636 1229 salutem
1651 1179 1759 1234 mom

122 1256 192 1310 ritus
210 1260 331 1318 sanetus,
347 1251 427 1305 unius
455 1249 572 1312 deitatis,
599 1248 679 1302 unius
697 1254 809 1311 nature,
830 1247 911 1302 unius
960 1255 995 1311 (10
1017 1260 1222 1330 &resurgendo
1239 1260 1363 1329 perfecit.
1381 1249 1458 1320 Unde
1474 1267 1577 1322 memo
1596 1266 1640 1322 iffi
1665 1269 1757 1339 guli„

121 1345 290 1410 substantiae,
318 1343 398 1397 unius
413 1341 528 1410 denique
551 1338 693 1408 potestatis
715 1338 843 1403 existunt,
857 1351 911 1391 una
960 1356 1082 1419 agentes,
1098 1349 1232 1408 dicimus:
1248 1352 1367 1421 Osanna,
1378 1358 1405 1412 id
1419 1368 1471 1423 est,
1484 1360 1572 1427 salus,
1590 1362 1623 1415 in
1644 1363 1756 1418 auida

120 1455 153 1492 ει
172 1437 211 1492 en
223 1450 338 1506 nerone
359 1441 469 1503 proper
484 1431 597 1485 unitatis
610 1428 769 1500 misertum
792 1428 912 1483 retinen·
961 1437 1206 1508 undeinpsalmo:
1222 1443 1568 1520 concatenatarum.
1582 1466 1630 1517 m,
1646 1450 1757 1521 anne

121 1530 226 1586 domin
244 1526 379 1583 sacrificio
394 1525 585 1587 invocaretur3
602 1535 651 1576 nee
665 1520 718 1574 alia
741 1519 845 1583 debuit,
859 1519 911 1573 nisi
961 1540 989 1587 ig
1002 1546 1109 1602 quoque
1126 1533 1316 1606 subjungitur:
1335 1538 1492 1595 Benedictus
1508 1542 1558 1612 qm·
1580 1545 1657 1597 mu
1670 1546 1698 1597 iu
1715 1561 1756 1599 M.

121 1637 181 1692 quce
196 1621 283 1690 prima
296 1626 348 1683 est,
365 1618 392 1671 in
416 1631 470 1686 qua
483 1615 543 1669 duae
555 1621 660 1668 caeterae
674 1609 835 1665 naturaliter
854 1624 912 1664 ma·
961 1623 1030 1676 mine
1042 1623 1160 1690 Domini,
1170 1622 1248 1693 juxta
1260 1628 1333 1698 quod
1347 1629 1403 1700 ipse
1420 1630 1459 1685 ait
1470 1631 1500 1684 iu
1513 1630 1676 1702 Evangelio
1688 1652 1696 1687 :
1708 1632 1756 1705 Ego

122 1720 217 1767 nentes
229 1710 359 1763 existunt.
373 1704 542 1776 Cumqoilns
554 1714 579 1758 et
596 1712 699 1757 nostroe
713 1718 797 1768 oocea,
808 1700 909 1755 etreli-
925 1697 1019 1768 Bm·
1031 1715 1059 1768 i„
1075 1715 1178 1770 „omme
1197 1715 1285 1772 pam,
1302 1720 1353 1773 me,-
1373 1720 1463 1794 (gwn-
1480 1738 1507 1788 v,
1523 1721 1585 1793 45).
1613 1726 1756 1780 Assum

119 1819 185 1872 qua.
199 1802 285 1855 Voces
298 1797 454 1869 angelorum
470 1794 571 1850 suntin
586 1792 666 1848 laude
681 1791 839 1856 conditoris,
852 1790 911 1860 ipsa
961 1811 1053 1857 amem
1075 1802 1162 1859 laudis
1183 1805 1347 1862 versiculum
1370 1808 1455 1864 ΝΜ
1481 1809 1518 1864 de
1546 1810 1664 1880 psalmo
1683 1828 1755 1879 cm·

122 1891 267 1949 admiratio
278 1890 378 1945 intimae
388 1885 632 1956 contemplationis.
647 1883 747 1951 Quales
756 1898 820 1954 ergo
832 1897 912 1952 opor·
960 1909 1041 1965 quem
1059 1897 1093 1951 ge
1118 1896 1232 1953 pomino
1254 1914 1316 1955 esse
1341 1910 1479 1956 mmmm
1509 1903 1698 1961 manifestum
1713 1916 1754 1971 Q

120 1977 912 2052 tetcssevoccsnostras,quasinconspeetulleicumange
961 1986 1116 2055 quodenim
1132 1987 1236 2051 dicum,
1254 1988 1373 2058 omna,
1389 1991 1442 2046 hoc
1461 1999 1515 2056 est,
1540 1995 1620 2063 quod
1638 1996 1680 2050 ihi
1701 1996 1757 2053 ffi-

120 2077 181 2132 licis
192 2075 314 2130 laudibus
324 2069 626 2143 deprecamuradmitti,
640 2069 733 2135 idest,
749 2067 912 2123 intromitti?
962 2083 1022 2130 tur:
1040 2074 1196 2144 Obomiae,
1213 2077 1313 2132 caleam
1323 2097 1364 2134 me
1374 2080 1427 2150 foe,
1440 2098 1455 2135 ο
1466 2080 1596 2150 Domine,
1610 2101 1756 2156 prosperan

122 2167 221 2238 Utique
235 2166 302 2220 tales
314 2179 395 2219 voces
407 2177 459 2217 non
469 2170 534 2216 sunt
546 2163 572 2216 iu
584 2176 650 2216 sono
661 2161 727 2224 oris,
741 2160 789 2215 sed
804 2160 831 2213 in
843 2159 913 2214 desi·
962 2159 1133 2232 (Paclmxvn,
1147 2164 1192 2236 25)
1209 2181 1217 2232 ;
1229 2173 1257 2221 et
1275 2168 1366 2221 statim
1381 2169 1483 2224 eisdem
1507 2171 1609 2227 verbis
1625 2173 1756 2244 subiungi·

121 2258 197 2313 derio
204 2256 303 2312 cordis.
311 2254 475 2310 lloccsenim
485 2251 758 2322 apudseeretissimas
771 2265 852 2304 aures
864 2249 913 2305 Dei
962 2262 1006 2309 tur
1019 2273 1025 2309 :
1039 2253 1194 2310 Benedictus
1218 2257 1264 2327 qai
1291 2258 1359 2312 oenit
1371 2260 1518 2314 innomine
1536 2260 1665 2316 llomini.
1691 2262 1754 2331 Quat

121 2349 284 2406 nontamen
295 2348 489 2412 vernanasua,
501 2343 705 2409 scolasticam
717 2341 914 2411 ecqutasuper-
960 2360 1027 2400 vero
1037 2343 1209 2417 subiungitur
1219 2344 1338 2413 ecanae,
1355 2348 1382 2403 m
1397 2356 1449 2415 est,
1459 2348 1538 2404 satus
1554 2351 1619 2406 sive
1633 2352 1753 2420 saviae,

120 2456 156 2497 ua
162 2441 258 2495 civitas
265 2437 602 2511 exangelisethominibus
609 2433 828 2501 constat,merito
835 2448 913 2488 sane-
962 2435 989 2489 in
1003 2435 1122 2500 eccelsia,
1137 2444 1231 2505 aperte
1242 2437 1320 2492 docet
1338 2437 1484 2494 adventum
1500 2441 1618 2497 Domini
1632 2445 1661 2499 in
1675 2461 1753 2509 came,

121 2538 150 2588 ta
160 2530 288 2593 Ecclesia,
298 2527 417 2599 queeillis
432 2527 559 2582 socianda
565 2532 608 2580 est
620 2523 734 2587 incaelo,
748 2530 776 2577 et
789 2521 913 2577 cumillis
961 2539 1015 2578 non
1030 2525 1235 2580 solumhumani
1246 2529 1352 2597 generis
1366 2529 1393 2584 in
1408 2539 1492 2598 terra,
1505 2534 1555 2587 sed
1565 2543 1596 2587 et
1608 2535 1753 2607 angelorum

120 2606 150 2680 ln
166 2624 213 2679 Dei
225 2621 350 2677 laudibus
368 2614 623 2691 permansura,jam
634 2630 707 2670 nunc
718 2613 784 2685 ipsis
800 2612 913 2668 vocibus
962 2615 990 2672 in
1006 2616 1082 2672 coetis
1107 2632 1168 2673 esse
1193 2619 1326 2674 saluum:
1343 2621 1407 2692 quia
1422 2620 1487 2678 dum
1503 2639 1556 2680 nos
1579 2627 1715 2700 redempti
1726 2628 1753 2682 al

121 2716 206 2772 ileum
228 2713 359 2771 laudatio
387 2711 478 2777 torris,
502 2708 601 2780 quihus
625 2723 687 2765 eum
713 2705 800 2762 sancti
825 2704 913 2776 angeli
962 2720 1078 2778 superna
1092 2708 1274 2778 perducimur,
1297 2726 1392 2767 eorum
1409 2728 1556 2781 numerus,
1586 2717 1638 2787 qui
1652 2720 1753 2774 enimn

120 2809 233 2864 laudant
245 2808 273 2862 in
283 2805 379 2862 ecelis:
396 2811 425 2859 et
435 2805 489 2859 boc
498 2818 552 2857 non
566 2800 683 2871 superba
691 2797 912 2870 praesumptione,
964 2795 1064 2854 &tana
1088 2808 1148 2855 erat
1171 2800 1351 2868 imminutus,
1379 2803 1518 2874 impletur.
1550 2805 1645 2864 Recte
1664 2808 1752 2882 igitar,

120 2899 170 2955 sed
188 2895 300 2968 supplici
318 2892 489 2962 consessione,
513 2890 612 2957 idest,
643 2889 740 2945 humili
755 2889 855 2955 laudo;
874 2887 914 2944 sic
965 2888 1074 2947 Oceano
1089 2892 1249 2960 inercelsie,
1278 2893 1306 2949 in
1323 2893 1473 2965 ejuslaude
1494 2898 1624 2965 canitur,
1648 2902 1691 2955 eui
1708 2909 1753 2956 tan

120 2991 279 3048 desiderans
305 2987 475 3058 majestatem
492 2983 539 3039 Dei
555 2982 667 3038 eredere
683 2989 712 3037 et
736 2979 859 3036 confiteri
884 2978 913 3035 iu
965 2979 1161 3036 incarnationis
1174 2980 1338 3052 dispensatio
1348 2997 1398 3053 pro
1409 2983 1549 3055 implenda
1566 2987 1657 3058 gloria
1672 2990 1754 3061 patrie

122 3082 233 3147 mundo,
246 3081 316 3135 sicut
333 3077 367 3132 ab
380 3075 484 3146 angelis
496 3074 604 3129 ridetur
617 3078 645 3128 et
667 3069 832 3126 laudatoria
856 3041 949 3125 cce·c
964 3072 1083 3128 eoelestis
1097 3075 1230 3146 apparuit.
1248 3074 1392 3144 llucnsque
1405 3073 1533 3147 praelatio
1548 3085 1580 3135 et
1596 3082 1752 3147 exhortatio,

121 3172 170 3239 lo;
195 3173 253 3227 haec
268 3170 341 3225 enim
368 3165 502 3224 contessio
520 3179 574 3218 non
592 3171 636 3218 est
655 3159 771 3234 peceati,
790 3157 838 3214 sed
858 3158 913 3213 lau-
965 3162 1028 3220 iiiiii
1046 3166 1199 3221 obsecrasti,
1218 3167 1350 3236 sequitur,

120 3263 165 3319 dis
176 3271 203 3317 et
217 3262 366 3332 gratiarum
379 3258 503 3314 actionis.
520 3256 579 3312 llna
591 3255 674 3327 igitur
686 3252 866 3316 confessione,
885 3250 913 3306 id
998 3253 1064 3311 Post
1078 3256 1129 3310 has
1153 3256 1245 3311 laudes
1257 3262 1285 3311 et
1307 3257 1455 3328 gratiarum
1468 3259 1602 3316 actiones
1626 3277 1678 3332 pro
1688 3269 1751 3317 nuta

120 3362 174 3419 est,
191 3352 273 3406 laude
296 3350 482 3421 etgratiarum
497 3347 604 3402 actione
615 3347 672 3418 jam
695 3360 768 3401 nune
789 3345 912 3398 homines
964 3346 1052 3417 gratia
1065 3346 1259 3416 redemptionis
1269 3354 1379 3414 nestrae,
1398 3362 1459 3416 quae
1484 3348 1513 3403 in
1537 3349 1588 3405 illo
1605 3351 1751 3422 divinomy·

121 3459 184 3498 eum
197 3440 300 3513 augelis
324 3441 474 3505 sociantur,
498 3438 639 3493 laudantes
663 3437 696 3492 de
717 3436 872 3492 coelestibus
886 3446 915 3492 et
964 3436 1048 3491 sterio
1058 3436 1147 3508 agitur
1158 3445 1185 3492 et
1199 3437 1415 3503 commendatur,
1439 3436 1516 3494 iacto
1530 3439 1620 3496 totius
1636 3440 1751 3497 Ecclesia

122 3531 311 3594 terrestribus,
333 3538 463 3599 tantinum
477 3542 550 3593 eum,
565 3527 610 3596 qui
628 3525 693 3581 lecit
704 3525 803 3582 coelnm
818 3536 845 3580 et
859 3533 914 3578 ter-
964 3528 1080 3593 silentio,
1100 3529 1128 3583 in
1150 3545 1204 3598 qino
1228 3540 1351 3586 cessante
1369 3531 1442 3585 omui
1458 3532 1582 3602 strepitu
1604 3535 1750 3597 remoram,

123 3638 193 3688 ram,
212 3629 239 3676 θῑ
250 3621 371 3676 diceutes
385 3638 391 3673 2
406 3618 531 3683 sanciti,
551 3615 675 3681 Sanctae,
695 3615 810 3671 Sanctae
823 3615 914 3669 Domi·
963 3619 1018 3676 sola
1035 3620 1068 3675 ad
1084 3619 1169 3675 Deum
1182 3622 1306 3693 dirigitur
1318 3622 1441 3688 intentio,
1455 3632 1484 3677 et
1497 3623 1615 3681 devotio
1628 3626 1749 3690 eordin,

122 3731 171 3770 noe
186 3713 257 3768 Deos
276 3709 401 3776 Sabaoth,
416 3708 488 3780 pleni
510 3716 571 3763 eant
590 3706 667 3780 (lsai.
683 3722 722 3772 vr,
737 3705 781 3798 5)..
801 3714 829 3761 et
848 3706 913 3761 reli·
963 3712 1073 3769 sociatis
1083 3713 1133 3768 sihi
1145 3712 1341 3768 omniumvotis
1353 3721 1379 3768 ea
1389 3712 1549 3782 desideriis,
1564 3717 1752 3789 incipimoei.

122 3821 185 3878 qua.
199 3805 259 3860 istae
276 3813 340 3858 sunt
352 3816 433 3858 voees
449 3801 605 3873 angelorum
623 3799 792 3855 laudantium
816 3799 843 3854 in
855 3814 912 3856 coe·
967 3804 1017 3860 dos
1033 3803 1184 3858 orationem
1201 3802 1322 3870 laudere,
1350 3819 1401 3873 qua
1426 3803 1519 3874 ipsum
1531 3810 1697 3880 mysterium
1707 3808 1751 3865 be

121 3899 165 3954 lis.
186 3896 263 3951 llunc
272 3897 401 3966 hymnum
414 3893 506 3965 gloriae
519 3892 578 3959 bei,
596 3902 623 3949 et
648 3894 732 3949 isaias
757 3907 787 3948 se
807 3893 914 3948 audisse
963 3896 1056 3952 minici
1071 3895 1193 3966 eorporis
1211 3897 1389 3966 etsangninis
1411 3908 1609 3956 consecratur.
1624 3899 1671 3958 Sic
1689 3901 1750 3957 eain

122 3994 281 4054 mmuh&
292 3983 409 4039 J⁰²¹¹¹¹¹⁰⁸
424 3981 617 4055 inhpocalypsi
630 3981 721 4056 (Alme
736 3998 773 4048 lt,
789 3981 829 4055 8)·
842 3982 913 4052 Ergo
964 3994 1109 4057 oporteant
1123 3987 1150 4040 in
1167 3986 1209 4040 illa
1227 3987 1293 4040 hom
1308 3993 1364 4040 mm
1380 4002 1465 4043 sacrae
1481 3997 1512 4043 et
1526 3990 1632 4048 divinae
1649 3990 1750 4048 adimis

121 4094 176 4134 non
191 4078 309 4133 humano
323 4075 435 4131 arbitrio
448 4117 456 4141 ,
470 4077 518 4131 sed
532 4077 674 4144 utriusque
688 4075 836 4145 Scriptura)
846 4090 913 4130 auc·
964 4088 1082 4149 totaper
1094 4079 1141 4133 liei
1155 4077 1269 4150 gratiam
1287 4094 1302 4132 a
1314 4080 1431 4134 terrenis
1442 4082 1664 4152 cogitationibus
1673 4092 1749 4139 menie

122 4172 233 4228 toritate
257 4169 411 4241 conjuncta,
428 4168 545 4224 dicimus
571 4175 614 4223 ter
627 4165 752 4232 Senator,
779 4174 807 4221 et
830 4165 913 4221 semel
964 4179 1087 4240 separata
1101 4176 1129 4225 et
1143 4169 1256 4226 ecclesia
1270 4184 1333 4223 cum
1346 4169 1497 4236 sacerdote,
1512 4179 1541 4227 et
1554 4175 1685 4230 sacerdos
1695 4187 1748 4227 cara

121 4267 250 4322 Dominus
265 4305 272 4330 a
289 4272 320 4318 ut
338 4263 512 4318 ⁰⁵²0¹¹d³¹¹¹¹¹⁵
539 4260 752 4331 0¹¹¹¹¹lll⁰l0¹¹¹e¹1¹
774 4259 870 4324 Deum,
885 4265 912 4312 ei
963 4261 1082 4317 Ecclesia
1095 4261 1208 4333 spiritali
1222 4260 1356 4316 desiderio
1373 4261 1455 4317 intret
1470 4263 1499 4317 in
1512 4263 1748 4321 sanctuarimnllei

122 4356 272 4410 trinitatem
285 4353 311 4408 in
327 4351 452 4422 personis
465 4350 577 4419 habere,
601 4357 630 4405 et
641 4349 774 4405 unitatem
798 4350 825 4403 iu
848 4349 912 4404 sub·
923 4383 950 4444 D
963 4359 1093 4407 eminam
1102 4360 1129 4406 et
1141 4366 1289 4421 supernum
1300 4367 1307 4405 ε
1320 4360 1348 4406 et
1359 4351 1488 4421 quoniam
1502 4354 1621 4424 spiritate
1631 4365 1669 4411 ert
1678 4353 1746 4413 bea,

122 4444 233 4500 stantia.
253 4441 368 4498 Sabaoth
392 4448 482 4496 autem
510 4454 593 4494 unum
618 4447 704 4494 estex
717 4438 811 4493 decem
825 4442 913 4496 nomi·
963 4450 988 4496 ct
1002 4458 1045 4496 eae
1059 4442 1103 4514 qni
1120 4442 1232 4496 adornat
1246 4459 1314 4507 earm,
1340 4442 1473 4513 inspicite
1490 4453 1516 4497 et
1527 4447 1646 4501 ventare
1662 4452 1747 4516 opertet

122 4536 202 4592 nibus
226 4533 274 4588 Dei
291 4532 362 4603 apud
385 4530 523 4595 liebraeos,
550 4538 577 4584 et
602 4528 807 4600 interpretatur,
838 4546 914 4586 exer·
964 4532 1076 4587 odorere
1091 4532 1487 4605 (lounmrfilisieeumdem
1501 4533 1748 4591 Patremlleumde·

124 4630 243 4693 cituum,
268 4626 326 4681 sire
354 4625 507 4690 virtutum,
527 4622 570 4677 rel
591 4621 759 4676 militiarum.
784 4621 914 4679 Dominus
963 4631 1110 4695 precetur:
1129 4622 1266 4694 Teigiter,
1279 4621 1477 4677 clementissime
1492 4621 1595 4692 Pater,
1610 4625 1745 4694 etreliqm

123 4728 214 4775 autem
227 4716 357 4781 Sabaoth,
383 4714 513 4769 Dominus
533 4712 704 4783 omnipotens
724 4709 831 4776 dieitur,
849 4712 912 4781 quia
963 4712 1081 4779 ideirco,
1099 4721 1130 4767 ut
1144 4712 1243 4779 lerunt,
1256 4711 1421 4767 cousuetudo
1440 4711 1564 4768 venitin
1584 4715 1745 4778 Ecclesiam

122 4812 211 4868 omnis
225 4809 361 4866 exereitus
386 4814 414 4862 et
434 4805 537 4861 miiitiae
563 4805 732 4875 virtutesque
756 4804 912 4875 angelorum
963 4805 1045 4861 tacite
1058 4807 1109 4861 ista
1123 4804 1277 4861 obsecratio
1294 4812 1374 4874 atque
1398 4805 1574 4860 consecratio
1592 4805 1746 4862 asaoerltlt

123 4903 163 4959 illi
190 4901 322 4959 serviunt.
351 4899 496 4970 Angelicos
519 4907 611 4954 autem
637 4898 913 4969 spiritus‚rectemi·
963 4904 1097 4962 cantetur,
1109 4911 1143 4951 ne
1156 4896 1240 4951 rerba
1254 4903 1309 4950 tam
1327 4909 1416 4960 saera,
1431 4901 1460 4950 et
1482 4895 1644 4953 adtentum
1665 4903 1745 4967 mmtc

122 4997 210 5052 liliam
222 4994 348 5058 dicimus,
364 4991 428 5063 quia
440 4991 580 5046 decertare
591 5005 638 5047 ees
653 4998 746 5046 eontra
757 5005 851 5046 aereas
865 5005 913 5062 po
962 4987 1033 5042 rium
1054 4986 1227 5056 pertinentia,
1240 4985 1411 5051 vilescerent,
1429 4985 1494 5040 dum
1508 5000 1586 5056 pene
1599 5002 1694 5043 omnes
1708 4999 1745 5055 ptr

123 5097 236 5145 testates
249 5103 303 5142 uon
316 5086 482 5158 ignoramus.
502 5082 567 5152 Quae
590 5091 679 5138 tamen
696 5083 844 5139 certamina
858 5098 912 5138 non
962 5091 1041 5131 usum
1053 5090 1084 5131 θα
1105 5075 1274 5140 retinentes,
1291 5088 1342 5144 per
1352 5075 1428 5130 ticos
1438 5081 1467 5129 et
1482 5073 1596 5144 plateas
1608 5077 1717 5147 aliisque
1724 5074 1746 5126 it

125 5180 230 5244 labore,
256 5177 305 5234 sed
332 5175 448 5246 imperio
464 5181 618 5246 peragunt,
649 5174 713 5242 quia
741 5173 812 5243 quod
829 5188 911 5244 agen·
961 5169 1045 5234 locis,
1058 5168 1103 5222 uhi
1118 5182 1172 5222 nou
1183 5167 1343 5222 conveniret
1356 5207 1362 5230 ,
1377 5179 1409 5220 ea
1420 5164 1618 5223 decantaoent.
1633 5168 1695 5223 lude
1703 5164 1746 5219 ler-

122 5275 185 5328 dum
198 5278 293 5326 eontra
309 5266 462 5322 immundos
478 5264 590 5337 spiritus
603 5269 743 5334 appetunt,
759 5276 792 5316 ex
807 5262 911 5331 adjuto·
963 5270 1008 5314 tur
1019 5259 1090 5329 qnod
1105 5267 1250 5328 antequam
1261 5259 1321 5313 haec
1332 5256 1502 5313 consuetudo
1511 5258 1684 5324 inolevisset,
1695 5268 1747 5313 cum

121 5365 163 5419 rio
174 5371 272 5418 cuncta
293 5360 410 5434 regentis
427 5367 550 5428 possunt.
566 5355 670 5422 Gloria,
697 5356 724 5411 id
736 5364 787 5420 est,
815 5355 912 5410 divini·
962 5361 1086 5423 pastores
1097 5367 1129 5407 ea
1140 5351 1314 5407 decantarent
1329 5350 1357 5404 in
1375 5364 1457 5421 agro,
1474 5350 1614 5409 dinaitus
1627 5360 1748 5422 suntpct·

123 5463 176 5509 tate
189 5452 259 5523 ejus,
286 5451 356 5522 pleni
379 5462 440 5506 aurat
461 5449 518 5506 celi
528 5459 551 5504 et
564 5459 646 5514 terra,
659 5456 687 5504 et
700 5447 790 5503 omnia
806 5446 910 5518 implet,
964 5440 1047 5505 eussi.
1065 5448 1137 5503 llicit
1161 5462 1225 5518 ergo
1250 5446 1402 5503 sacerdos:
1436 5442 1580 5516 Supplices
1596 5459 1715 5520 regnam
1728 5449 1747 5494 et

118 5540 196 5610 juxta
212 5543 282 5613 qinod
296 5543 352 5614 ipse
368 5543 453 5599 dicit:
479 5542 576 5598 Gelam
592 5551 617 5596 et
639 5546 736 5595 terrem
754 5556 802 5611 ego
816 5537 911 5610 impleo
964 5541 1084 5614 petimus,
1100 5551 1128 5595 et
1138 5541 1191 5596 hoc
1202 5554 1251 5612 per
1260 5538 1352 5595 lesum
1365 5536 1515 5605 Christum,
1535 5554 1592 5611 per
1606 5554 1687 5612 quem
1700 5538 1748 5593 oue

157 5664 172 5694 ι
186 5650 244 5707 tit.
260 5653 534 5722 epistolamhmelarii
549 5654 581 5709 ad
595 5651 909 5724 llettoucmlmonachum
926 5651 996 5721 apud
1009 5652 1145 5710 d'hcherii
1163 5651 1303 5726 spicileg,
1317 5662 1383 5709 tom.
1398 5649 1442 5716 lll,
1454 5666 1517 5726 pag.
1533 5650 1602 5708 eet.
