3780 6120
118 330 189 388 lili
547 324 578 380 B.
599 323 630 380 F.
652 323 764 379 hLlilhl
786 321 852 382 SEU
872 321 1012 380 suculitt
1031 319 1175 378 obtutui
1194 319 1285 378 PARS
1302 318 1350 375 lh.
1612 357 1618 366 .
1706 318 1772 375 libb

115 447 258 507 ιιιιιιιιιιιι
282 444 371 501 sidens
399 442 550 498 occubuisse
567 441 671 504 ilarorr,
689 440 760 510 fissit
783 454 863 505 super
881 457 912 494 eo
922 447 948 503 Α
964 438 1025 494 ideo
1037 437 1332 510 repetitnrdciunctis,
1351 437 1480 507 quostiam
1494 437 1642 494 mimus·
1653 437 1775 509 qualiter

119 520 226 607 erloinus
238 537 340 601 dietas,
350 545 375 591 et
388 534 497 606 lloysen
508 535 634 604 fleuerunt
646 530 696 601 fitis
709 529 795 588 lsrael
805 532 833 586 itt
844 548 916 587 enos·
964 542 1059 585 eorum
1071 544 1155 586 causa
1168 530 1302 585 habeatur
1315 528 1342 583 in
1358 528 1411 583 alia
1424 526 1492 584 rita.

116 599 246 700 pestribu
264 628 343 685 lioab
354 629 464 700 inpinm
473 627 564 682 diebus
575 624 665 698 (Desa.
674 639 768 690 miv,
779 624 818 696 8).
830 623 915 680 David
1269 667 1385 725 CAPUT
1413 668 1445 723 U

119 723 207 782 ettilii
226 722 310 779 lsrael
329 721 521 793 ieiunaverunt
541 732 592 789 pro
612 715 688 782 Saul,
703 725 731 772 et
752 716 916 787 plauserunt
1449 708 1456 722 '

120 831 182 873 mm
195 815 305 888 planem
321 813 450 870 maimo·
466 811 500 865 Εἰ
514 810 542 864 5„
556 807 638 863 Libro
658 805 803 879 smum
816 807 850 864 de
862 815 916 863 m..
1021 800 1081 844 enu
1099 802 1217 854 asarta,
1237 801 1352 842 seram
1375 799 1410 841 or
1430 801 1580 842 natussum
1600 802 1652 841 nse
1672 801 1726 843 rso

120 913 169 978 tio,
185 909 302 982 septimo
321 917 403 978 atque
414 901 609 977 trigesimudle
628 918 636 958 :
656 899 722 956 rito
735 902 764 956 is
781 910 917 957 morosane
1283 893 1439 934 mm·

120 1000 498 1074 praeonominatum
516 1012 623 1067 pauca:
640 994 754 1067 Propter
766 993 916 1050 deistsrsot
1004 993 1093 1049 Tertio
1119 991 1176 1046 dies
1201 989 1359 1060 specialiter
1384 1005 1434 1061 pro
1461 991 1563 1047 animm
1597 990 1772 1047 absolutione

121 1106 209 1152 ostem
223 1110 316 1151 notare
330 1093 372 1164 [er
383 1091 484 1147 lustuns
497 1088 580 1146 illias.
597 1088 631 1143 lit
643 1087 743 1144 iterum
764 1103 772 1140 ι
797 1081 856 1140 Fae
874 1086 917 1139 ιιι·
966 1085 1130 1149 celebratur,
1149 1083 1213 1155 quia
1227 1081 1354 1138 videlieet
1373 1083 1487 1155 triplicis
1510 1091 1556 1140 est
1579 1093 1707 1148 naturae,
1722 1085 1769 1141 ira-

121 1201 193 1246 ctsor
215 1188 360 1244 secartdsm
383 1187 507 1241 meritam
525 1184 584 1255 eise
606 1199 659 1238 uno
680 1181 734 1247 die,
755 1179 795 1236 oei
813 1178 916 1233 dandas
967 1177 1079 1243 scibilis,
1093 1175 1325 1248 concupiscibilis,
1338 1183 1367 1232 et
1381 1176 1524 1233 rationalis
1541 1195 1548 1231 z
1566 1186 1597 1233 et
1613 1177 1684 1248 quia
1699 1179 1768 1251 inps-

121 1290 227 1354 propter
248 1279 437 1335 detractionem
463 1275 569 1349 (ticeli.
589 1289 707 1338 aarum,
718 1272 770 1329 ld·
779 1267 810 1329 18
821 1272 841 1344 i.
864 1269 916 1326 libi
967 1271 1014 1327 nio
1027 1272 1112 1342 viget,
1126 1269 1276 1336 intellectu,
1290 1277 1317 1326 et
1331 1271 1473 1327 mernorin.
1488 1271 1612 1342 Propter
1626 1272 1684 1328 boc
1696 1272 1769 1345 igitur

121 1372 210 1445 prium
218 1370 296 1435 dixit,
307 1378 420 1440 propter
435 1367 589 1423 delaturam
599 1381 654 1421 uno
667 1364 711 1420 die
724 1362 917 1427 lieri'luctum,
967 1363 1133 1421 sacrificium
1148 1363 1192 1419 die
1205 1365 1286 1419 tertia
1299 1364 1448 1436 perapiuu,
1464 1372 1495 1420 ut
1513 1352 1539 1421 si
1553 1364 1627 1436 quid
1644 1365 1767 1422 temulee

121 1474 149 1522 et
163 1476 257 1536 postea
269 1470 381 1535 propter
390 1461 597 1526 detractionem,
610 1477 663 1515 sse
681 1458 721 1514 oei
733 1456 845 1523 dsoias,
860 1463 919 1512 tres
968 1465 1026 1512 tum
1041 1454 1119 1529 [dod.
1130 1453 1204 1521 Vnt,
1214 1455 1397 1529 oeouientum]
1408 1471 1442 1513 ex
1455 1457 1550 1514 carnis
1563 1456 1766 1515 cohabitatione

121 1559 180 1614 dies
195 1556 346 1613 introduxit
371 1556 400 1610 in
419 1536 532 1609 luctum.
554 1551 726 1623 Quapropter
746 1555 775 1606 et
798 1563 850 1605 nos
867 1562 919 1618 pru
968 1547 1115 1614 contraxit,
1127 1547 1297 1614 obliteretnr,
1311 1555 1339 1603 et
1351 1556 1452 1604 sinetae
1462 1547 1615 1605 Trinitatis
1625 1548 1764 1606 sinunt

122 1648 199 1703 vaide
218 1647 389 1703 cbarissimis
397 1644 523 1716 jejunare
535 1658 584 1699 sen
605 1643 793 1713 eleemosynas
816 1638 917 1704 iacere,
972 1647 1125 1711 reparetur.

122 1748 205 1810 atque
220 1738 335 1793 interius
347 1752 397 1807 pro
408 1751 504 1793 eorum
518 1734 640 1790 reatibru
652 1731 718 1787 dere
735 1730 875 1794 debemus,
888 1736 919 1783 ut
1006 1730 1068 1786 Dies
1088 1731 1213 1801 septimas
1236 1731 1414 1789 nibilominus
1427 1732 1524 1791 oliiciis
1545 1735 1702 1807 deputatur
1720 1738 1766 1793 eis-

123 1829 196 1903 quud
214 1828 252 1886 ilii
266 1831 294 1886 in
309 1829 364 1884 rita
377 1829 531 1883 debuerunt
546 1824 646 1890 iuuere,
658 1831 687 1879 et
706 1837 760 1879 nam
783 1821 917 1884 iecerunt,
935 1801 957 1861 Β
972 1823 1046 1891 dero,
1058 1831 1089 1880 ιι
1104 1823 1196 1879 anima
1208 1840 1259 1881 suo
1271 1826 1381 1897 corpori
1403 1823 1605 1884 reconcilietur
1620 1845 1629 1882 ι
1645 1836 1766 1900 septens-

124 1921 220 1978 sallem
232 1937 283 1977 uos
295 1919 411 1992 proillio
429 1934 492 1975 otim
511 1916 560 1973 Del
586 1915 687 1972 auxilio
710 1913 918 1984 adimpleamus·
970 1918 1029 1974 rius
1040 1932 1159 1992 namque
1173 1935 1305 1976 numeros
1317 1934 1351 1974 ex
1363 1919 1484 1976 ternario
1494 1929 1612 1977 consur
1625 1929 1768 1995 ecquam.

157 2013 264 2069 interca
277 2012 373 2068 dicunt
394 2010 493 2081 aliqui,
516 2017 607 2064 utrum
631 2023 681 2079 pro
700 2004 827 2061 onariibus
841 2002 919 2059 cort·
970 2007 1061 2071 nario,
1078 2012 1108 2062 et
1121 2006 1259 2063 ternarius
1281 2006 1379 2062 animm
1407 2005 1551 2073 tribuitur,
1577 2010 1770 2080 quaternarios

123 2104 220 2162 suanis
239 2103 344 2159 licitum
363 2102 399 2157 sit
416 2101 515 2156 missas
534 2097 691 2155 celebrare?
706 2095 776 2152 ilinc
788 2093 919 2166 Augusti·
970 2097 1077 2168 corpori
1093 2095 1250 2167 deputatur,
1267 2104 1378 2168 propter
1392 2105 1512 2168 quatuor
1523 2098 1703 2166 notissimos,
1716 2101 1771 2173 qm-

125 2215 177 2255 nus
192 2208 217 2252 ¹.
243 2196 336 2268 Neque
354 2194 508 2267 negandum
531 2200 575 2249 est
597 2189 788 2246 detunctorum
813 2187 921 2244 animas
971 2189 1022 2247 bus
1034 2196 1154 2255 constat,
1167 2188 1307 2245 humores.
1322 2186 1371 2243 sss
1384 2203 1450 2262 ergo
1470 2189 1551 2260 quasi
1571 2190 1705 2261 quedam
1718 2191 1768 2248 risa

125 2294 227 2365 pietate
251 2306 362 2349 suorum
384 2288 532 2345 viventium
555 2283 683 2350 revelari,
709 2298 772 2340 cum
793 2296 845 2354 pro
868 2279 922 2335 iliis
971 2281 1096 2354 corporis
1119 2289 1147 2339 et
1170 2281 1286 2348 animae,
1311 2296 1372 2352 quc
1390 2295 1473 2338 carne
1491 2282 1642 2350 illiciente,
1663 2298 1771 2358 amone

125 2382 292 2442 sacrificinm
315 2381 475 2440 mediatoris
496 2377 619 2444 oliertm,
634 2376 677 2433 vel
698 2374 876 2446 eleemosynae
893 2373 920 2429 in
972 2374 1030 2431 suis
1045 2373 1181 2431 illecebris
1202 2373 1367 2438 attrahente,
1381 2373 1515 2444 peccaro.
1545 2373 1586 2432 Ut
1603 2388 1675 2448 ergo
1688 2376 1768 2432 anima

127 2474 248 2532 Ecclesia
263 2472 341 2530 liunt.
364 2471 419 2529 Seri
436 2472 548 2528 eisbaec
565 2477 690 2541 prosunt,
710 2467 757 2541 qui
772 2480 835 2523 cum
847 2464 922 2522 rivo·
972 2482 1023 2522 suo
1047 2467 1155 2536 corpori
1179 2463 1352 2537 pacificetur,
1375 2465 1567 2522 holocaustum
1594 2467 1715 2540 sspm
1733 2468 1771 2525 ἅ

126 2577 198 2635 rcnt,
219 2567 277 2624 nne
295 2567 347 2623 sibi
370 2574 399 2621 ut
418 2574 513 2637 postea
527 2564 657 2636 prodesse
673 2569 795 2633 possent,
815 2570 921 2615 merrae·
973 2555 1052 2630 [lds.,
1064 2556 1172 2629 septimi
1184 2556 1249 2630 diei]
1263 2558 1413 2629 peragitur.
1430 2557 1471 2613 lid
1484 2557 1539 2614 hoc
1554 2556 1635 2615 forte
1648 2561 1771 2632 pertinet,

126 2668 199 2718 runt.
218 2660 268 2717 list
280 2659 353 2716 enim
363 2659 475 2731 quidum
489 2656 596 2726 uiuendi
611 2653 718 2720 modus,
736 2669 789 2710 nec
802 2660 858 2709 ιιιι
871 2651 921 2708 bo·
972 2649 1045 2720 quod
1064 2648 1093 2704 in
1110 2647 1183 2704 libro
1195 2647 1380 2704 Ecclesiastici
1401 2648 1502 2703 dicitur
1516 2665 1523 2703 ι
1540 2647 1652 2706 bonaso
1670 2652 1771 2717 nond,

128 2768 182 2810 nus
206 2760 238 2808 nt
257 2767 312 2808 non
339 2750 462 2823 requnn
487 2749 538 2804 ista
562 2753 771 2818 mormorion,
792 2759 844 2801 nec
864 2751 921 2799 am
972 2749 1068 2811 sotem
1087 2737 1563 2806 sseo:tnomnontont,om
1578 2741 1774 2814 diutinus

125 2844 215 2902 maius
232 2843 300 2899 utel
317 2858 371 2899 non
384 2843 491 2915 prosint
505 2841 557 2897 ista
569 2847 632 2912 post
643 2846 770 2895 mortem.
791 2837 840 2894 Est
855 2851 922 2893 sero
973 2829 1069 2904 (Eruli.
1091 2846 1160 2896 arra,
1174 2830 1230 2902 it).
1252 2830 1316 2887 llaec
1329 2831 1365 2887 de
1379 2830 1459 2886 tertis
1473 2840 1503 2888 et
1517 2833 1646 2904 septima
1659 2837 1714 2902 dic,
1731 2853 1775 2893 aa·

125 2935 190 2993 talis
203 2935 231 2991 in
245 2935 328 3001 bono,
338 2941 369 2990 ιι
382 2936 440 2990 irco
450 2950 503 2989 non
514 2932 650 3004 requirat3
665 2940 692 2989 et
702 2939 847 2988 estrursns
857 2930 923 2989 talis
972 2920 1128 2977 θῑθιῑῑιῑῑιθ
1140 2921 1251 2992 quidem
1265 2919 1546 2995 [fflotutloriltlltt
1557 2926 1703 3002 quadam}
1716 2929 1772 2986 bm-

125 3027 154 3081 in
167 3023 509 3092 malo,utnecbisvaleat‚
520 3024 629 3081 cumab
643 3024 695 3080 bac
706 3023 762 3079 rita
771 3023 920 3089 transierit,
972 3010 1045 3066 Vliet
1066 3010 1195 3066 illimus·

125 3116 259 3188 adunari.
296 3115 468 3189 Quapropter
489 3123 597 3187 oportet
619 3129 671 3185 pro
690 3112 817 3170 omnibus
843 3128 921 3185 rege-
1008 3101 1144 3160 cultrum
1167 3105 1202 3161 dt
1222 3105 1358 3175 “⁵90th
1382 3104 1426 3161 dle
1448 3106 1476 3163 ἰι
1499 3106 1686 3183 Dialosserum
1703 3110 1774 3169 llbris

88 3252 91 3257 .
126 3209 229 3265 nentis
245 3208 297 3264 ista
312 3208 411 3272 lacere,
427 3215 458 3263 ut
472 3207 668 3263 nulluseornm
682 3204 918 3277 praetennittntur,
934 3184 958 3247 c
972 3198 1088 3269 lesimut
1109 3197 1135 3265 ἅ,
1160 3199 1271 3256 bulum
1295 3184 1660 3277 (littorium‘ttmoepisss
1682 3205 1772 3264 umus

125 3299 161 3356 ad
174 3299 314 3371 ιῐιιιιιιι
331 3298 463 3355 beneficia
482 3298 584 3368 possint
598 3295 919 3367 etdebcantperrenirc.
972 3291 1083 3362 triginta
1112 3291 1251 3349 continuis
1280 3307 1331 3363 pro
1355 3292 1474 3363 quodam
1503 3297 1648 3355 monachu
1667 3298 1773 3356 nomine

162 3385 318 3443 Praesertim
342 3405 403 3442 cum
418 3387 529 3456 quidam
543 3387 579 3442 ab
593 3386 718 3442 hostibus
740 3394 847 3456 captos,
861 3385 922 3440 uin-
970 3381 1049 3437 tusto
1073 3380 1151 3454 [θοι.
1169 3380 1230 3437 Vnt.
1247 3382 1344 3450 onim,
1358 3381 1459 3459 lusto'l,
1480 3385 1598 3459 suique
1620 3387 1773 3448 monario

126 3479 251 3548 cutisque
275 3477 372 3532 ferreis
394 3477 574 3548 mancipatus,
595 3493 610 3531 a
626 3478 744 3548 quodam
767 3493 847 3534 seruo
860 3477 919 3542 ilei,
970 3473 1180 3543 medimnum
1196 3473 1266 3545 ipse,
1279 3475 1316 3532 ob
1326 3475 1416 3532 scelus
1430 3476 1470 3532 rei
1484 3479 1648 3549 peculiaris,
1662 3481 1773 3538 damna·

127 3567 234 3624 scillcet
247 3582 378 3639 germano
399 3581 459 3632 suo,
479 3576 510 3622 ut
526 3568 675 3638 putabatur
689 3575 825 3633 mortuus,
850 3567 921 3624 cele
971 3573 1058 3630 verat,
1076 3564 1174 3621 missas
1187 3573 1216 3622 et
1228 3566 1367 3624 orationes
1380 3568 1581 3638 percelebrari.
1603 3572 1711 3642 Quibus
1729 3590 1772 3632 ex·

126 3658 213 3715 bratis
225 3673 274 3730 pro
288 3673 321 3714 eo
332 3657 455 3728 quotidie
468 3658 560 3714 missis
575 3673 652 3714 more
671 3666 852 3725 mortuorum,
870 3674 921 3715 sm·
970 3655 1059 3728 pletis,
1073 3655 1164 3712 divina
1181 3655 1385 3714 manifestatum
1397 3667 1439 3716 est
1454 3661 1641 3729 revelatione,
1654 3681 1773 3724 conun-

126 3749 238 3824 pissime
250 3749 356 3806 vincula
369 3748 549 3818 solverentur,
564 3751 690 3822 aquibus
702 3759 796 3822 postea
811 3750 920 3808 absolu·
971 3748 1081 3805 nioncm
1105 3757 1319 3821 sanctonumque
1341 3751 1502 3809 societatem
1529 3756 1676 3827 recepisse
1698 3756 1772 3832 [ln.

126 3854 170 3900 ως
185 3851 236 3900 eor„
971 3841 1129 3898 societatem
1155 3841 1311 3915 redditnml.
1337 3842 1400 3899 line
1416 3858 1483 3917 erpo
1493 3843 1643 3904 salutifera
1667 3847 1774 3905 inolent

163 3933 261 3991 Sedet
278 3932 331 3991 boc
345 3934 505 4001 ineundum,
518 3934 582 4006 qnia
598 3937 670 4009 quod
687 3936 778 3995 misse
799 3947 921 3996 mortno-
971 3933 1148 3997 consuetudo,
1165 3941 1196 3987 ut
1217 3932 1358 4005 trigesima
1371 3933 1430 3990 dies
1451 3933 1649 3994 detunctorum
1674 3939 1774 3998 &rods

126 4041 187 4083 nrm
198 4025 302 4097 absque
313 4022 405 4082 Glorin
417 4034 446 4082 et
454 4025 580 4093 Alleluia,
594 4043 642 4085 seu
654 4030 730 4101 pacis
742 4030 836 4087 osculo
849 4031 922 4088 cele·
971 4022 1180 4095 frequententur
1206 4023 1313 4082 offitiis·
1342 4037 1354 4066 ⁸
1379 4024 1539 4099 [Possumus
1568 4028 1657 4086 eliam
1684 4040 1715 4088 ct
1733 4031 1775 4089 bit

129 4116 253 4181 brantur,
268 4114 343 4187 quod
359 4123 401 4171 est
420 4115 549 4172 iudicium
561 4116 672 4184 laetitlae,
688 4119 723 4176 ad
738 4120 920 4179 imitationem
971 4117 1142 4174 auctoritatis
1160 4116 1263 4188 aliquid
1276 4116 1417 4184 adhibere,
1435 4133 1498 4175 nam
1514 4117 1603 4194 514
1613 4121 1711 4180 Aaron
1723 4122 1773 4196 pri-

129 4207 221 4280 apitur
244 4205 406 4271 ciliciorum,
428 4223 490 4278 qum
511 4219 627 4281 aguntur
647 4211 674 4266 in
698 4220 786 4269 morte
801 4214 918 4271 liupuni.
972 4225 1046 4265 mum
1072 4209 1245 4266 sacerdotum
1272 4208 1385 4280 triginta
1409 4210 1505 4268 diebtm
1539 4210 1646 4286 legitur
1671 4214 1774 4272 berisso

127 4297 219 4356 Potest
238 4299 291 4355 boc
312 4299 415 4356 addisci
433 4299 582 4357 inhomiiia
597 4300 724 4374 origenis
742 4305 837 4375 quinta
856 4306 920 4362 iibri
971 4301 1086 4374 populus
1110 4301 1206 4375 (Nom.
1219 4300 1349 4378 ax,3ti).]
1379 4300 1450 4359 Sunt
1471 4302 1520 4377 qui
1541 4304 1644 4364 dicunt
1666 4308 1774 4383 bucael

126 4389 251 4458 lentiei,
263 4391 310 4447 ubi
331 4391 397 4446 dicit
411 4390 445 4445 l³:
461 4410 471 4443 ι
490 4390 661 4449 Sacrificium
671 4409 721 4466 pro
733 4405 845 4465 peccato
866 4413 920 4455 non
971 4409 1023 4465 pro
1043 4393 1211 4466 perfectione
1234 4395 1373 4451 tricenarii
1399 4397 1506 4453 numeri
1528 4414 1620 4457 :narn
1641 4398 1774 4459 Dominus

126 4483 157 4540 it
174 4483 287 4551 inoleo,
312 4483 378 4540 dicit
403 4483 475 4540 enim
497 4502 504 4539 :
526 4484 589 4541 Nos
605 4498 761 4559 superponet
778 4490 803 4544 ei
821 4488 919 4559 oiesm,
971 4485 1084 4559 triginta
1105 4500 1241 4543 annorum
1265 4494 1348 4542 aetate
1371 4487 1527 4559 baptizatus
1548 4499 1605 4547 est.
1632 4492 1671 4550 Et
1691 4493 1774 4552 bavit

125 4592 185 4631 cars
193 4575 253 4648 jero
267 4588 431 4649 properem
443 4586 492 4633 est.
508 4575 584 4646 onon
597 4593 663 4650 erpo
676 4595 727 4651 pro
740 4588 854 4651 peccato
864 4590 918 4650 est,
936 4542 1083 4649 ⁰triginta
1111 4592 1266 4646 annorum,
1295 4579 1373 4653 regui
1399 4583 1519 4653 suscepit
1542 4585 1771 4658 gubernacula

126 4683 177 4723 nec
191 4667 281 4724 oleam
294 4669 407 4736 lmdtim,
429 4685 479 4726 occ
491 4670 555 4725 thus
571 4669 714 4727 suavitatis
728 4670 886 4742 imponitur.
905 4692 916 4728 s
970 4669 1092 4727 Primum
1105 4671 1188 4729 etiam
1201 4671 1355 4740 bominem,
1371 4671 1399 4729 in
1412 4673 1523 4745 triginta
1536 4690 1682 4736 annorum
1696 4690 1772 4738 aetsts

125 4758 166 4816 iic
190 4760 251 4816 ideo
271 4760 480 4832 absqueGlnrin
497 4761 651 4818 etilieisio
667 4763 832 4832 celebratur,
854 4766 919 4838 quia
970 4771 1094 4821 creatum
1118 4763 1245 4821 docteres
1270 4773 1406 4832 asserunt,
1430 4773 1460 4821 et
1481 4773 1580 4824 nostra
1606 4783 1729 4844 corpora
1747 4771 1773 4827 ia

126 4856 185 4905 stne
195 4849 256 4907 oleo
268 4857 297 4908 et
308 4852 388 4907 thure
402 4851 518 4908 Romani
540 4853 569 4909 in
584 4854 747 4926 vespertinis
759 4870 809 4912 sen
819 4855 921 4927 vigiliis
971 4870 1129 4912 mensuram
1150 4856 1240 4912 :emtis
1254 4855 1432 4926 plenitudinis
1453 4854 1572 4927 Christi,
1590 4861 1735 4920 credimus
1748 4870 1773 4920 ct

126 4955 209 5015 atque
222 4945 362 5002 matutinis
373 4944 563 5003 detunctorum
578 4954 635 5005 tres
647 4951 836 5007 tautummodo
847 4950 920 5022 psal-
972 4963 1114 5021 speramus
1131 4957 1335 5006 resurrectura:
1348 4949 1486 5022 multaque
1499 4960 1614 5010 castam
1624 4954 1682 5013 alia
1698 4954 1773 5031 basias

126 5051 186 5091 roos
199 5036 323 5103 recitant,
346 5036 450 5093 scilieet
462 5036 497 5093 ob
511 5036 679 5108 sepulturam
696 5038 851 5096 triduanam
868 5039 920 5096 ilo·
972 5039 1012 5097 rei
1027 5039 1166 5112 mysteria.
1186 5037 1347 5095 celebratur
1364 5055 1430 5114 ergo
1453 5040 1512 5099 dies
1525 5044 1688 5118 tricesima,
1703 5051 1772 5107 ntia

127 5128 204 5182 mini.
219 5126 255 5182 ht
269 5128 306 5195 bi,
321 5130 368 5200 qui
379 5146 428 5201 per
447 5130 644 5186 novennarium
666 5148 823 5199 numerum,
838 5133 919 5190 sicmi
971 5131 1062 5187 anima
1082 5129 1294 5202 incorruptionis
1315 5141 1460 5188 renovetur
1469 5129 1617 5206 juventus,
1632 5150 1664 5196 et
1678 5157 1773 5215 surpru

126 5227 168 5273 ost
183 5218 211 5273 in
223 5217 404 5275 Kalendarum
417 5219 513 5277 diebus
531 5236 579 5278 seu
594 5218 861 5289 Annirersariorum,
878 5239 921 5278 re·
971 5225 1043 5296 qood
1066 5223 1095 5279 ln
1116 5222 1269 5279 bumilitate
1290 5221 1426 5295 sepultum
1450 5222 1562 5294 iuerat,
1591 5242 1724 5306 moringas
1747 5234 1772 5291 in

126 5310 229 5376 ιιιιιιι,
243 5310 361 5380 ilpuraot
376 5312 421 5368 ilia
440 5311 528 5369 oiilcia
544 5313 801 5385 contumeliaque
815 5315 843 5370 in
858 5331 923 5386 pas·
972 5315 1069 5388 pluria,
1088 5314 1285 5388 configuratum
1307 5315 1415 5388 corpori
1430 5315 1566 5377 claritatis
1581 5321 1690 5383 Christi
1701 5324 1774 5400 (ets

126 5397 203 5454 mone
222 5400 328 5456 bomini
355 5402 408 5457 rite
434 5403 617 5460 celebrantur.
644 5401 837 5460 huniversaria
855 5406 917 5463 dies
974 5407 1143 5481 lip.rn,2l).

163 5525 177 5555 ⁸
198 5514 226 5598 ln
242 5515 409 5584 Encbiridio,
429 5533 488 5588 cop.
505 5517 568 5585 iiii;
593 5526 621 5574 et
644 5518 706 5574 libr.
732 5518 766 5574 de
784 5517 855 5574 Cura
870 5533 921 5591 pro
975 5522 1106 5578 l'aticaoo
1128 5520 1210 5585 3850,
1232 5530 1294 5602 pust
1309 5517 1451 5578 Orationes
1470 5519 1564 5580 Albini
1592 5529 1629 5583 ad
1643 5528 1732 5588 [ιιιιι
1749 5541 1774 5586 rt

127 5593 243 5712 ming}
256 5589 436 5722 Ἑΐιιξειιοιι.
450 5659 467 5712 3
483 5659 508 5714 in
523 5657 620 5725 berit..
636 5674 710 5714 ιιιι.
736 5659 763 5725 d,
777 5674 839 5730 png.
856 5652 927 5722 909,Ι
974 5590 1426 5742 apgsmtffisssgpgraswuciugonlssgffin
1438 5590 1579 5732 οιοιιῃ.1ἓὲ.ΐ
1594 5609 1671 5656 ,Μ
1683 5602 1772 5659 dnm

125 5736 191 5787 lom·
209 5728 232 5787 Π
305 5745 326 5784 ι·
343 5727 430 5786 Putit-
446 5728 521 5785 ¹7³5·
885 5771 891 5781 -
1013 5743 1024 5770 ι
1044 5733 1109 5801 Qun·
1128 5732 1232 5789 roriconis
1251 5731 1436 5799 includuntur,
1454 5735 1556 5792 oririssa
1580 5751 1645 5800 sont
1669 5745 1699 5802 in
1715 5744 1773 5802 eod,

153 5804 285 5867 centn
313 5802 367 5864 boc
392 5801 546 5880 capitulum
568 5810 718 5877 separaum
743 5799 773 5858 in
794 5801 855 5860 cod.
869 5817 924 5858 nis.
977 5802 1042 5859 iat.
