3780 6120
125 283 194 343 leae
685 286 853 344 serenent
875 287 915 346 ll..
927 319 960 328 —
980 287 1187 345 bedbertus.
1681 290 1766 344 istst.

125 402 183 455 sine
197 394 347 468 adoptione.
357 396 508 453 Secundum
518 399 674 469 Eugenium,
683 400 726 467 utri
735 400 800 454 illuit
811 398 905 470 (alent.
922 407 944 463 ,t
959 400 1078 465 nomina,
1092 415 1141 470 pre
1151 399 1298 455 salvatione
1313 398 1424 453 humani
1436 400 1543 469 generis
1558 398 1592 453 ab
1609 415 1642 460 eo
1654 416 1747 460 susce·

125 470 152 536 81
167 470 236 535 :Qui
252 484 300 537 per
321 469 437 538 adoptivi
462 469 578 523 beminis
598 470 754 538 passionem.
772 470 835 523 duur
859 485 908 523 sue
959 479 1019 540 pta,
1035 472 1105 525 sicut
1126 469 1283 539 predictum
1309 478 1371 531 est,
1394 471 1465 538 qtrod
1479 469 1565 533 absit,
1585 470 1641 526 baec
1656 475 1747 528 omnia

126 555 179 593 non
201 539 313 592 indulxit
333 536 465 609 [indulsit]
490 540 611 607 corpori,
638 547 732 592 nestro
743 540 867 602 demum,
883 539 909 591 id
959 549 1039 595 erum
1054 540 1226 609 blasphemiae
1241 539 1329 608 plena.
1355 538 1407 594 Sed
1430 540 1499 594 absit
1520 541 1605 595 hoca
1630 541 1747 598 bdelium

126 616 181 672 est,
197 609 294 662 iterum
310 623 363 662 nen
389 609 508 677 tepercit.
532 609 684 663 &eundum
702 607 908 676 ildephonsum,
959 610 1095 674 dondinus,
1110 618 1139 663 ut
1152 609 1243 663 dicere
1264 617 1396 679 paveant,
1411 610 1482 678 qnod
1505 619 1658 664 sanctarum
1673 611 1748 668 Seri·

145 680 171 732 ni
186 678 250 731 dicit
265 625 504 747 (drinsbttodie
519 687 581 748 post
593 680 643 731 ade
664 679 906 733 tionemcarnisse
960 688 1099 750 pturarum
1124 679 1278 734 testimonia
1299 678 1376 733 nobis
1395 680 1550 750 adoptivum
1573 684 1748 748 pronuntiare
1836 730 1840 742 .

125 695 187 803 nem
208 748 305 816 repetit
318 747 436 802 deitatis.
447 748 598 803 Secundum
611 693 764 811 inionem,
779 748 824 816 ιμιί
845 749 910 802 dicit
960 765 1013 803 ιιοιι
1032 749 1186 803 formidant.

127 817 244 887 illidi:
261 819 333 885 Ques
345 816 432 871 iecisti
445 818 582 888 adeptioni
594 818 739 886 participes
750 817 846 887 jubeas
856 819 911 872 bae·
996 819 1065 873 xvi.
1092 818 1144 873 Sed
1171 819 1214 872 eui
1239 818 1353 873 similem
1380 818 1526 874 dixerimus
1540 819 1746 889 antiphrasium

127 888 234 942 reditati
250 895 302 941 tuce
316 902 375 942 esse
389 895 539 942 consortes.
960 888 1083 952 Beatum,
1097 903 1128 942 os
1141 889 1250 943 ‘elidum
1264 898 1292 943 et
1305 889 1377 943 enini
1392 905 1405 943 s
1425 888 1519 944 urcitia
1532 890 1695 960 saginatum,
1711 894 1745 946 de
1814 921 1816 924 ·

161 957 231 1012 lilll.
248 956 301 1010 Sed
315 966 342 1010 et
355 957 419 1011 illud
432 971 520 1026 operae
541 957 656 1026 pretium
681 958 743 1012 huie
757 957 831 1025 operi
846 972 911 1010 con·
959 957 1037 1025 cnjrxs
1051 957 1190 1011 lateribusv
1201 959 1291 1012 autina
1312 906 1462 1027 depennet:
1479 957 1655 1014 Nabuzardan
1675 963 1749 1031 prin-

127 1027 286 1081 neetendum
301 1028 529 1097 esseputavimus
542 1028 612 1096 quoii
624 1026 866 1095 Paulnsapostolus
877 1027 911 1080 ad
960 1028 1047 1098 eipem
1063 1042 1213 1098 eequerum
1233 1039 1244 1067 ο
1270 1043 1408 1081 mumruru
1432 1026 1581 1083 Jerusalem
1598 1030 1749 1086 destruete-

128 1096 237 1150 Galatas
252 1097 355 1161 scribit,
371 1097 483 1151 dicens:
500 1097 633 1150 liniremur
653 1098 774 1166 spiritum
793 1097 912 1164 adoptio·
961 1098 1124 1162 rem,.idest·,
1136 1113 1275 1152 sacrarum
1285 1097 1747 1166 Scripturarumpraevaricatorem,

128 1166 183 1229 nis,
201 1167 227 1218 in
248 1183 298 1236 qne
313 1168 474 1232 clamemus,
494 1167 567 1220 ntea
587 1165 832 1238 priscillianum,
849 1165 909 1238 ib');
960 1167 1010 1221 nis‘.
1027 1167 1125 1221 Fausto
1140 1167 1295 1231 hantonae,
1311 1169 1356 1237 qui
1383 1168 1552 1235 patriarchas
1572 1170 1748 1224 mrndinarins

128 1233 161 1289 de
174 1250 227 1305 que
242 1236 336 1305 spiritu
359 1245 387 1290 et
400 1237 542 1290 Psalmista
558 1236 615 1290 ait:
632 1236 754 1289 Ascendit
771 1236 799 1288 in
815 1237 909 1300 cireen,
960 1237 1116 1301 asserebat,
1136 1237 1169 1290 de
1180 1252 1233 1306 qne
1252 1237 1346 1291 beatus
1366 1236 1406 1288 du
1427 1237 1531 1291 ustinus
1554 1238 1637 1292 aits:
1656 1257 1664 1287 ι
1683 1240 1748 1296 Pius

127 1306 192 1375 cepit
208 1307 381 1375 captiuitatem
392 1346 399 1370 ,
410 1306 480 1359 dedit
490 1307 559 1359 dona
569 1305 715 1359 irentinibns
727 1303 812 1376 (Pani.
826 1320 910 1369 xxvn,
961 1306 1041 1360 homo
1056 1306 1170 1361 Furrstus
1183 1306 1255 1362 dolet
1269 1307 1395 1377 spirltum
1409 1253 1502 1376 ndup..
1520 1306 1670 1380 Christum]
1690 1325 1746 1364 rna-

129 1374 184 1446 i9l.
199 1376 236 1429 be
254 1377 304 1430 boc
321 1383 348 1430 et
367 1375 462 1430 beatus
475 1377 640 1445 Augustinus
659 1376 685 1428 in
708 1375 764 1429 suis
778 1374 912 1444 Dogmati·
960 1375 1088 1431 iedietum
1098 1376 1181 1431 luisse
1193 1392 1207 1430 a
1223 1376 1339 1446 Meysen.
1351 1396 1360 1428 ι
1374 1391 1406 1429 ee
1418 1376 1489 1444 quud
1500 1377 1579 1432 dicit:
1591 1377 1761 1434 Maledictus

128 1444 179 1498 bus
191 1446 279 1499 dicit·
294 1463 300 1497 :
318 1463 328 1495 ι
341 1445 350 1498 l
372 1446 425 1499 itur
437 1452 498 1500 ante
509 1444 694 1499 ascensionem
705 1445 818 1512 gratiam
826 1445 912 1500 sancti
961 1447 1055 1510 omnis,
1068 1447 1113 1516 qui
1126 1447 1244 1516 pependit
1256 1447 1284 1499 in
1298 1446 1368 1515 iipne
1381 1445 1469 1517 (iicet.
1487 1462 1548 1510 ιιι,
1562 1448 1618 1514 25).
1635 1448 1765 1505 Faustam·

129 1513 246 1594 Spiritus
261 1462 375 1583 apostant
399 1523 577 1586 acceperunt,
602 1529 653 1583 qua
670 1523 783 1584 pessunt
801 1523 911 1583 peccata
961 1515 1046 1570 doluit
1056 1517 1193 1571 Christum
1210 1515 1398 1579 maledictum;
1416 1515 1547 1570 uelandus
1561 1517 1658 1571 Beatus
1678 1519 1763 1574 delet.—

128 1584 266 1640 drmittere
280 1594 307 1638 et
318 1585 466 1654 baptizare,
481 1595 510 1640 et
525 1585 697 1639 credentibus
717 1584 842 1655 spiritum
864 1584 912 1637 ad·
961 1583 1099 1640 Christum
1112 1587 1260 1640 secundum
1278 1585 1392 1640 iermam
1407 1587 1478 1638 servi
1493 1589 1645 1656 quempiam
1659 1588 1750 1644 dicere

127 1655 245 1723 optionis
269 1655 409 1708 iniundere
430 1664 513 1736 :post
537 1655 721 1709 ascensionem
741 1669 806 1709 nero
826 1654 911 1708 multo
963 1655 1127 1726 adoptivum,
1145 1657 1298 1710 contrarius
1319 1654 1441 1724 apostole
1457 1653 1555 1709 loanni
1568 1666 1596 1710 et
1611 1658 1747 1726 evangeli-

128 1724 256 1792 rnajerem
283 1724 370 1778 sancti
393 1723 510 1794 Spiritus
538 1725 652 1792 gratiam
677 1730 856 1794 perceperunt
881 1725 909 1777 in
927 1735 1024 1800 ssstae,
1037 1726 1083 1794 qui
1098 1724 1148 1779 Ilei
1163 1724 1393 1788 Filium,deitatc
1414 1725 1568 1790 exinanita,
1590 1727 1681 1780 dicere
1695 1744 1747 1782 nen
1819 1776 1822 1778 .

127 1794 283 1862 operatione
296 1795 425 1848 virtutum
437 1802 465 1848 el
482 1794 566 1864 gratia
585 1793 727 1849 sanitatum
745 1801 773 1847 et
794 1794 912 1848 diversa·
962 1803 1042 1876 pavet
1053 1796 1212 1849 abvocatum
1228 1794 1427 1867 larlvecatuml,
1443 1795 1540 1858 idest,
1556 1797 1708 1865 adoptivum
1723 1806 1751 1852 et

128 1878 187 1917 rum
236 1865 373 1933 rcaptinne
388 1863 548 1931 linguarum.
569 1883 578 1914 ι
594 1863 659 1917 item
683 1864 777 1918 beatus
795 1863 913 1918 isidorus
962 1879 989 1918 tn
1004 1862 1090 1919 iorma
1105 1865 1175 1920 servi
1192 1865 1277 1936 gratia
1290 1863 1398 1932 plenum
1412 1883 1418 1916 :
1434 1872 1461 1917 et
1477 1864 1576 1918 iterum
1595 1869 1749 1923 reinharius

85 1933 87 1937 ’
128 1931 155 1985 in
170 1932 199 1986 Li
220 1933 481 1987 mbillerentiarum
496 1935 654 1989 sicdicitb:
671 1951 680 1983 ι
698 1932 777 1988 lesus
788 1933 912 1988 Christus
961 1932 1121 2000 limbutsio,
1143 1934 1261 1997 llilarie,
1285 1934 1403 1997 isidoro,
1421 1933 1584 2004 Hieronymo
1600 1946 1627 1989 et
1641 1939 1748 1992 eieoeris

127 2002 239 2058 veniens
253 2004 446 2058 crudelitate...
462 2012 655 2074 peccataque
670 2003 713 2058 lex
725 2004 853 2072 puniebat
866 2018 913 2073 per
961 2003 1128 2070 doctoribus,
1143 2005 1188 2073 qui
1202 2005 1279 2059 nobis
1290 2005 1438 2073 praedicant
1453 2004 1480 2058 in
1495 2004 1677 2070 humanitate,
1694 2024 1747 2063 non

129 2073 252 2141 spiritum
268 2074 423 2138 servitutis,
443 2084 516 2129 sorte
538 2073 675 2142 superavit
688 2071 778 2154 [isid.,
797 2072 912 2137 laxavit,
962 2073 989 2127 in
1005 2074 1143 2128 divinitate
1155 2075 1317 2142 adoptivum.

129 2159 182 2195 om.
194 2159 262 2206 uoce,
279 2143 362 2216 sorte]
388 2159 436 2212 per
460 2144 583 2212 spiritum
609 2143 778 2264 adoptionis:
794 2142 861 2196 tilios
879 2157 913 2196 ex
998 2141 1077 2197 xvii.
1091 2144 1124 2197 Et
1136 2144 1233 2197 iterum
1249 2143 1290 2196 cui
1305 2142 1420 2197 similem
1439 2143 1587 2198 tlixcrimns
1606 2146 1746 2215 antiplrm-

128 2213 213 2267 servis
226 2214 351 2277 reddidit,
367 2228 487 2268 aurorem
505 2214 644 2284 implendae
666 2214 722 2283 egis
737 2211 817 2284 [isid.
836 2211 912 2276 odd„
962 2211 1031 2265 sium
1043 2213 1164 2277 Beatum,
1177 2212 1228 2266 nisi
1237 2212 1343 2281 iligetie
1359 2210 1558 2267 θ(Ιιιεὶιιιιοιιιιιι
1569 2224 1597 2267 et
1608 2213 1748 2269 Salihann-

128 2283 264 2355 omnibus]
279 2285 451 2347 condonavit,
465 2285 525 2338 etsi
544 2285 670 2352 deinceps
689 2281 823 2350 punienda
838 2295 912 2335 cern·
963 2292 1022 2334 rutn
1039 2282 1118 2352 573
1132 2281 1273 2353 idaiam„
1288 2279 1646 2354 Sabellianorum,utinsrn]
1662 2287 1747 2355 magi-

129 2353 243 2416 miserit,
268 2370 316 2422 per
334 2355 458 2408 eumdem
479 2354 631 2423 adeptionis
656 2352 779 2421 spiritum
803 2351 913 2405 indulsit
963 2360 1060 2415 strurn,
1076 2351 1174 2406 nestris
1187 2351 1352 2422 temporibus
1364 2359 1504 2415 exortunr,
1517 2351 1561 2419 qui
1576 2353 1641 2405 dune
1653 2356 1749 2408 munire

129 2420 220 2494 [leid.
243 2423 372 2493 irnlulgetl
387 2441 392 2476 :
407 2423 520 2477 iermam
543 2425 610 2477 bene
628 2422 723 2492 agendi
741 2421 871 2503 praebuit,
887 2429 915 2475 et
963 2428 974 2475 t
993 2437 1026 2491 pe
1041 2421 1066 2474 iu
1081 2422 1168 2491 capite
1187 2421 1397 2476 cauterisaretur
1417 2437 1432 2475 a
1452 2422 1616 2484 rnedico‚.se
1631 2423 1747 2478 similem

130 2500 159 2545 ut
174 2493 256 2562 possit
270 2495 312 2563 agi
327 2493 399 2562 qrred
421 2495 508 2548 decinit
522 2493 614 2564 [isid.,
635 2502 664 2546 ut
678 2500 782 2561 possint
795 2491 838 2560 agi
855 2506 914 2560 quae
963 2436 1071 2546 Cybristo
1086 2492 1258 2552 existimans,
1276 2500 1304 2546 ct
1319 2491 1458 2545 duodecim
1475 2493 1610 2612 apostoles
1629 2493 1687 2547 sibi,
1699 2495 1748 2551 cli-

130 2561 243 2633 deceni,
253 2566 400 2633 adimerem
412 2564 534 2633 spiritum
548 2562 654 2617 inludit.
668 2561 787 2615 ›Nantct
800 2562 825 2614 in
837 2576 914 2615 exer·
963 2577 1038 2633 gens,
1053 2561 1160 2615 cuidam
1172 2561 1334 2615 mulierculae
1346 2575 1459 2616 cernens
1473 2559 1482 2630 [
1501 2561 1527 2612 d.
1534 2560 1616 2682 pore,
1631 2562 1749 2636 certaria]

130 2632 222 2685 cismis
242 2634 277 2685 ita
301 2641 393 2687 centra
415 2634 519 2688 hostem
542 2633 676 2687 dicimus:
696 2631 796 2686 Recede
818 2631 850 2684 ab
873 2633 913 2685 iric
964 2632 1119 2695 astanti,ct
1133 2646 1285 2701 supeream
1301 2631 1400 2685 dolenti
1418 2631 1517 2684 dixisse
1545 2641 1620 2685 ertur
1632 2650 1637 2684 :
1650 2632 1746 2699 barreti,

130 2701 237 2769 fumidis
247 2703 382 2771 confusus,
394 2712 418 2756 et
432 2703 609 2774 perspiritum
625 2702 770 2772 adeptionis
786 2702 912 2755 reclusus.
962 2716 1041 2755 arinen
1055 2701 1115 2755 dice
1133 2703 1191 2765 tibi,
1205 2701 1399 2755 bodiemccnm
1412 2701 1505 2755 crisin
1520 2703 1655 2769 paradiso.
1667 2703 1748 2758 Simi-

131 2771 201 2825 Ecce
224 2773 247 2825 si
269 2773 386 2842 Spiritus
409 2783 517 2827 sanctus
538 2772 592 2844 [ite
616 2772 686 2835 ced.,·
708 2771 770 2841 lep..
785 2769 914 2840 Spiritum
964 2769 1051 2825 lisest
1072 2772 1122 2825 iste
1140 2772 1271 2825 nei'nndus
1292 2770 1390 2825 Beatus
1411 2771 1509 2840 lligetii
1537 2769 1673 2826 inierrnati
1690 2772 1746 2844 [id.

129 2851 252 2895 sanctum
263 2842 444 2914 adoptivuml,
460 2844 504 2913 qui
518 2854 559 2895 est
570 2843 760 2909 incorporeus,
774 2848 801 2894 et
821 2842 914 2895 irtvisi-
964 2840 1041 2910 iera,
1057 2841 1192 2924 infatuati]
1206 2841 1344 2909 exemplo,
1360 2856 1421 2894 eum
1438 2840 1581 2895 resedisset
1595 2843 1751 2911 crapulatus

130 2910 200 2975 bilis,
216 2921 243 2965 et
257 2913 398 2967 inellubilis
419 2912 561 2980 aliquando
581 2912 698 2974 donum,
713 2910 757 2964 alii
769 2910 857 2963 arande
869 2912 915 2965 ad·
964 2925 979 2963 a
994 2910 1067 2975 rino,
1083 2921 1110 2965 et
1120 2911 1205 2965 luntas
1217 2910 1378 2965 animalibus
1391 2911 1517 2965 abbatem
1532 2912 1682 2977 ordinaret,
1695 2914 1748 2968 ltu·

130 2982 407 3050 optivusdieerenon
431 2981 734 3046 tintemus;curFilins
793 2981 915 3034 isecun-
964 2978 1047 3033 stmun
1058 2981 1166 3034 nemine
1177 2988 1205 3035 et
1216 2981 1312 3034 merite
1324 2981 1433 3050 dignum
1445 2980 1526 3049 (quod
1539 2980 1596 3047 ipse
1610 2982 1679 3036 hiem
1696 2985 1749 3038 liu

130 3052 193 3105 dum
216 3051 328 3107 iermarn
343 3053 428 3113 servi,
442 3053 541 3107 deitate
560 3052 712 3113 exinanita,
727 3066 874 3119 corporeus
887 3058 915 3106 et
966 3048 1035 3104 buris
1056 3065 1103 3104 ere
1124 3051 1234 3120 proprie
1259 3050 1412 3119 attestatur)
1432 3050 1458 3103 in
1477 3065 1591 3118 persona
1605 3050 1706 3107 Christi
1721 3069 1751 3108 se

129 3121 243 3176 visibilis
262 3130 290 3177 et
310 3123 470 3193 palpabilis,
493 3122 634 3193 adoptivus
654 3136 714 3177 csse
729 3122 818 3176 dicere
833 3121 912 3175 dubi·
926 3093 950 3155 c
965 3133 1024 3173 esse
1037 3120 1194 3174 existimans
1207 3120 1303 3173 lirtdrro
1316 3120 1415 3174 dixisse
1436 3119 1626 3188 comprobatur
1646 3131 1687 3176 ter·
1703 3139 1750 3177 vo·

131 3192 221 3246 taturi
965 3189 1061 3243 calonio
1078 3191 1210 3260 repetitu:
1227 3187 1320 3243 Simon
1333 3189 1413 3243 Petra
1427 3204 1502 3242 amas
1516 3190 1576 3243 mei
1589 3189 1671 3248 Pasce
1685 3207 1750 3248 oves

167 3261 224 3316 llll.
240 3262 319 3317 Certe
340 3264 362 3316 ri
386 3263 413 3316 in
436 3279 480 3316 ore
496 3263 607 3316 duorum
627 3271 671 3315 unt
693 3262 773 3315 triam
791 3261 913 3326 testium,
964 3274 1049 3312 utens.
1059 3259 1161 3315 idcirce
1172 3258 1273 3314 similes
1282 3260 1429 3313 dixerimus
1440 3258 1575 3329 lligetium
1588 3268 1616 3314 ct
1626 3260 1749 3326 beantur,

127 3328 204 3400 juxta
219 3333 379 3388 sententiam
395 3334 511 3397 Domini,
526 3343 578 3387 atat
595 3349 669 3386 omne
682 3333 786 3386 acriam
803 3329 912 3400 (Metti.
964 3329 1026 3396 quia
1050 3329 1167 3397 aequales
1190 3330 1217 3384 in
1240 3330 1357 3392 bettore,
1379 3337 1406 3384 et
1421 3344 1500 3397 pares
1515 3329 1540 3382 in
1558 3330 1666 3385 virtute
1682 3332 1748 3387 Nam

131 3416 207 3466 xvrn,
218 3402 272 3472 ili),
281 3413 380 3473 qiraute
392 3405 476 3474 tnagis
489 3412 528 3457 tot
538 3401 732 3458 irerierahtltom
745 3401 855 3454 Petrum
869 3415 914 3453 ve·
964 3399 1034 3452 idern
1050 3399 1173 3469 bligetius
1186 3399 1334 3454 meriturus
1347 3399 1425 3453 tertia
1440 3398 1481 3451 die
1495 3407 1708 3455 resurrecturum
1720 3418 1749 3457 se

130 3471 243 3525 ridicum
269 3475 301 3526 de
322 3475 464 3540 adoptione
485 3474 575 3528 carnis
600 3474 626 3527 in
645 3471 665 3525 F
668 3471 714 3526 ilie
728 3472 774 3526 Dei
789 3468 914 3525 reiuttdis
963 3483 1022 3523 csse
1037 3470 1177 3539 praedixit;
1193 3478 1220 3524 et
1232 3468 1330 3523 Beauis
1345 3470 1371 3522 in
1386 3467 1475 3539 vigilia
1489 3468 1600 3523 Paschae
1613 3469 1748 3527 ilerdenie

131 3538 384 3613 {indempnitatis}
396 3545 548 3596 testimouiu
561 3542 649 3596 nlllis
658 3540 797 3610 exemplis,
810 3554 869 3608 qrraa
880 3541 913 3595 de
963 3538 1108 3594 Libanensi
1125 3541 1134 3577 l
1147 3539 1244 3611 populo
1257 3549 1349 3594 nestro
1362 3537 1442 3594 [iurem
1456 3538 1547 3591 mundi
1559 3553 1620 3594 esse
1632 3543 1750 3612 prephe-

130 3611 467 3679 irmnensescriptasunt...
477 3609 913 3682 lliejnre.sornnhosnureljuxra
964 3610 1046 3674 tanim
1062 3611 1132 3664 unde
1149 3610 1259 3665 territus
1270 3620 1297 3663 et
1310 3624 1403 3663 amens
1416 3607 1528 3678 populus
1545 3609 1589 3663 iiie
1603 3609 1705 3677 iaetus,
1721 3613 1748 3665 in

131 3688 207 3733 nostr
216 3695 283 3732 uum
297 3680 393 3734 viriunr
408 3680 592 3735 lentitudinem
607 3679 693 3750 iidem
703 3681 779 3748 sech,
792 3680 818 3731 in
830 3681 914 3732 lirmi-
963 3680 1057 3732 eadem
1070 3689 1149 3734 nocte
1163 3679 1235 3733 nullo
1246 3680 1307 3733 cibo
1319 3677 1446 3742 reiectus,
1458 3678 1502 3732 die
1513 3678 1651 3733 [lominica
1664 3696 1748 3748 usque

130 3748 262 3820 tudinem]
282 3756 310 3802 ct
330 3764 425 3804 sensus
448 3749 605 3802 tenuitatem
620 3748 764 3816 decerpere
777 3748 914 3816 potuimus
963 3748 998 3801 ad
1008 3749 1103 3802 heram
1119 3764 1218 3802 neriam
1232 3749 1332 3802 dieitur
1342 3747 1424 3801 inisse
1435 3745 1553 3813 jejunus.
1569 3747 1682 3812 Quidam
1694 3749 1747 3804 ile-

131 3820 191 3873 in...
205 3817 306 3890 [for-s,
325 3820 447 3874 veritatis
468 3816 661 3888 testimonium]
676 3821 867 3886 opposuimus,
886 3824 915 3872 et
964 3816 1057 3870 nerins
1077 3817 1132 3889 [ld.
1157 3817 1234 3885 sorte,
1261 3818 1332 3870 idem
1353 3814 1526 3937 Herdonius&
1548 3829 1610 3869 crim
1631 3833 1659 3872 se
1678 3816 1749 3872 lame

130 3890 182 3942 rite
197 3889 405 3943 cirstedienda...
419 3888 558 3958 Superest,
568 3888 729 3956 utquisquis
740 3887 783 3942 iile
793 3887 914 3955 adoptio-
964 3885 1092 3940 aillictum
1105 3901 1164 3940 esse
1178 3893 1360 3955 represserat,
1376 3885 1475 3939 dixisse
1508 3893 1584 3937 ertur
1607 3887 1641 3940 ad
1662 3901 1748 3959 pepu-

130 3973 225 4012 nem...
243 3974 303 4013 esse
316 3959 448 4029 denegat,
464 3959 522 4013 sine
537 3958 618 4012 dubio
635 3972 728 4010 verum
742 3957 911 4011 bominem...
963 3953 1018 4008 ium
1032 3955 1265 4009 :Cemcdamusct
1278 3955 1411 4017 bibamus,
1424 3954 1487 4009 etsi
1498 3952 1628 4010 fuerimus
1639 3959 1749 4022 mortni,

130 4038 223 4081 nattum
237 4043 406 4099 nequaqnam
422 4029 504 4082 inisse
524 4028 672 4081 albrmat...
687 4027 769 4096 igitur
784 4040 912 4095 unaque-
964 4024 1059 4079 saltem
1071 4025 1113 4079 vel
1132 4024 1231 4079 satiati.
1247 4022 1319 4078 idem
1335 4038 1397 4078 vere
1411 4024 1457 4077 ¹...
1467 4023 1653 4080 lassitudinem
1667 4026 1750 4082 sianu-

130 4111 182 4164 que
197 4099 286 4151 aniana
302 4098 387 4153 hdelis
401 4099 427 4153 in
441 4097 582 4153 Christo...
605 4096 734 4169 [bojone.
746 4097 822 4166 sora,
843 4095 912 4167 zelo}
964 4093 1110 4151 lanstertie
1125 4095 1168 4150 die
1180 4094 1362 4150 resurrexit...
1374 4093 1464 4148 anima
1475 4093 1564 4160 vivus,
1577 4095 1625 4149 sed
1636 4110 1752 4168 mutere

130 4167 269 4221 charitatis
283 4168 387 4234 allecta,
402 4170 424 4223 si
438 4169 601 4223 certtrarium
614 4174 655 4220 est
669 4174 715 4219 aut
728 4167 913 4237 blasphement
964 4172 1094 4219 ritortuus.

129 4236 218 4291 dicere
231 4238 327 4291 Filium
344 4239 390 4293 ilci
408 4239 554 4293 secundnm
577 4237 690 4290 sormam
714 4237 784 4290 servi
809 4237 860 4290 ade
881 4237 913 4290 ti·
999 4234 1089 4289 lilllll.
1106 4233 1160 4288 Nes
1176 4249 1241 4289 vere
1259 4233 1518 4288 anathematizamus
1542 4233 1686 4299 Bonosum,
1702 4241 1748 4307 uui

130 4252 913 4379 ru1n‚pr0euldubioiquoddieineiaseslietiliudbnnts-
962 4303 1059 4358 Filium
1084 4304 1129 4358 [lei
1152 4304 1234 4359 sineh
1240 4342 1316 4357 .....
1340 4306 1472 4373 genitum,
1490 4305 1643 4375 adoptivum
1668 4306 1750 4362 sitisse

148 4376 255 4430 hemum
278 4378 347 4442 erit,
363 4379 434 4448 qued
455 4376 599 4446 aliquando
613 4377 665 4439 ieu,
680 4374 822 4445 aliquando
837 4383 912 4430 catu·
963 4372 1087 4427 aiiirmat.
1102 4374 1168 4429 item
1179 4374 1437 4429 anathematizamus
1449 4374 1596 4440 Sabellum,
1607 4377 1653 4444 qui
1664 4377 1749 4447 ipson

128 4390 171 4500 'nro
191 4447 289 4508 leonis,
314 4447 458 4517 aliquande
475 4447 588 4510 nitidus,
610 4447 756 4516 aliquande
775 4446 833 4500 oris
855 4447 912 4500 sive
927 4432 949 4491 Ι)
962 4459 1022 4498 csse
1036 4443 1154 4505 Patrem,
1169 4460 1248 4514 rpucm
1273 4443 1380 4508 Filium,
1394 4460 1473 4514 quem
1486 4453 1514 4498 et
1536 4443 1665 4514 Spiritum
1688 4464 1751 4502 san·

128 4531 232 4585 agnus,
251 4517 377 4581 victima,
392 4518 495 4581 bestia,
513 4517 693 4578 sacrificium,
708 4516 910 4581 holocaustum,
965 4521 1142 4577 cturn,etnon
1156 4516 1231 4583 ipsud
1246 4514 1351 4568 delirat.
1366 4514 1748 4582 driathentatizamusArium,

128 4601 178 4655 pro
189 4587 344 4641 diversitate
359 4603 501 4642 causamn
513 4588 637 4656 princeps
646 4595 674 4640 et
682 4586 818 4650 sacerdes,
831 4587 912 4640 home
965 4584 1010 4653 uui
1022 4584 1118 4639 Filium
1128 4593 1154 4638 et
1165 4584 1294 4653 Spiritum
1305 4592 1425 4638 sanctum
1434 4591 1586 4639 creaturam
1594 4589 1752 4641 esseexlsti·

128 4663 157 4709 ct
179 4658 325 4727 propheta,
340 4658 415 4728 virga
428 4666 455 4711 et
476 4656 524 4711 iles
543 4664 571 4710 et
594 4657 685 4721 radix,
703 4657 784 4725 judex
800 4664 827 4710 et
846 4671 911 4720 rex,
965 4663 1028 4708 errat.
1049 4654 1316 4710 Anathematiramus
1339 4652 1523 4717 Manicheum,
1547 4655 1592 4724 qul
1613 4654 1750 4712 Christum

125 4723 215 4794 justus
228 4735 255 4781 et
265 4725 380 4796 irretitis,
394 4727 531 4797 apestolus
543 4734 570 4782 et
582 4727 739 4796 episcopus,
753 4725 909 4790 brachium,
963 4722 1048 4776 seium
1063 4725 1145 4777 ileum
1161 4731 1189 4778 et
1205 4739 1257 4777 nen
1276 4723 1410 4777 hominem
1425 4721 1508 4778 inisse
1521 4725 1659 4794 praedicat.
1680 4725 1751 4781 dna-

127 4811 238 4859 servm,
261 4806 441 4866 unguentum,
465 4805 571 4867 paster,
598 4812 673 4866 puer,
699 4796 910 4876 primogenitus,
964 4793 1173 4848 thematizamus
1190 4792 1385 4861 antiphrasium
1398 4793 1521 4855 Beatum,
1532 4796 1621 4849 carnis
1634 4795 1751 4851 lasciuia

128 4867 237 4931 ostium,
253 4866 727 4938 angelussagitta,aquila,vultur,
743 4864 910 4987 laprsanffi-
963 4861 1093 4927 deditum,
1119 4870 1146 4916 ct
1172 4877 1304 4933 orragrum
1327 4860 1462 4916 AEterium
1483 4863 1622 4918 doctorem
1650 4867 1750 4920 bestia·

127 4934 203 5001 laris,
218 4944 293 5004 petra
308 4935 769 5005 eleatemhujusmodtiuchristo
784 4934 852 4990 Filio
887 4935 912 4989 ei
964 4930 1161 5001 lium,qui1lei
1178 4932 1274 4987 Filium
1298 4932 1443 4987 secundum
1467 4931 1591 4989 bumana
1611 4936 1751 4996 survbutis

160 5083 173 5110 ⁸
189 5068 251 5122 llaec
265 5069 348 5122 verba
369 5084 421 5123 nen
442 5075 550 5122 exstant
572 5067 599 5121 in
617 5065 720 5119 Eceles.
740 5063 913 5134 Dogmatibus
1003 5073 1014 5102 ⁰
1032 5061 1148 5132 iiipctie.
1162 5062 1204 5117 hb
1217 5061 1261 5116 iile
1274 5063 1362 5119 vocali
1378 5070 1442 5117 sunit
1460 5063 1584 5121 haeredc't
1596 5063 1750 5134 iiipctiani,

127 5138 277 5210 Augustino
298 5153 439 5208 perperam
458 5138 606 5201 attributis,
629 5136 749 5204 lippend.
771 5143 836 5188 turn.
859 5132 912 5188 ttll
963 5133 1008 5201 qui
1024 5132 1192 5189 acatholicis
1210 5132 1363 5191 diibdebant
1379 5133 1406 5186 in
1425 5132 1748 5200 celebrationel'asehm

185 5225 206 5262 p,
963 5201 1023 5259 ideo
1043 5217 1076 5256 ue
1086 5201 1205 5257 damnati
1219 5210 1282 5257 suut
1292 5203 1318 5256 in
1333 5200 1614 5271 concilioilispalensi,
1627 5206 1670 5260 cui
1681 5223 1751 5275 prae·

162 5277 251 5333 bisid.
268 5277 329 5331 libr.
342 5278 378 5330 lle
393 5275 555 5330 lliiierentiis
571 5274 679 5344 Spiris,
694 5271 910 5337 dider.,i8.ibi:
966 5269 1018 5327 luit
1044 5272 1187 5341 'lipandus
1208 5271 1328 5343 anrrage
1345 5272 1424 5326 Thes.
1447 5270 1611 5327 lienumeet.
1635 5272 1746 5338 Canisii,

129 5347 297 5417 Enneapeiinnr
320 5348 421 5401 veniens
442 5345 619 5399 credddntent
641 5345 704 5417 lepis
724 5344 837 5404 errronit,
857 5357 915 5410 pec·
966 5349 1032 5394 torn.
1047 5341 1078 5404 ll,
1094 5357 1155 5411 pag.
1167 5341 1230 5404 511,
1243 5341 1313 5395 inter
1327 5349 1412 5396 notas.
1427 5339 1466 5396 De
1476 5339 1553 5408 cuius
1563 5343 1663 5399 erroris
1673 5360 1748 5400 ever·

128 5428 197 5481 cate,
211 5428 263 5472 ete.
965 5411 1041 5466 sione
1055 5411 1153 5465 ibidem
1168 5410 1298 5479 gloriatur
1310 5411 1466 5479 Elipandus,
1478 5411 1557 5480 epist.
1568 5412 1602 5466 ad
1617 5413 1746 5472 Fidelem.

164 5499 175 5524 ι
193 5487 252 5543 Νοιι
266 5503 423 5557 munierum,
439 5485 485 5540 sed
501 5484 636 5539 exercitus
650 5482 770 5537 militum.
788 5482 912 5553 princeps
1003 5480 1013 5518 ¹
1034 5479 1090 5535 llee
1103 5489 1155 5543 est,
1170 5496 1204 5534 ex
1218 5480 1315 5549 oppido
1330 5480 1457 5534 bicbana.
1472 5479 1584 5536 littnss.

128 5557 177 5611 init
193 5556 376 5611 Nabuzardau.
393 5557 425 5610 lli
442 5556 507 5625 lieg.
526 5570 588 5607 xxx.
1002 5550 1110 5605 tl'orte
1124 5552 1211 5614 deest,
1226 5549 1356 5617 dilectius.
1372 5549 1409 5604 ln.

162 5628 174 5666 i
195 5627 222 5680 S.
241 5627 309 5698 drag.
324 5627 386 5683 libr.
402 5642 456 5690 xiv,
472 5633 564 5679 centra
578 5622 705 5678 i'atrstuut
719 5637 777 5691 cap.
793 5621 828 5686 1,
845 5629 908 5677 tettt.
963 5693 976 5746 Ρ
999 5623 1011 5744 i
1029 5619 1138 5746 puppi&
1153 5630 1244 5684 oratic,
1260 5628 1417 5690 ur'pnmente
1433 5620 1694 5692 epistolae-Elipnidi·
1713 5624 1748 5679 ad

130 5697 260 5769 ll'0pcr.
973 5693 1090 5747 'licem
1137 5729 1142 5744 .
