3764 6120
135 340 188 403 793
539 347 571 406 Β.
590 349 622 405 F.
641 346 755 406 tobim
772 348 839 406 SEU
857 346 994 406 thUlNl
1014 345 1156 405 clauduli
1173 343 1262 404 PARS
1281 342 1323 402 Vl.
1708 342 1756 398 72!

134 463 198 519 llaec
211 463 255 520 ubl
268 465 399 535 pensabat
411 465 556 537 praedictus
568 465 648 521 eorde
662 464 798 530 sacerdos,

169 553 285 624 Conlicit
296 570 330 611 ex
344 557 425 613 rebus
436 559 494 613 risa
509 571 624 628 superna
639 556 725 611 novis.

133 646 282 717 Respondit
296 649 404 704 tandem
416 649 522 704 mulieri
536 648 599 704 talia
609 655 697 713 vates,

169 736 320 806 inspirante
332 736 399 804 lieo,
415 736 515 793 famine
526 737 645 793 veridico
658 754 665 790 ε

133 824 173 880 'lu
188 827 286 884 mulier
297 828 389 883 lunam
401 827 490 883 vidisti
503 843 626 884 crescere
639 844 760 898 parram,

168 919 202 972 Et
213 927 268 974 tota
279 919 384 987 impleri
398 932 499 974 eornm
512 918 571 974 luce
583 934 663 975 nora.

131 1007 178 1062 llla
192 1017 272 1064 nocte
285 1009 345 1062 rim
362 1007 453 1062 forsan
467 1009 613 1063 commixta
627 1007 713 1075 luisti,

167 1099 232 1167 Quae
246 1113 360 1170 generas
375 1107 432 1154 toto
445 1099 534 1153 lumen
548 1099 576 1154 in
589 1100 655 1155 orbe
668 1114 777 1156 norum.

130 1188 262 1244 Paruulus
274 1205 309 1245 ex
321 1199 409 1254 utero,
422 1189 529 1255 mulier,
542 1191 590 1245 tibi
604 1191 724 1247 nascitur
737 1190 837 1257 inians,

166 1278 215 1347 Qui
230 1280 334 1335 meritis
348 1293 463 1350 magnus
479 1283 578 1337 crescit
592 1281 758 1338 honorillcis.

129 1368 182 1424 iste
196 1369 248 1424 erit
260 1369 377 1426 eximius
388 1369 494 1437 doctor,
509 1371 660 1443 praesulque
674 1372 792 1439 iuturus,

165 1459 341 1529 splendescet
351 1469 445 1516 nostro
461 1460 557 1517 luciler
568 1463 634 1517 orbe
645 1478 740 1519 novus.

128 1549 162 1604 Et
175 1565 243 1619 quos
259 1564 329 1606 eaeea
345 1551 421 1621 prius
435 1552 547 1622 populos
561 1552 647 1625 caligo
662 1554 782 1621 tenebat,

164 1641 280 1698 irradiat
293 1645 392 1700 summi
405 1645 463 1701 luce
476 1645 530 1715 poli
543 1661 650 1718 supera.

127 1730 224 1788 Omnia
236 1734 344 1793 vatidici
358 1736 526 1807 complentur
539 1738 568 1792 in
582 1737 678 1794 ordine
691 1738 775 1804 dicta,

70 1836 76 1849 ⁵
161 1821 196 1876 Et
209 1837 300 1880 rerum
313 1835 426 1882 eventus
437 1828 542 1882 somnia
557 1843 621 1884 vera
635 1829 740 1900 probat.

125 1907 253 1968 Nascitur
264 1922 345 1985 atque
357 1930 425 1985 puer
436 1917 529 1984 matri,
544 1928 572 1974 et
585 1918 745 1988 baptismate
755 1919 811 1975 loto

161 2005 291 2076 Imposuit
304 2008 448 2065 willbrord
462 2025 560 2066 nomen
575 2010 676 2067 habere
690 2019 776 2082 pater.

125 2095 207 2165 Cujus
219 2098 286 2164 vita,
302 2098 379 2166 ildes,
393 2115 492 2166 mores,
508 2100 640 2168 doctrina,
652 2098 789 2157 Camoenis

161 2185 231 2242 Olim
244 2189 342 2259 qnippe
354 2188 405 2244 init
416 2189 596 2261 praetitulatus
609 2191 659 2246 eis.

124 2273 186 2331 llos
197 2287 276 2346 pater
288 2280 412 2351 egregius
425 2279 551 2351 linquens
565 2282 634 2337 mala
648 2282 745 2353 gaudia
757 2283 861 2349 mundi,

159 2367 193 2422 Et
206 2370 310 2426 servire
322 2371 389 2438 lieo,
401 2382 503 2437 mente,
515 2389 607 2439 manu,
621 2373 734 2442 cupiens
748 2393 754 2428 :

124 2454 267 2513 Coelestem
281 2460 390 2530 rapiens
405 2470 462 2516 tota
473 2461 613 2518 dulcedine
627 2462 721 2527 vitam,

160 2547 194 2600 Et
205 2564 234 2604 se
245 2550 369 2606 coenobio
383 2550 493 2606 tradidit
506 2553 563 2623 ipse
574 2567 661 2607 sacro.

27 2618 34 2629 ’
123 2634 266 2692 Fratribus
280 2639 422 2708 adjunctus
436 2641 505 2695 vixit
518 2641 578 2696 sine
591 2642 706 2698 crimine
719 2642 814 2710 irater,

157 2724 218 2780 lam
231 2727 353 2795 patiens,
368 2727 494 2796 humilis,
508 2739 649 2802 promptus
663 2733 689 2788 in
709 2734 902 2792 omnebonum

122 2813 247 2874 Posthoec
261 2827 351 2875 mente
364 2834 442 2875 sacer
455 2819 571 2877 famulus
584 2822 687 2893 majora
705 2833 824 2892 secutus,

160 2905 320 2964 Theoricaru
336 2910 447 2980 cupiens
461 2911 535 2968 solus
548 2914 624 2969 adire
636 2915 708 2969 viam

122 2993 231 3066 incipit,
245 2997 369 3054 undisoni
385 3001 456 3056 inter
467 3006 652 3073 pmmontoria
666 3007 752 3076 ponti,

159 3087 216 3155 Qua
228 3088 287 3145 loca
301 3092 440 3161 reperiens
452 3086 571 3166 congrua
583 3097 664 3153 conde
678 3113 727 3154 suo
744 3118 751 3152 :

122 3178 152 3234 ln
167 3181 265 3249 quibus
278 3182 405 3240 amerios
418 3186 504 3255 possit
517 3186 661 3259 decerpere
676 3188 755 3246 liores

158 3269 192 3324 Et
205 3273 299 3327 mundi
313 3275 385 3329 curis
398 3275 466 3331 liber
479 3277 574 3333 abesse
588 3281 665 3335 malis
681 3300 688 3335 ι

121 3354 217 3415 Totius
231 3361 276 3417 bic
289 3363 363 3418 solus
377 3369 506 3438 transegit
520 3378 641 3442 tempora
652 3373 725 3440 vita,

158 3449 242 3507 Nocte
257 3452 300 3508 die
314 3455 419 3525 maguis
429 3456 576 3526 proficiens
589 3462 704 3517 meritis.

122 3537 242 3598 Plurima
254 3557 399 3613 perpessus
412 3549 545 3616 serpentis
558 3550 627 3605 bella
643 3549 762 3620 nefandi,

151 3629 210 3721 ¹(itti
225 3631 295 3688 solet
305 3632 333 3688 in
345 3643 454 3691 sanctos
466 3651 540 3692 arma
553 3653 661 3696 morere
675 3656 734 3696 sua.

159 3800 171 3828 ⁸
191 3788 273 3854 trab..
288 3789 419 3848 Concessit
434 3794 533 3860 {amulo
546 3796 618 3852 elom
634 3801 751 3869 tropheo
763 3819 820 3858 ruo.

933 467 958 525 Λ
972 461 1026 518 Sed
1040 462 1111 518 Deus
1122 463 1294 531 omnipotens
1306 465 1414 514 sanctos
1427 458 1473 528 qui
1488 452 1551 523 jure
1565 455 1724 527 triumphat,

1007 553 1130 622 'lrophea
1143 547 1278 607 concessit
1290 547 1363 604 clara
1374 561 1424 604 suo
1436 545 1537 602 lanuto
1547 559 1571 601 ⁸.

970 643 1057 701 Efficit
1070 652 1097 702 et
1109 643 1231 714 quaedam
1242 640 1397 697 miserantis
1408 638 1494 710 gratia
1508 636 1621 702 Christi,

1005 736 1057 792 Per
1070 735 1199 792 famulum
1215 748 1280 790 vere
1296 732 1373 803 signa
1387 730 1517 800 stupenda
1533 744 1613 786 suurn

970 824 1026 881 Nee
1039 826 1130 881 decuit
1143 823 1233 881 modio
1245 819 1373 878 abscondi
1387 829 1441 876 tam
1457 820 1529 875 clara
1544 819 1668 885 lucerna,

1006 917 1061 973 Nee
1073 917 1205 972 thalamos
1220 915 1312 972 subter
1323 912 1487 983 subiicienda
1502 911 1562 967 luit.

970 1007 1024 1064 Sed
1039 1006 1162 1079 ponenda
1175 1006 1261 1077 magis
1274 1020 1355 1074 super
1368 1002 1481 1074 uestigia
1494 1003 1569 1068 tecti,

1005 1097 1150 1171 spargeret
1163 1107 1193 1153 ut
1205 1097 1291 1152 lucem
1304 1094 1384 1150 altius
1397 1093 1441 1148 illa
1456 1093 1537 1163 piam

969 1189 1034 1258 Quae
1048 1198 1137 1245 tamen
1152 1187 1224 1243 haud
1236 1187 1313 1241 libuit
1324 1183 1444 1241 currenti
1458 1190 1569 1253 tangere
1582 1181 1695 1252 plectro,

1003 1281 1104 1352 inclyta
1118 1279 1161 1336 rel
1177 1279 1264 1335 musis
1275 1278 1351 1350 signa
1364 1275 1471 1346 aperire
1484 1275 1562 1332 meis.

969 1369 1073 1427 Sufficit
1086 1370 1191 1440 hocque
1204 1378 1296 1424 tamen
1310 1365 1417 1440 [vitam]
1431 1380 1594 1437 cognoscere
1607 1365 1703 1436 patris,

1004 1459 1080 1529 Quod
1093 1461 1181 1531 placet
1192 1457 1337 1523 altithrono
1352 1472 1460 1527 semper
1473 1456 1572 1525 ubique
1587 1454 1683 1527 magis.

964 1547 1029 1604 ‘Vita
1042 1548 1091 1604 bet
1104 1547 1196 1604 lamuli
1207 1547 1299 1602 multis
1312 1546 1433 1618 exempla
1446 1546 1541 1602 salutis

1002 1639 1131 1723 Praebuit,
1144 1645 1172 1692 et
1185 1638 1262 1692 testis
1276 1638 1394 1708 pectoris
1406 1637 1493 1693 omnis
1509 1645 1578 1694 erat.

967 1731 1037 1787 lluic
1050 1729 1149 1787 lamule
1163 1729 1264 1785 Christi
1277 1743 1354 1801 reges
1367 1727 1540 1794 famulantur,
1553 1740 1581 1784 et
1596 1729 1671 1785 illum

930 1806 956 1867 Β
1001 1821 1052 1879 Per
1063 1822 1179 1892 patriam
1192 1820 1305 1891 populus
1317 1826 1389 1874 totus
1398 1833 1491 1875 amore
1502 1818 1576 1876 colit.

965 1914 1013 1969 Vir
1027 1912 1142 1969 [ultime
1155 1912 1204 1968 liei
1218 1913 1337 1986 patiens,
1352 1912 1523 1978 moderatus,
1538 1911 1684 1978 honestus,

1001 2006 1119 2063 lloribus
1132 2005 1272 2077 egregius,
1287 2004 1360 2059 mitis
1373 2012 1399 2059 ct
1413 2018 1460 2060 ore
1473 2003 1544 2074 pius.

964 2098 1082 2155 Plurima
1095 2098 1140 2166 qni
1154 2103 1297 2166 postquam
1311 2093 1430 2164 perlecto
1442 2093 1511 2148 dona
1529 2092 1622 2148 labore

998 2189 1181 2255 commeruit,
1199 2187 1306 2243 Christo
1318 2185 1474 2256 perliciente
1489 2185 1562 2241 sibi:

963 2279 1024 2337 lior
1039 2280 1159 2345 meritis,
1173 2279 1267 2344 annis,
1281 2286 1337 2333 tota
1349 2286 1376 2333 et
1389 2278 1489 2349 pietate
1503 2277 1639 2348 repletus,

1000 2371 1156 2442 Tranquilla
1170 2370 1276 2425 tandem
1289 2369 1317 2423 in
1332 2384 1398 2440 pace
1410 2369 1514 2440 quierit
1527 2384 1622 2425 orans.

964 2463 1083 2536 Spiritus
1094 2461 1233 2518 aetheriam
1247 2460 1325 2516 laetus
1338 2460 1463 2532 migravit
1475 2461 1509 2517 ad
1523 2459 1631 2526 aulam,

998 2553 1102 2610 Gaudia
1116 2568 1177 2608 cum
1190 2552 1292 2607 sanctis
1301 2549 1359 2618 jam
1374 2551 1431 2606 sine
1444 2550 1498 2606 line
1512 2558 1617 2608 teneus.

963 2646 1067 2717 Corpus
1079 2646 1107 2701 in
1119 2645 1234 2701 eeclesia
1246 2651 1376 2717 curarunt
1390 2641 1506 2714 condere
1518 2642 1635 2708 iratres,

998 2737 1063 2805 Quae
1078 2742 1232 2791 constructa
1245 2734 1329 2789 maris
1343 2741 1396 2790 stat
1408 2747 1492 2803 prope
1504 2731 1658 2796 littoribus;

963 2826 1050 2898 Atque
1064 2834 1170 2882 sacrata
1185 2825 1233 2882 Dei
1246 2825 1363 2896 genitrix
1378 2824 1528 2879 clarissima
1541 2823 1643 2880 Christi

998 2917 1110 2974 Nomine
1123 2916 1262 2988 luigescit,
1277 2912 1359 2986 Virgo
1374 2914 1473 2980 Maria,
1490 2921 1537 2971 tno
1552 2932 1560 2969 :

963 3008 992 3063 ln
1009 3023 1062 3080 quo
1078 3016 1104 3064 te
1119 3007 1219 3063 nostris
1229 3007 1298 3061 bene
1310 3005 1446 3061 credimus
1458 3019 1519 3061 esse
1532 3003 1651 3060 luturam

997 3098 1105 3154 Auxilio
1120 3098 1262 3169 precibus,
1279 3111 1385 3168 semper
1397 3096 1501 3152 honore
1514 3105 1622 3166 potens.

924 3176 948 3240 C
962 3189 1002 3246 'lu
1017 3190 1110 3246 mundi
1123 3191 1222 3256 vitam,
1239 3188 1304 3246 totis
1317 3197 1346 3243 tu
1359 3189 1457 3259 gaudia
1471 3189 1568 3253 seclis,

1001 3283 1040 3340 Tu
1055 3298 1145 3354 regem
1163 3282 1241 3348 coli,
1257 3290 1286 3337 tu
1297 3276 1440 3336 bominum
1453 3289 1534 3350 atque
1547 3279 1632 3335 muna

966 3374 1074 3430 Ventris
1088 3374 1115 3428 in
1129 3373 1246 3444 hospitio
1260 3373 1396 3445 genuisti,
1410 3372 1485 3443 virgo
1493 3371 1620 3442 perennis
1635 3387 1643 3425 :

1000 3463 1040 3519 'lu
1053 3464 1132 3520 nobis
1141 3465 1268 3534 precibus
1280 3463 1411 3519 arixiliare
1421 3461 1485 3518 tuis.

963 3554 1103 3627 carmiger
1118 3555 1242 3611 indoctus
1257 3556 1356 3611 cecinit
1368 3555 1419 3610 hos
1431 3553 1543 3610 lllcuiuc
1555 3567 1668 3619 versus,

1001 3645 1062 3713 Cui,
1077 3660 1158 3720 rogo,
1172 3646 1286 3717 quisquc
1300 3645 1391 3717 legas,
1408 3645 1462 3713 dic,
1476 3645 1605 3702 miserore
1617 3644 1698 3699 Deus.

311 4336 326 4346 ..
425 4161 710 4280 REM!
748 4164 1068 4281 nuncet
1103 4165 1428 4280 ahman

298 4514 566 4596 ··³
620 4460 646 4476 ”
710 4527 1169 4690 liuntur

669 4774 816 4880 cludit
847 4777 977 4839 lladn'l
1004 4778 1196 4841 Mlldlslltl

333 4939 564 5099 lllllll
615 4941 764 5100 llll
815 4944 1016 5101 lllll.
1075 5011 1194 5039 ····
1245 4946 1531 5105 lllllll.

807 5175 1044 5195 ᾖ

610 5281 688 5352 2⁰1
713 5292 962 5409 uonrnuu
993 5297 1251 5378 nnnvruu.

155 5506 220 5591 Ques
238 5511 282 5567 hic
302 5516 460 5574 exhibemus
480 5517 552 5575 beati
566 5519 672 5575 Alcuini
685 5514 822 5583 Carmina,
840 5518 947 5586 rariin
961 5515 1020 5572 loeo
1033 5511 1107 5572 clmut
1123 5517 1153 5571 b.
1167 5515 1300 5574 Catelinot
1312 5518 1338 5574 in
1356 5534 1405 5576 suo
1417 5519 1481 5591 ms.)
1499 5517 1587 5589 Trojae
1604 5514 1740 5577 incendia.

118 5587 461 5719 clericulus
475 5590 680 5714 a„
696 5589 907 5713 ulrum:
959 5602 1013 5712 lu
1028 5585 1208 5714 lienum
1223 5590 1413 5715 urrunnu
1426 5597 1507 5662 „l
1521 5607 1529 5690 ε
1655 5589 1742 5712 aar

273 5690 281 5715 t
366 5671 473 5725 gma,
541 5673 708 5715 usonese
754 5672 849 5713 rssrm
984 5671 1030 5713 erc
1115 5672 1131 5713 a
1209 5672 1343 5729 ysse,u
1405 5675 1600 5725 omerus,non
1649 5675 1740 5721 nea,

122 5660 205 5776 «hon
219 5720 291 5777 canit
304 5723 411 5787 cuidem
424 5734 503 5787 noeta
515 5734 610 5783 noster
623 5727 671 5797 (ita
682 5725 845 5798 praelibatur
857 5728 908 5785 hoc
959 5727 999 5783 uti
1012 5725 1155 5798 Virgilium
1178 5742 1232 5783 non
1245 5727 1315 5785 bella
1328 5737 1458 5801 gestaque
1474 5729 1554 5787 iortia
1570 5730 1742 5801 antiquorum
