3780 6120
127 277 202 335 roas
416 274 492 332 ore.
513 274 616 334 amsa
630 307 665 321 -
679 274 724 332 m
741 273 830 331 rann
851 271 1014 333 consess
1035 264 1230 366 metaponir
1250 256 1461 347 nisoinsrrross
1675 252 1749 340 'r'rei

131 391 255 460 Scriptor
277 386 461 443 consessionis
479 387 576 457 sapius
598 386 702 456 aliquas
718 386 867 441 sententias
882 401 914 441 ex
930 395 953 447 Α
1002 384 1051 457 (ιιι)
1073 384 1238 440 Theodoriana
1253 386 1411 443 Leodiemu.
1427 388 1467 442 dd
1479 390 1529 444 hoe
1544 399 1570 445 et
1584 383 1750 465 sul-sequen·

129 459 244 515 Aleuino
256 456 385 527 proferat,
401 458 501 528 colligit
513 459 584 511 herne
597 473 650 510 non
665 471 726 510 esse
743 471 835 509 rernm
845 455 916 509 illius
967 456 1002 510 tia
1018 455 1169 509 testimonia
1193 458 1223 509 l).
1239 458 1384 527 basnagius
1401 461 1553 528 respondet,
1570 483 1578 512 ι
1595 461 1675 528 facta,
1688 480 1749 535 qrtae

130 528 202 584 fetus
216 536 366 597 parentem.
386 527 511 580 »Verum
535 525 703 580 llabillonius
728 535 915 594 argumentum
967 525 998 578 b.
1015 525 1182 578 ldabillunius
1196 542 1289 595 niagno
1304 543 1363 580 enm
1382 528 1509 583 fidelitate
1532 543 1662 597 recenset,
1684 550 1747 593 rera

130 599 183 654 boe
194 596 285 651 Pellaei
299 604 396 664 qtrarto
406 596 465 649 loeo
479 609 560 663 supra
574 596 641 648 satis
652 595 738 647 diluit.
966 608 1040 655 csse;
1058 595 1123 647 nihil
1145 604 1232 648 tariteu
1248 597 1362 664 probare
1386 599 1523 652 existimat
1536 639 1543 662 ,
1563 603 1625 669 quia
1646 604 1746 658 nullum

166 665 206 738 (lt)
223 664 321 719 Nullus
341 667 436 718 atoeeri
450 664 521 718 debet
542 664 610 734 qaod
634 662 810 730 Corrfessiouia
824 671 917 716 erector
965 677 1059 716 eorum
1072 674 1113 716 est
1125 666 1195 732 qrrod
1208 680 1260 717 nou
1274 666 1308 718 sit
1325 667 1373 719 ιιι)
1385 669 1462 721 arruis
1476 668 1588 723 alcinno
1602 675 1746 739 posterius.

130 737 239 791 acessit
259 732 426 800 Confessioae
450 733 561 801 Pelagii,
583 742 635 785 etc.
659 733 697 786 lle
717 734 775 787 unit
796 733 858 786 huic
873 747 917 784 ar*-
966 731 999 785 Et
1011 747 1043 787 eu
1059 733 1099 786 bis
1118 735 1193 801 ipsis,
1209 735 1255 793 uit,
1268 736 1540 806 persuadenurrqnod
1556 755 1589 794 ue
1609 746 1747 811 unusqui·

166 811 259 859 mento
270 803 415 856 llalrillouii
428 804 458 856 b.
471 802 638 871 basnagius:
655 820 663 850 ι
706 800 806 871 unquid
819 816 916 856 nornen
966 800 1025 854 dem
1041 804 1152 869 reperiri
1176 805 1258 871 possit
1276 805 1418 858 litereticns
1441 808 1466 858 in
1489 807 1538 860 hae
1552 812 1665 864 materia
1686 823 1749 866 ante

153 874 271 945 agustini
284 872 326 925 rel
337 872 492 942 Hieronymi
506 871 676 925 Conl'cssioni
689 871 749 926 fidei
765 869 914 940 praefixum,
966 871 1091 924 suectdum
1105 872 1283 926 decimum...
1299 875 1384 940 etqui
1399 889 1428 927 se
1441 889 1622 945 opposuerunt
1633 880 1748 934 Pascha-

129 944 219 1000 reddit
239 942 313 997 illam
328 941 528 995 ortliodosaml
551 939 688 994 illinituc
709 949 782 994 certe
798 958 804 992 :
823 955 915 993 rerum
965 939 1006 994 sio
1027 939 1171 1003 liudberto,
1196 958 1325 1010 stratuque
1345 944 1498 1011 opinionem
1522 948 1628 1014 puldice
1650 965 1749 1019 propu-

128 1022 206 1069 tantu
231 1012 350 1074 noniina,
369 1011 391 1064 si
418 1012 506 1066 debita
536 1010 658 1072 attentio,
674 1009 744 1078 qnod
768 1010 915 1062 humanum
964 1019 1091 1078 gnarnnt,
1108 1026 1160 1063 non
1173 1010 1255 1065 fuisse
1266 1011 1370 1066 haimos
1382 1029 1429 1080 pro
1442 1015 1584 1069 liant-eticis.
1601 1017 1613 1069 ἰ
1629 1019 1747 1072 dteniru

129 1090 182 1147 est,
196 1080 320 1143 deluerit,
333 1079 410 1134 facile
421 1079 574 1149 ‹piternpiam
591 1080 617 1132 iu
633 1081 817 1148 deceptionem
836 1093 916 1148 agere
965 1079 1086 1147 nunquid
1109 1080 1241 1148 ignorarit
1265 1081 1294 1132 ι).
1311 1081 1456 1153 basnagius
1480 1083 1655 1141 Paschasium
1677 1087 1749 1142 liad-

127 1159 252 1223 possunt.
269 1150 397 1218 Qrtamris
417 1151 532 1219 scriptor
546 1148 729 1206 Confessionis
747 1150 820 1216 ipsos
841 1148 916 1202 Pela·
964 1149 1080 1210 bertum,
1097 1149 1279 1214 llincmarum,
1297 1150 1461 1220 llaymonem
1482 1152 1745 1219 halberstadensem,

128 1222 165 1344 lali
180 1229 227 1275 aut
240 1219 362 1275 Cassiani
376 1234 484 1274 errores
498 1219 568 1272 hand
582 1218 758 1287 adoptaverit,
769 1218 832 1280 imo,
844 1218 915 1287 guod
963 1217 1147 1282 Anastasium,
1164 1235 1277 1288 quornm
1292 1223 1444 1275 testimonia
1454 1223 1557 1291 profert
1568 1223 1747 1290 llabillonius,

139 1290 280 1362 egentibus
293 1288 464 1343 manifestum
479 1288 518 1350 fit,
532 1295 624 1356 aperte
641 1288 694 1341 illis
708 1287 913 1342 contradixerit.
963 1288 1063 1342 vixisse
1077 1297 1139 1341 ante
1153 1290 1278 1343 saeculum
1294 1291 1436 1354 decimum,
1456 1301 1483 1345 et
1497 1291 1672 1348 Paschasium
1687 1296 1748 1364 grti-

124 1360 222 1430 Pergit
231 1357 468 1428 veroliasnagius:
484 1376 493 1408 ι
509 1357 614 1411 Scimus
623 1357 764 1410 dictrinnm
776 1356 859 1410 luisse
869 1359 915 1410 de
937 1356 1023 1410 “dem
1033 1373 1099 1426 pene
1112 1360 1242 1427 cumipse
1255 1360 1353 1414 vixisse
1363 1359 1484 1427 dlcrrino,
1496 1371 1576 1432 atquc
1589 1365 1746 1432 magistrum

129 1429 265 1486 fensorem
280 1429 372 1499 gratiae
397 1438 423 1481 et.
451 1426 610 1495 discipulum
635 1427 722 1480 saneti
747 1425 912 1494 hirgnstini:
963 1423 1532 1484 babuissebcutumddalhunlurnabbatem
1544 1429 1745 1496 corbeiensem,

128 1500 201 1570 «ruod
222 1498 309 1553 solum
324 1499 459 1551 sullicitut
472 1512 532 1551 eam
543 1496 745 1569 Confessionern
770 1495 841 1548 illius
861 1510 914 1549 non
963 1494 990 1548 in
1010 1497 1100 1550 schola
1117 1498 1223 1551 alcuini
1245 1498 1388 1552 formatum
1411 1499 1584 1569 :librumque
1606 1502 1639 1555 dc
1653 1501 1748 1556 Sacra-

127 1583 190 1624 esse
199 1568 344 1639 judicetur,
360 1567 403 1620 cui
423 1567 525 1620 inserta
540 1573 587 1624 est¹
605 1565 745 1620 Confessio
760 1564 911 1634 Pelagianu.
963 1574 1053 1618 mento
1068 1566 1172 1629 altaris,
1191 1567 1284 1636 inquo
1306 1576 1433 1638 negantes
1455 1571 1625 1637 praesentiam
1646 1569 1747 1625 realem

129 1637 197 1701 lmo,
217 1636 263 1708 uit,
279 1644 372 1691 unctor
384 1635 566 1700 Confessionis
581 1635 664 1688 utitur
678 1634 853 1691 Confessioae
865 1633 914 1688 Pe-
962 1644 1101 1689 sectatores
1114 1636 1294 1689 larrreticorum
1315 1638 1489 1707 appellantur,
1508 1641 1595 1706 prima
1605 1638 1664 1693 rice
1677 1654 1749 1694 anno

126 1702 204 1778 lugii,
221 1716 250 1760 nt
264 1705 377 1760 facilius
398 1703 541 1774 profundat
558 1718 664 1758 errores
687 1703 914 1774 Sernipelagiuno
930 1702 1013 1782 8⁸3¹
1030 1705 1202 1758 aPaschusio
1216 1707 1306 1770 ,baisse
1324 1707 1442 1760 editum?
1463 1707 1532 1777 Ergo
1545 1717 1607 1761 ante
1622 1709 1748 1763 saecrrlum

129 1792 201 1840 rum,
226 1777 298 1845 guod
311 1776 344 1829 de
357 1775 470 1829 lllcuino
493 1775 621 1829 aestimari
646 1773 755 1827 minime
784 1782 882 1843 potest.
903 1793 911 1822 ι
965 1773 1110 1838 decimum,
1125 1781 1152 1827 et
1165 1775 1222 1843 ipso
1237 1784 1357 1844 tempore
1369 1776 1474 1830 llleuiui
1488 1777 1605 1831 literetici
1617 1791 1677 1832 osse
1689 1792 1750 1833 eeu·

126 1847 180 1901 Ast
191 1846 291 1901 fallitur
318 1846 359 1899 ιιι
372 1844 508 1909 eruditus;
524 1843 659 1898 nonenim
682 1843 797 1912 scriptor
813 1842 858 1896 hic
873 1859 916 1897 cr·
963 1844 1104 1907 schaeam,
1117 1845 1162 1912 gari
1177 1844 1214 1897 illi
1225 1845 1346 1914 dogmati
1358 1847 1590 1911 contradicebant,
1604 1862 1672 1916 quos
1686 1863 1750 1929 pro·

127 1931 206 1971 rores
222 1915 321 1985 Pelagii
344 1930 400 1969 suaa
416 1914 584 1968 Confessioni
608 1913 736 1977 inseruit;
752 1921 800 1966 ant
811 1926 843 1965 eu
856 1927 916 1980 qna
963 1920 1056 1980 pterea
1069 1915 1114 1967 eti
1135 1928 1163 1967 se
1176 1913 1306 1969 aletrinus
1320 1915 1410 1970 dicere
1421 1916 1507 1984 potnit
1522 1917 1642 1970 heretica
1653 1918 1748 1987 optrito

127 1982 157 2040 in
173 1985 218 2040 illa
243 1986 331 2039 minus
345 1983 496 2052 orthodoxa
513 1990 585 2047 sunt,
602 1983 754 2051 adoptarit3
781 1982 814 2035 de
829 1983 915 2051 gratia
964 1981 1091 2051 deceptos.
1129 1998 1160 2035 ur
1171 1999 1235 2037 vero
1247 1986 1457 2039 contradictores
1470 1985 1606 2041 Pasclrusii
1621 2001 1673 2041 non
1692 1987 1749 2042 luc·

128 2056 201 2110 enirn
217 2070 327 2125 prorsus
340 2053 470 2108 catholice
485 2056 567 2107 sentit
580 2059 647 2121 part.
664 2068 705 2114 ur,
721 2067 749 2105 n.
767 2050 798 2103 δι
815 2059 842 2104 et
852 2051 914 2106 alibi
964 2050 1019 2104 rint
1029 2067 1077 2120 pro
1089 2053 1231 2117 haereticis,
1245 2061 1275 2107 ut
1286 2054 1371 2118 aiunt,
1387 2054 1542 2110 formalibus
1553 2056 1648 2120 habiti,
1664 2071 1746 2111 causa

146 2126 239 2179 assim.
254 2124 422 2193 Quapropter
444 2122 605 2177 calumniam
621 2120 703 2175 infert
721 2120 752 2174 ll.
767 2120 862 2174 Basnu
874 2122 914 2176 ius
964 2122 1090 2189 estquod
1114 2137 1167 2175 nou
1180 2124 1298 2175 errarint
1313 2124 1384 2177 circu
1400 2125 1577 2178 substantiam
1597 2126 1746 2196 dogmatis,

125 2142 191 2250 fluis
217 2195 340 2263 scriptori
356 2194 474 2247 omnium
491 2192 593 2261 jndicio
615 2205 677 2245 rere
692 2189 833 2255 catholieo,
851 2138 915 2245 gum
963 2205 1011 2244 seu
1027 2191 1098 2244 circa
1113 2191 1197 2259 ipsam
1212 2191 1309 2245 realem
1322 2194 1491 2261 praesentiam
1514 2196 1634 2263 corporis
1647 2195 1747 2251 Christi

127 2264 201 2318 nulla
217 2264 321 2318 reddita
339 2264 444 2317 ratione
468 2263 562 2317 scribit
587 2261 661 2314 illum
676 2257 850 2314 Confessionc
871 2260 914 2313 illa
965 2259 991 2313 in
1008 2260 1177 2314 Errebaristia
1190 2278 1197 2313 :
1210 2262 1378 2315 soldmenim
1396 2264 1746 2331 reprehenderuntrnodnrn

126 2332 273 2415 Pelagiana
290 2349 367 2388 rrsrrm
383 2334 476 2396 luisse,
491 2341 521 2384 nt
534 2330 638 2384 facilius
653 2327 796 2409 profundat
808 2344 914 2384 errores
964 2328 1187 2398 inusitatumque
1212 2331 1284 2384 illam
1311 2334 1481 2399 presentiam
1507 2334 1658 2401 exponebat
1682 2333 1747 2388 Pas-

128 2402 414 2484 Seuupelagiauorum,
432 2402 528 2470 quibus
548 2411 638 2454 tamen
653 2413 710 2467 rpsc
733 2399 915 2480 multipliciter
963 2398 1081 2463 chasius,
1104 2400 1196 2455 dicens
1215 2416 1312 2469 corpus
1323 2400 1423 2455 Christi
1444 2403 1471 2455 in
1493 2402 1745 2458 Errebaristiuillnd

127 2472 298 2527 coruradicu.
322 2472 412 2540 Neque
428 2487 475 2525 rer
506 2469 699 2524 etiamruirum
713 2482 818 2523 censen
834 2470 915 2523 debe-
963 2467 1033 2523 idem
1048 2484 1106 2522 esse
1121 2470 1191 2538 quod
1206 2479 1296 2524 natum
1310 2480 1351 2525 est
1364 2486 1397 2524 ex
1412 2471 1495 2525 llariu
1508 2473 1621 2542 uirgine,
1635 2487 1745 2541 passum

127 2550 181 2606 ret,
196 2542 219 2596 si
233 2541 372 2596 Confessio
386 2539 484 2610 Pelagii
499 2540 566 2594 falso
576 2537 717 2608 Augustini
727 2548 774 2591 aru
786 2537 914 2607 llierony·
964 2536 1093 2603 inemec,
1108 2547 1136 2592 et
1150 2541 1299 2595 resurrexit
1312 2555 1327 2593 a
1342 2542 1466 2595 mortuis.
1492 2542 1529 2597 lie
1550 2558 1603 2611 qua
1627 2556 1656 2596 re
1675 2543 1746 2597 baud

127 2611 166 2666 rui
186 2613 293 2665 nominc
308 2611 443 2681 insignita,
464 2609 577 2664 Aletrino
588 2607 767 2676 imposuisset.
792 2607 914 2679 Pelagius
963 2621 1030 2676 opus
1048 2617 1091 2661 est
1108 2609 1209 2663 ‹lirrtins
1234 2610 1285 2664 hoe
1305 2610 1363 2665 loco
1386 2611 1528 2674 disserere,
1552 2612 1622 2682 qrrod
1639 2613 1747 2681 copiose

128 2680 261 2750 siquidem
277 2696 397 2734 errorem
410 2696 488 2734 strum
502 2688 555 2733 tam
570 2678 636 2732 scite
647 2676 772 2746 obtegere
784 2678 867 2742 notit,
885 2685 914 2730 ut
962 2678 1088 2747 prestitit
1105 2677 1272 2734 llabillonius
1293 2681 1300 2733 i
1333 2694 1349 2733 e
1368 2680 1394 2734 in
1416 2681 1522 2735 Prefat.
1539 2680 1599 2736 Act.
1623 2680 1672 2735 SS.
1696 2680 1747 2737 Be·

127 2749 193 2804 dum
207 2749 300 2805 Roma
313 2749 419 2819 publice
434 2749 575 2820 legeretur,
588 2760 681 2801 omncs
692 2755 839 2815 presentes
852 2763 914 2801 cuni
963 2747 1025 2801 ned.
1043 2763 1104 2802 suae.
1125 2763 1162 2811 rr,
1180 2764 1239 2817 cup.
1256 2750 1283 2813 l,
1324 2750 1351 2802 l.

127 2807 237 2874 Zosrmo
249 2835 317 2889 papa
331 2817 533 2874 Confessionem
547 2816 647 2888 Pelagii
662 2813 839 2870 orthodoxam
854 2831 914 2871 esse
1000 2814 1039 2886 (n)
1061 2817 1094 2870 ln
1117 2818 1227 2871 concilio
1248 2818 1389 2888 Ephesiae.
1419 2819 1459 2874 ad
1486 2820 1544 2874 hnc
1573 2819 1745 2890 liasnugius:

127 2898 290 2957 censerent,
314 2897 344 2942 ut
375 2898 476 2943 nomnt
503 2885 621 2942 historiae
647 2880 836 2955 Pelagiauismi
860 2900 914 2940 non
967 2884 1119 2940 «sentiens
1140 2887 1316 2954 llabillonius,
1335 2889 1430 2956 inquit,
1448 2890 1612 2944 debilitatem
1626 2891 1747 2959 priorum

127 2959 225 3031 ignari.
579 2978 582 2982 ·
965 2965 1200 3024 argruueutorum,
1223 2957 1368 3026 volensque
1395 2958 1501 3012 illorum
1533 2960 1588 3012 rim
1619 2973 1745 3028 reparare

165 3026 196 3100 (i)
212 3026 257 3082 lbi
266 3029 385 3099 saperius
398 3025 581 3081 demonstrari.
600 3043 610 3076 ι
628 3022 694 3088 lmo,
711 3024 797 3093 inquit
812 3023 914 3077 Basnu-
965 3024 1085 3095 confligit
1102 3027 1134 3079 ad
1149 3026 1291 3080 concilium
1306 3027 1478 3096 Ephesinum,
1492 3029 1562 3096 qrrod
1576 3029 1747 3097 praesentiam

146 3097 199 3162 ius,
214 3112 247 3152 cx
270 3097 321 3152 hoc
344 3097 403 3168 ipso
417 3096 488 3165 prrod
511 3095 594 3149 multa
613 3110 645 3149 es
668 3094 782 3164 Specrrlo
796 3102 823 3147 et
845 3092 913 3146 libro
967 3095 1064 3148 realem
1077 3096 1226 3160 statuisset,
1239 3097 1429 3166 etoppositum
1448 3096 1603 3152 damnasset
1614 3111 1745 3152 errorem.

126 3113 331 3222 {feditationum
346 3175 472 3236 excerpta
484 3165 548 3230 siut,
562 3173 644 3233 putet,
660 3163 724 3219 Cod.
738 3179 789 3217 urs.
805 3163 915 3217 lioeria-
966 3162 1066 3219 Saltem
1086 3164 1252 3220 Lunfraucus
1264 3173 1292 3220 et
1312 3167 1468 3237 Anonymus
1489 3165 1592 3221 Cellotii
1608 3175 1645 3220 itu
1657 3168 1746 3223 credi·

127 3252 194 3291 num
205 3252 258 3291 non
271 3252 331 3291 esse
354 3248 409 3291 turn
424 3243 558 3289 retnstnru
572 3248 652 3303 emam
675 3234 836 3303 persuadere
860 3232 917 3286 vult
965 3232 1071 3298 derunt,
1086 3236 1124 3288 ait
1140 3234 1316 3290 llabillonius.
1333 3236 1430 3289 Verum
1445 3235 1530 3290 isdem
1542 3236 1591 3291 bos
1607 3235 1689 3292 fuisse
1701 3237 1748 3291 dc-

127 3294 307 3371 babilonius,
337 3306 383 3361 sed
403 3305 528 3360 seculum
552 3320 578 3357 ιι
602 3302 672 3357 hund
686 3303 802 3358 excedit.
822 3321 831 3353 ι
849 3299 916 3356 llira
965 3312 1057 3373 ceptus
1068 3305 1190 3374 agnoscit
1204 3314 1231 3359 et
1246 3306 1398 3360 confitetur.
1414 3304 1471 3360 buo
1484 3306 1608 3361 homines
1620 3307 1675 3372 isti,
1687 3321 1748 3376 per-

129 3373 251 3445 prolecto
272 3376 425 3446 responsio!
443 3375 528 3445 Negat
552 3373 719 3427 llabillonius
743 3373 813 3441 rgtrnd
826 3370 915 3443 aliqua
965 3374 1003 3442 git
1011 3374 1167 3444 basnagius,
1176 3375 1232 3427 nati
1242 3375 1456 3443 postetabilitam
1468 3377 1746 3430 transsubstantiatio·

128 3460 163 3499 cx
185 3444 298 3515 Speculo
320 3455 348 3500 et
361 3446 429 3499 libro
445 3444 644 3498 lleditatiouunr
659 3451 785 3512 excerpta
800 3442 865 3504 sint,
890 3449 917 3495 ct
965 3458 1037 3507 nem,
1059 3446 1129 3498 aridi
1146 3445 1333 3513 probationum
1347 3444 1446 3514 aliquid
1460 3446 1510 3499 sibi
1522 3446 1614 3501 fatens
1627 3446 1747 3517 reperire

127 3515 226 3586 probat
237 3530 270 3570 ea
285 3532 344 3585 qrtae
358 3517 384 3569 in
403 3514 517 3584 Speculo
540 3523 567 3567 ct
582 3513 650 3567 libro
664 3512 866 3568 lfeditationum
880 3512 917 3565 si·
964 3513 1076 3582 capiunt
1090 3514 1115 3567 in
1133 3515 1247 3568 concilio
1265 3514 1414 3583 Ephesium
1438 3515 1483 3584 qui
1499 3523 1598 3580 tamen
1614 3515 1684 3570 haud
1706 3530 1748 3570 re-

129 3584 240 3654 mulque
261 3585 288 3638 in
308 3585 483 3639 Confessione
499 3584 640 3646 habentur,
655 3584 743 3652 potins
757 3596 791 3635 ex
812 3582 862 3635 hac
889 3582 915 3635 in
983 3590 1099 3651 ugnunte
1120 3583 1283 3648 llabillonio,
1300 3584 1403 3653 decepti
1419 3593 1513 3639 sunt...
1533 3585 1574 3639 lln
1599 3600 1632 3640 ex
1654 3585 1748 3639 simili-

129 3653 190 3709 illos
205 3654 308 3708 libellos
330 3655 412 3709 fnisse
426 3654 557 3717 «loricata,
568 3668 649 3722 guam
662 3669 695 3706 ex
706 3652 758 3706 illis
773 3651 798 3703 in
811 3651 889 3704 istam
907 3669 913 3703 :
1002 3667 1015 3706 s
1028 3654 1256 3721 suppositionibus
1269 3652 1362 3707 inferri
1375 3663 1463 3724 potest
1471 3653 1614 3709 alcuinum
1627 3669 1688 3708 esse
1703 3669 1748 3707 an·

129 3737 181 3778 nec
197 3723 227 3777 b.
245 3725 391 3794 basnagius
412 3723 467 3777 ullo
480 3723 562 3779 rerba
583 3720 869 3791 probat'cantrarium;
889 3728 917 3773 et
963 3728 1067 3777 ctorem
1083 3719 1276 3788 Confessionis,
1296 3723 1323 3777 in
1342 3736 1394 3791 gua
1412 3731 1540 3792 negantes
1560 3723 1657 3776 realem
1680 3737 1749 3791 prae-

130 3801 220 3846 tamen
247 3793 273 3847 id
298 3792 546 3862 quasi'confessum
562 3792 776 3859 assentiamque
791 3790 915 3856 pruinali·
965 3792 1078 3844 sentiani
1094 3799 1245 3845 tractantur
1259 3800 1385 3860 mnquum
1401 3792 1539 3845 haeretiei?
1558 3811 1567 3842 ι
1584 3791 1634 3845 Ast
1646 3791 1748 3845 fallitur

128 3863 193 3930 quid
218 3864 366 3917 rationibus
390 3862 533 3917 llabillouii
561 3871 688 3931 opponat,
714 3860 812 3913 inferre
836 3859 917 3912 audet
965 3859 1129 3926 rirdoetus;
1155 3860 1293 3914 nonenim
1309 3859 1747 3930 ntitnrllabillnniusargumento

128 3932 250 3987 codicem
278 3934 438 3987 boerianum
457 3947 519 3986 esse
541 3930 655 4000 Speculo
669 3937 695 3983 et
716 3929 784 3982 libro
805 3926 916 3981 lledita·
963 3926 1024 3989 boc,
1053 3930 1133 3983 ducto
1155 3944 1188 3982 ex
1211 3929 1324 3983 concilio
1345 3929 1494 3998 Ephesiae,
1524 3929 1557 3982 ad
1580 3928 1746 3997 probandum

129 4002 232 4057 tionum
254 4004 441 4057 recentiorem.
458 4001 533 4068 Quod
550 4016 566 4054 u
583 4001 641 4053 viro
655 3999 722 4076 tpnti
743 3997 858 4065 staminis
872 4013 916 4052 ne·
965 3998 1035 4069 quod
1047 3998 1182 4068 ,Alcuinns
1195 3999 1232 4055 sit
1254 4006 1346 4054 auctor
1369 3998 1551 4053 Confessionis
1563 3997 1746 4062 Chillletiana,

129 4085 237 4125 moexs
272 4081 379 4126 etassot.
759 4071 763 4078 '
816 4068 820 4076 “
965 4067 1012 4123 sed
1041 4066 1075 4121 ad
1108 4067 1296 4122 infirmandum
1329 4077 1514 4140 argumentum
1552 4067 1665 4132 Dalleei,
1701 4070 1747 4138 qui

166 4140 204 4212 (ιι)
248 4142 264 4194 d
278 4143 381 4196 tertiam
395 4151 575 4210 argentoratum
589 4137 685 4192 bollini
706 4136 776 4206 qnod
797 4136 916 4191 llabillo-
965 4138 1118 4192 curatione
1144 4137 1256 4191 dleuino
1282 4137 1416 4205 abjudicat
1447 4137 1518 4191 illam
1544 4136 1747 4193 Confessionenr

128 4211 193 4267 uitis
206 4211 314 4275 refutat,
329 4213 360 4266 ll.
376 4210 521 4280 basnagius
533 4209 624 4262 addit:
640 4226 649 4258 ι
668 4208 695 4262 Si
711 4204 851 4262 Confessio
871 4206 917 4259 lll-
966 4208 1036 4274 qnod
1057 4207 1180 4261 homines
1197 4208 1366 4275 praesentiam
1401 4206 1499 4261 realem
1522 4207 1643 4277 eorporis
1665 4207 1746 4262 Chri·

128 4279 203 4335 cuini
222 4282 338 4351 genuina
361 4291 441 4344 esset,
462 4280 607 4349 scriptores
620 4278 657 4332 illi
667 4279 712 4347 qni
728 4287 781 4331 tum
796 4276 916 4331 studiose
966 4277 1001 4331 ati
1029 4276 1056 4330 in
1082 4277 1252 4332 Eucharistia
1276 4286 1404 4347 negantes
1429 4277 1552 4331 heretico
1576 4277 1669 4347 spirita
1703 4278 1749 4330 de-

129 4350 293 4420 inquisisere
310 4362 432 4407 veterum
450 4349 602 4404 testimonia
619 4348 747 4417 proreali
779 4347 912 4410 raesentiu,
966 4355 1051 4416 ceptor
1070 4346 1185 4416 appellet
1205 4352 1376 4403 :etcuusam
1400 4347 1488 4402 reddit
1503 4346 1681 4408 blahillonius,
1701 4361 1750 4400 cur

128 4432 180 4490 pro
202 4435 250 4474 sua
266 4422 398 4475 sententia
420 4419 491 4473 illam
505 4419 688 4472 excitassent:
704 4429 732 4472 et
752 4363 915 4471 Paschasius
930 4403 953 4463 Ι)
966 4432 1018 4470 non
1042 4425 1144 4469 tanturn
1159 4418 1176 4470 ii
1190 4418 1234 4486 qui
1250 4428 1340 4485 aperte
1359 4432 1418 4472 sese
1439 4416 1557 4484 dogmati
1572 4416 1606 4470 ab
1627 4415 1748 4471 Ecclesia

130 4497 205 4544 cerie
215 4490 266 4544 boc
276 4500 352 4545 sentit
364 4506 428 4543 usus
442 4489 638 4542 fuissetcoutra
656 4503 718 4542 stro»
734 4487 913 4551 adversarios,
964 4496 1028 4540 tunc
1045 4487 1171 4555 temporis
1186 4497 1293 4556 receptu
1307 4487 1503 4556 apposuissent,
1520 4486 1661 4539 sedetiam
1680 4500 1748 4540 uou-

94 4560 96 4564 '
129 4572 181 4612 nec
200 4559 280 4625 hrrjus
298 4560 409 4614 sulsidii
432 4560 578 4621 debuisset,
604 4568 634 4611 ut
650 4557 724 4622 lecit,
749 4557 881 4610 obliuisci.
903 4576 911 4607 ι
965 4555 1029 4608 ιιιιιιι
1046 4555 1134 4610 dubiae
1150 4558 1210 4610 fidei
1232 4556 1356 4612 catholici
1371 4557 1427 4625 gui,
1445 4556 1568 4609 humanis
1591 4554 1748 4609 ratiunculis

129 4626 199 4682 lluic
215 4644 245 4681 ar
264 4638 371 4683 runcato
390 4630 445 4698 jam
462 4629 517 4696 ipse
536 4627 704 4682 llabillonins
727 4625 858 4681 satisfecit
871 4641 916 4680 su·
964 4633 991 4679 et
1005 4626 1128 4680 sensibus
1141 4626 1201 4695 plus
1215 4642 1291 4696 aeguo
1309 4626 1419 4688 addicti,
1435 4625 1468 4677 de
1481 4625 1533 4677 huc
1550 4623 1641 4678 divino
1655 4639 1749 4679 sacru-

128 4710 178 4819 plru
194 4697 225 4750 N.
243 4647 285 4762 lt,
301 4700 371 4767 qrrod
385 4711 527 4768 propterea
546 4697 576 4748 b.
597 4696 753 4766 basnagius,
778 4696 915 4764 praeterita
965 4703 1056 4747 mento
1081 4711 1133 4748 non
1149 4706 1220 4750 recte
1234 4696 1374 4758 sentirent,
1394 4693 1522 4755 baeretici,
1534 4692 1576 4746 vel
1590 4694 1697 4758 saltem,
1718 4702 1749 4747 ut

927 3058 949 3121 C

156 4767 275 4821 abillonii
290 4768 431 4829 solutione,
450 4777 570 4836 repetere
584 4782 636 4820 urin
648 4767 748 4818 debirit.
964 4762 1138 4818 Chiflletianae
1152 4763 1334 4819 Confessionis
1346 4772 1439 4817 auctor
1454 4777 1513 4817 sese
1527 4762 1668 4832 exprimit,
1692 4763 1748 4817 ha·

966 4834 1044 4886 retice
1054 4835 1147 4896 spirita
1159 4834 1258 4903 decepti
1267 4834 1405 4903 potuerint
1417 4832 1469 4886 dici
1483 4841 1511 4885 et
1521 4831 1658 4901 appellari.
1668 4832 1746 4899 Quia,

966 4901 1063 4970 inqnit,
1087 4912 1206 4956 veterum
1250 4904 1417 4966 uorurndum,
1440 4901 1595 4966 Lanfranci,
1615 4901 1749 4972 Anonymi

966 4970 1071 5025 Cellotii
1082 4973 1223 5041 persuasio
1230 4920 1292 5036 linit,
1308 4973 1333 5025 in
1344 4971 1457 5027 concilio
1469 4972 1603 5041 Ephesino
1618 4971 1749 5026 sancit-rm

967 5039 1051 5097 fnisse
1064 5041 1096 5095 dc
1111 5042 1280 5097 Eucharistia
1294 5042 1373 5098 fidem
1386 5050 1516 5106 nostram,
1529 5050 1610 5110 atque
1622 5041 1688 5096 diris
1699 5041 1748 5095 ud-

968 5110 1054 5166 dictos
1069 5112 1115 5181 qui
1128 5114 1292 5166 contrarium
1305 5113 1400 5182 dogma
1416 5112 1499 5166 secuti
1511 5119 1609 5166 essent.
1624 5110 1677 5165 Sed
1691 5110 1746 5174 isti,

968 5180 1068 5250 inquis,
1083 5181 1187 5250 decepti
1202 5190 1283 5235 sunt:
1300 5180 1343 5237 Sit
1355 5181 1408 5236 ita!
1423 5180 1522 5235 bernus
1535 5196 1599 5235 uero
1612 5180 1685 5235 viros
1703 5181 1752 5236 dr·

969 5259 1028 5306 ctos
1053 5251 1103 5305 aeri
1136 5250 1225 5305 Caroli
1253 5251 1340 5319 Magni
1366 5259 1392 5305 ct
1417 5250 1488 5304 luter
1518 5248 1577 5304 illos
1607 5249 1750 5305 Alerrfnum

969 5321 1062 5375 eodem
1076 5319 1230 5390 prejudicio
1242 5319 1379 5375 laborasse
1391 5337 1397 5372 :
1411 5320 1484 5374 naba
1497 5320 1569 5374 enirn
1583 5334 1663 5375 cansa
1675 5317 1751 5374 rerhll

969 5398 1058 5459 potest
1069 5407 1118 5445 cur
1129 5390 1155 5445 id
1169 5390 1225 5445 fleri
1239 5406 1292 5444 non
1307 5390 1423 5460 potuerit
1444 5408 1451 5443 a
1468 5391 1547 5445 babet
1561 5405 1625 5459 ergo
1639 5389 1753 5444 bullans

971 5473 1079 5516 eausam
1091 5460 1125 5514 ob
1139 5475 1219 5529 utram
1235 5469 1362 5531 negantes
1374 5460 1543 5529 presentium
1557 5460 1656 5514 realem
1668 5460 1753 5514 baere-

972 5529 1017 5583 tici
1032 5537 1078 5584 aut
1093 5530 1219 5583 haerctico
1232 5530 1327 5598 spiritu
1343 5530 1446 5599 decepti
1468 5531 1501 5584 ab
1516 5530 1574 5598 ipso
1586 5542 1692 5598 quoqne
1705 5527 1752 5580 dl·

972 5599 1052 5654 cuino
1066 5599 1118 5654 dici
1132 5599 1268 5667 potuerint
1281 5608 1306 5653 et
1319 5599 1455 5669 appellari.
1472 5599 1560 5654 liranis
1570 5613 1599 5653 er
1617 5608 1683 5654 oest
1698 5597 1753 5650 cri·

973 5669 1010 5724 sis
1030 5669 1061 5722 tt.
1084 5668 1217 5739 Basuagii.
1235 5668 1306 5739 Lege
1316 5669 1410 5735 etiam,
1423 5670 1445 5724 si
1459 5668 1533 5735 lilet,
1547 5669 1581 5723 de
1598 5615 1648 5723 Rae
1659 5666 1752 5723 defrui-

165 4835 247 4907 383
275 4838 305 4909 (Ι)
327 4837 489 4889 Tertulliano
513 4835 705 4904 abjudicandas
730 4847 767 4888 est
791 4832 857 4886 liber
881 4833 916 4885 nd

131 4904 272 4960 Nationes.
295 4927 304 4956 ι
323 4906 481 4975 Exemplum
501 4906 667 4967 Tertulliani,
690 4905 727 4957 uit
752 4903 914 4971 basnagius,

128 4990 187 5043 tion
208 4977 337 5044 qrradrat3
363 4992 424 5029 narn
443 4976 511 5030 liber
535 4974 568 5027 ad
589 4974 716 5029 Nationes
732 4973 801 5027 idern
822 4981 864 5026 est
885 4988 917 5026 ac

128 5036 270 5114 Apologia,
279 5046 391 5100 diversae
402 5045 488 5099 solum
498 5043 633 5108 editionis,
641 5045 712 5098 itaut
722 5058 774 5096 unu
786 5042 820 5097 sit
834 5043 917 5110 ntagis

129 5113 249 5184 expolita
264 5122 292 5170 ct
304 5115 409 5169 auctior
423 5130 502 5184 qrram
519 5113 623 5168 altera:
639 5113 683 5168 cni
698 5111 849 5182 comparari
865 5128 918 5166 uon

129 5192 253 5238 rueretur
263 5183 403 5240 Confessio
411 5183 588 5246 Chillletiana,
602 5183 749 5305 segnienpis
763 5182 849 5236 solum
860 5182 919 5305 (Rai-

130 5253 246 5309 busdam
260 5255 367 5308 Alcuiui
381 5269 535 5324 conspersa.
552 5273 561 5305 t
581 5253 679 5307 Verum
694 5253 791 5305 irarum
810 5253 843 5306 ad
888 5267 919 5305 a·

131 5323 221 5377 tiones
235 5325 360 5379 cunrdern
374 5340 433 5378 esse
453 5339 513 5378 carru
535 5322 664 5392 Apologia
678 5321 834 5376 Tertulliani
852 5337 920 5376 noa-

129 5390 197 5446 dttm
213 5393 366 5462 expeditum
381 5400 431 5447 est.
455 5393 524 5464 Lege
539 5393 570 5446 l).
584 5391 687 5461 Retraig.
707 5389 825 5455 Ceillier,
846 5391 918 5445 llirt.

129 5463 193 5531 pfu-
218 5462 265 5517 der
289 5462 401 5517 Aeteurt
422 5468 518 5525 sacres,
540 5470 605 5526 ete,
628 5469 693 5516 tom.
708 5460 740 5524 ll,
765 5475 827 5531 pag.
851 5460 919 5525 408,

130 5546 209 5586 num.
225 5533 253 5600 ὅ.
268 5532 379 5588 lnterirn
393 5542 482 5588 umen
496 5533 609 5604 ipsemet
628 5530 796 5587 llabillonins
812 5531 942 5601 agnovit·

130 5614 213 5724 p‘osse
228 5610 373 5672 utrumque
387 5604 510 5658 eumdem
529 5616 600 5667 csse,
624 5602 687 5656 dum
709 5601 747 5655 ait
769 5601 815 5656 :ri
835 5612 922 5656 taurea

161 5685 213 5725 tar.
