<?xml version="1.0" encoding="UTF-8"?>
<!DOCTYPE html PUBLIC "-//W3C//DTD XHTML 1.0 Transitional//EN"
    "http://www.w3.org/TR/xhtml1/DTD/xhtml1-transitional.dtd">
<html xmlns="http://www.w3.org/1999/xhtml" xml:lang="en" lang="en">
 <head>
  <title>
</title>
<meta http-equiv="Content-Type" content="text/html;charset=utf-8" />
  <meta name='ocr-system' content='tesseract 3.04.00' />
  <meta name='ocr-capabilities' content='ocr_page ocr_carea ocr_par ocr_line ocrx_word'/>
</head>
<body>
  <div class='ocr_page' id='page_1' title='image "./patrologiaecurs25goog/patrologiaecurs25goog_0433.png"; bbox 0 0 3780 6120; ppageno 0'>
   <div class='ocr_carea' id='block_1_1' title="bbox 111 322 164 383">
    <p class='ocr_par' dir='ltr' id='par_1_1' title="bbox 111 322 164 383">
     <span class='ocr_line' id='line_1_1' title="bbox 111 322 164 383; baseline 0 0"><span class='ocrx_word' id='word_1_1' title='bbox 111 322 164 383; x_wconf 78' lang='lat' dir='ltr'><strong>sti</strong></span> 
     </span>
    </p>
   </div>
   <div class='ocr_carea' id='block_1_2' title="bbox 521 302 1323 370">
    <p class='ocr_par' dir='ltr' id='par_1_2' title="bbox 521 302 1323 370">
     <span class='ocr_line' id='line_1_2' title="bbox 521 302 1323 370; baseline -0.015 0"><span class='ocrx_word' id='word_1_2' title='bbox 521 314 551 370; x_wconf 85' lang='grc' dir='ltr'><strong>Β.</strong></span> <span class='ocrx_word' id='word_1_3' title='bbox 573 314 603 369; x_wconf 77' lang='lat' dir='ltr'><strong>F.</strong></span> <span class='ocrx_word' id='word_1_4' title='bbox 624 311 738 368; x_wconf 70' lang='lat' dir='ltr'><strong>ebullit</strong></span> <span class='ocrx_word' id='word_1_5' title='bbox 755 302 821 366; x_wconf 80' lang='lat' dir='ltr'><strong>SEU</strong></span> <span class='ocrx_word' id='word_1_6' title='bbox 840 306 980 365; x_wconf 72' lang='lat' dir='ltr'><strong>alcuini</strong></span> <span class='ocrx_word' id='word_1_7' title='bbox 998 305 1140 363; x_wconf 74' lang='lat' dir='ltr'><strong>unusual</strong></span> <span class='ocrx_word' id='word_1_8' title='bbox 1159 304 1249 360; x_wconf 76' lang='lat' dir='ltr'><strong>PARS</strong></span> <span class='ocrx_word' id='word_1_9' title='bbox 1268 303 1323 358; x_wconf 86' lang='lat' dir='ltr'><strong>llll.</strong></span> 
     </span>
    </p>
   </div>
   <div class='ocr_carea' id='block_1_3' title="bbox 1697 297 1748 355">
    <p class='ocr_par' dir='ltr' id='par_1_3' title="bbox 1697 297 1748 355">
     <span class='ocr_line' id='line_1_3' title="bbox 1697 297 1748 355; baseline -0.039 0"><span class='ocrx_word' id='word_1_10' title='bbox 1697 297 1748 355; x_wconf 77' lang='lat' dir='ltr'><strong>titt</strong></span> 
     </span>
    </p>
   </div>
   <div class='ocr_carea' id='block_1_4' title="bbox 111 415 1750 512">
    <p class='ocr_par' dir='ltr' id='par_1_4' title="bbox 111 415 1750 512">
     <span class='ocr_line' id='line_1_4' title="bbox 111 415 1750 512; baseline -0.017 -14"><span class='ocrx_word' id='word_1_11' title='bbox 111 439 235 512; x_wconf 88' lang='lat' dir='ltr'><strong>corporis</strong></span> <span class='ocrx_word' id='word_1_12' title='bbox 259 438 352 507; x_wconf 84' lang='lat' dir='ltr'><strong>exigit,</strong></span> <span class='ocrx_word' id='word_1_13' title='bbox 376 444 403 491; x_wconf 93' lang='lat' dir='ltr'><strong>et</strong></span> <span class='ocrx_word' id='word_1_14' title='bbox 428 442 560 505; x_wconf 83' lang='lat' dir='ltr'><strong>quantum</strong></span> <span class='ocrx_word' id='word_1_15' title='bbox 580 430 719 503; x_wconf 77' lang='lat' dir='ltr'><strong>sapientiae</strong></span> <span class='ocrx_word' id='word_1_16' title='bbox 748 416 1622 497; x_wconf 60' lang='lat' dir='ltr'><strong>expostulatatatemrestmminiraindmaquaequedetmditis.</strong></span> <span class='ocrx_word' id='word_1_17' title='bbox 1641 415 1750 482; x_wconf 75' lang='lat' dir='ltr'><strong>ouante</strong></span> 
     </span>
    </p>
   </div>
   <div class='ocr_carea' id='block_1_5' title="bbox 105 535 908 682">
    <p class='ocr_par' dir='ltr' id='par_1_5' title="bbox 105 535 908 682">
     <span class='ocr_line' id='line_1_5' title="bbox 105 535 908 682; baseline -0.02 -3"><span class='ocrx_word' id='word_1_18' title='bbox 105 535 414 678; x_wconf 46' lang='lat' dir='ltr'><strong>&#39;nugilgmlicriectorum</strong></span> <span class='ocrx_word' id='word_1_19' title='bbox 427 634 489 675; x_wconf 86' lang='lat' dir='ltr'><strong>csse</strong></span> <span class='ocrx_word' id='word_1_20' title='bbox 511 618 676 673; x_wconf 78' lang='lat' dir='ltr'><strong>arbitramur</strong></span> <span class='ocrx_word' id='word_1_21' title='bbox 697 609 850 682; x_wconf 84' lang='lat' dir='ltr'><strong>hujusmodl</strong></span> <span class='ocrx_word' id='word_1_22' title='bbox 863 623 908 664; x_wconf 87' lang='lat' dir='ltr'><strong>ra-</strong></span> 
     </span>
    </p>
   </div>
   <div class='ocr_carea' id='block_1_6' title="bbox 114 700 908 1057">
    <p class='ocr_par' dir='ltr' id='par_1_6' title="bbox 114 700 908 968">
     <span class='ocr_line' id='line_1_6' title="bbox 114 700 907 779; baseline -0.023 -7"><span class='ocrx_word' id='word_1_23' title='bbox 114 718 197 774; x_wconf 78' lang='lat' dir='ltr'><strong>tionis</strong></span> <span class='ocrx_word' id='word_1_24' title='bbox 209 715 293 769; x_wconf 87' lang='lat' dir='ltr'><strong>lrcuis</strong></span> <span class='ocrx_word' id='word_1_25' title='bbox 304 713 456 768; x_wconf 90' lang='lat' dir='ltr'><strong>animarum</strong></span> <span class='ocrx_word' id='word_1_26' title='bbox 473 723 569 765; x_wconf 88' lang='lat' dir='ltr'><strong>cursus</strong></span> <span class='ocrx_word' id='word_1_27' title='bbox 579 718 715 761; x_wconf 79' lang='lat' dir='ltr'><strong>coercere.</strong></span> <span class='ocrx_word' id='word_1_28' title='bbox 728 733 764 744; x_wconf 96' lang='lat'>-</span> <span class='ocrx_word' id='word_1_29' title='bbox 776 701 852 779; x_wconf 29' lang='lat' dir='ltr'><strong>Mae..</strong></span> <span class='ocrx_word' id='word_1_30' title='bbox 865 700 907 754; x_wconf 80' lang='lat' dir='ltr'><strong>Ad</strong></span> 
     </span>
     <span class='ocr_line' id='line_1_7' title="bbox 115 794 908 876; baseline -0.018 -11"><span class='ocrx_word' id='word_1_31' title='bbox 115 812 187 866; x_wconf 82' lang='lat' dir='ltr'><strong>lianc</strong></span> <span class='ocrx_word' id='word_1_32' title='bbox 207 808 311 863; x_wconf 87' lang='lat' dir='ltr'><strong>scilicet</strong></span> <span class='ocrx_word' id='word_1_33' title='bbox 334 805 540 876; x_wconf 83' lang='lat' dir='ltr'><strong>perlectionem.</strong></span> <span class='ocrx_word' id='word_1_34' title='bbox 564 799 628 854; x_wconf 83' lang='lat' dir='ltr'><strong>dura</strong></span> <span class='ocrx_word' id='word_1_35' title='bbox 654 805 721 854; x_wconf 83' lang='lat' dir='ltr'><strong>aetat</strong></span> <span class='ocrx_word' id='word_1_36' title='bbox 736 794 825 863; x_wconf 70' lang='lat' dir='ltr'><strong>flooet,</strong></span> <span class='ocrx_word' id='word_1_37' title='bbox 843 794 908 852; x_wconf 88' lang='lat' dir='ltr'><strong>dum</strong></span> 
     </span>
     <span class='ocr_line' id='line_1_8' title="bbox 115 892 612 968; baseline -0.026 -13"><span class='ocrx_word' id='word_1_38' title='bbox 115 901 223 955; x_wconf 86' lang='lat' dir='ltr'><strong>onirnns</strong></span> <span class='ocrx_word' id='word_1_39' title='bbox 237 898 321 968; x_wconf 83' lang='lat' dir='ltr'><strong>riget,</strong></span> <span class='ocrx_word' id='word_1_40' title='bbox 333 910 392 960; x_wconf 82' lang='lat' dir='ltr'><strong>vos,</strong></span> <span class='ocrx_word' id='word_1_41' title='bbox 404 893 464 957; x_wconf 88' lang='lat' dir='ltr'><strong>liiii,</strong></span> <span class='ocrx_word' id='word_1_42' title='bbox 474 892 612 946; x_wconf 83' lang='lat' dir='ltr'><strong>cohortor.</strong></span> 
     </span>
    </p>

    <p class='ocr_par' dir='ltr' id='par_1_7' title="bbox 150 976 905 1057">
     <span class='ocr_line' id='line_1_9' title="bbox 150 976 905 1057; baseline -0.02 -10"><span class='ocrx_word' id='word_1_43' title='bbox 150 992 206 1047; x_wconf 81' lang='lat' dir='ltr'><strong>Dus.</strong></span> <span class='ocrx_word' id='word_1_44' title='bbox 232 990 296 1051; x_wconf 83' lang='lat' dir='ltr'><strong>llus,</strong></span> <span class='ocrx_word' id='word_1_45' title='bbox 313 1002 372 1057; x_wconf 84' lang='lat' dir='ltr'><strong>age,</strong></span> <span class='ocrx_word' id='word_1_46' title='bbox 389 993 417 1041; x_wconf 88' lang='lat' dir='ltr'><strong>et</strong></span> <span class='ocrx_word' id='word_1_47' title='bbox 430 983 513 1039; x_wconf 88' lang='lat' dir='ltr'><strong>reduc</strong></span> <span class='ocrx_word' id='word_1_48' title='bbox 526 997 576 1052; x_wconf 90' lang='lat' dir='ltr'><strong>per</strong></span> <span class='ocrx_word' id='word_1_49' title='bbox 589 981 688 1035; x_wconf 84' lang='lat' dir='ltr'><strong>dirime</strong></span> <span class='ocrx_word' id='word_1_50' title='bbox 708 980 768 1034; x_wconf 83' lang='lat' dir='ltr'><strong>uias</strong></span> <span class='ocrx_word' id='word_1_51' title='bbox 782 976 905 1039; x_wconf 86' lang='lat' dir='ltr'><strong>rationis,</strong></span> 
     </span>
    </p>
   </div>
   <div class='ocr_carea' id='block_1_7' title="bbox 955 507 1750 766">
    <p class='ocr_par' dir='ltr' id='par_1_8' title="bbox 955 507 1750 766">
     <span class='ocr_line' id='line_1_10' title="bbox 955 507 1749 577; baseline -0.008 -7"><span class='ocrx_word' id='word_1_52' title='bbox 955 513 1052 570; x_wconf 89' lang='lat' dir='ltr'><strong>melius</strong></span> <span class='ocrx_word' id='word_1_53' title='bbox 1064 521 1106 569; x_wconf 91' lang='lat' dir='ltr'><strong>est</strong></span> <span class='ocrx_word' id='word_1_54' title='bbox 1117 512 1231 567; x_wconf 82' lang='lat' dir='ltr'><strong>litterius</strong></span> <span class='ocrx_word' id='word_1_55' title='bbox 1242 510 1346 575; x_wconf 89' lang='lat' dir='ltr'><strong>ornari,</strong></span> <span class='ocrx_word' id='word_1_56' title='bbox 1371 523 1451 577; x_wconf 87' lang='lat' dir='ltr'><strong>quam</strong></span> <span class='ocrx_word' id='word_1_57' title='bbox 1478 507 1611 572; x_wconf 87' lang='lat' dir='ltr'><strong>exterius,</strong></span> <span class='ocrx_word' id='word_1_58' title='bbox 1630 520 1749 564; x_wconf 81' lang='lat' dir='ltr'><strong>animam</strong></span> 
     </span>
     <span class='ocr_line' id='line_1_11' title="bbox 955 597 1375 674; baseline -0.017 -16"><span class='ocrx_word' id='word_1_59' title='bbox 955 611 1112 674; x_wconf 88' lang='lat' dir='ltr'><strong>perpetuam</strong></span> <span class='ocrx_word' id='word_1_60' title='bbox 1127 600 1270 671; x_wconf 81' lang='lat' dir='ltr'><strong>splendore</strong></span> <span class='ocrx_word' id='word_1_61' title='bbox 1281 597 1375 669; x_wconf 90' lang='lat' dir='ltr'><strong>polire.</strong></span> 
     </span>
     <span class='ocr_line' id='line_1_12' title="bbox 990 687 1750 766; baseline -0.011 -16"><span class='ocrx_word' id='word_1_62' title='bbox 990 694 1134 766; x_wconf 69' lang='grc'>26111113.</span> <span class='ocrx_word' id='word_1_63' title='bbox 1151 692 1217 759; x_wconf 77' lang='lat' dir='ltr'><strong>Qum</strong></span> <span class='ocrx_word' id='word_1_64' title='bbox 1225 699 1286 747; x_wconf 86' lang='lat' dir='ltr'><strong>sunt</strong></span> <span class='ocrx_word' id='word_1_65' title='bbox 1298 690 1394 744; x_wconf 79' lang='lat' dir='ltr'><strong>animm</strong></span> <span class='ocrx_word' id='word_1_66' title='bbox 1405 696 1565 744; x_wconf 89' lang='lat' dir='ltr'><strong>ornamenta</strong></span> <span class='ocrx_word' id='word_1_67' title='bbox 1574 687 1750 762; x_wconf 75' lang='lat' dir='ltr'><strong>[perpetuali</strong></span> 
     </span>
    </p>
   </div>
   <div class='ocr_carea' id='block_1_8' title="bbox 954 781 1752 853">
    <p class='ocr_par' dir='ltr' id='par_1_9' title="bbox 954 781 1752 853">
     <span class='ocr_line' id='line_1_13' title="bbox 954 781 1752 853; baseline -0.008 -8"><span class='ocrx_word' id='word_1_68' title='bbox 954 818 991 831; x_wconf 91' lang='lat'><strong>·—</strong></span> <span class='ocrx_word' id='word_1_69' title='bbox 1008 789 1078 844; x_wconf 79' lang='lat' dir='ltr'><strong>llus.</strong></span> <span class='ocrx_word' id='word_1_70' title='bbox 1103 786 1195 841; x_wconf 88' lang='lat' dir='ltr'><strong>Primo</strong></span> <span class='ocrx_word' id='word_1_71' title='bbox 1206 785 1325 842; x_wconf 91' lang='lat' dir='ltr'><strong>omnium</strong></span> <span class='ocrx_word' id='word_1_72' title='bbox 1345 783 1489 853; x_wconf 76' lang='lat' dir='ltr'><strong>sapientia,</strong></span> <span class='ocrx_word' id='word_1_73' title='bbox 1512 782 1555 837; x_wconf 90' lang='lat' dir='ltr'><strong>cui</strong></span> <span class='ocrx_word' id='word_1_74' title='bbox 1570 797 1620 838; x_wconf 86' lang='lat' dir='ltr'><strong>vos</strong></span> <span class='ocrx_word' id='word_1_75' title='bbox 1632 781 1752 840; x_wconf 76' lang='lat' dir='ltr'><strong>maxine</strong></span> 
     </span>
    </p>
   </div>
   <div class='ocr_carea' id='block_1_9' title="bbox 957 871 1752 1036">
    <p class='ocr_par' dir='ltr' id='par_1_10' title="bbox 957 871 1752 1036">
     <span class='ocr_line' id='line_1_14' title="bbox 957 871 1435 948; baseline -0.019 -14"><span class='ocrx_word' id='word_1_76' title='bbox 957 878 1067 934; x_wconf 86' lang='lat' dir='ltr'><strong>studere</strong></span> <span class='ocrx_word' id='word_1_77' title='bbox 1077 877 1207 933; x_wconf 88' lang='lat' dir='ltr'><strong>cohortor</strong></span> <span class='ocrx_word' id='word_1_78' title='bbox 1219 873 1297 948; x_wconf 82' lang='lat' dir='ltr'><strong>[lis.,</strong></span> <span class='ocrx_word' id='word_1_79' title='bbox 1312 871 1435 944; x_wconf 84' lang='lat' dir='ltr'><strong>suadeo].</strong></span> 
     </span>
     <span class='ocr_line' id='line_1_15' title="bbox 991 964 1752 1036; baseline -0.007 -10"><span class='ocrx_word' id='word_1_80' title='bbox 991 971 1049 1026; x_wconf 83' lang='lat' dir='ltr'><strong>un.</strong></span> <span class='ocrx_word' id='word_1_81' title='bbox 1068 968 1143 1025; x_wconf 89' lang='lat' dir='ltr'><strong>Unde</strong></span> <span class='ocrx_word' id='word_1_82' title='bbox 1153 968 1254 1023; x_wconf 87' lang='lat' dir='ltr'><strong>seimus</strong></span> <span class='ocrx_word' id='word_1_83' title='bbox 1266 964 1427 1036; x_wconf 87' lang='lat' dir='ltr'><strong>sapientiam</strong></span> <span class='ocrx_word' id='word_1_84' title='bbox 1445 978 1505 1018; x_wconf 87' lang='lat' dir='ltr'><strong>esse</strong></span> <span class='ocrx_word' id='word_1_85' title='bbox 1519 964 1704 1034; x_wconf 77' lang='lat' dir='ltr'><strong>perpetuam!</strong></span> <span class='ocrx_word' id='word_1_86' title='bbox 1719 964 1752 1021; x_wconf 77' lang='lat' dir='ltr'><strong>tr</strong></span> 
     </span>
    </p>
   </div>
   <div class='ocr_carea' id='block_1_10' title="bbox 114 1057 1756 2245">
    <p class='ocr_par' dir='ltr' id='par_1_11' title="bbox 114 1057 1753 1604">
     <span class='ocr_line' id='line_1_16' title="bbox 115 1057 1750 1145; baseline -0.013 -10"><span class='ocrx_word' id='word_1_87' title='bbox 115 1090 142 1134; x_wconf 80' lang='lat' dir='ltr'><strong>et</strong></span> <span class='ocrx_word' id='word_1_88' title='bbox 156 1080 191 1135; x_wconf 88' lang='lat' dir='ltr'><strong>ad</strong></span> <span class='ocrx_word' id='word_1_89' title='bbox 213 1076 293 1145; x_wconf 82' lang='lat' dir='ltr'><strong>buius</strong></span> <span class='ocrx_word' id='word_1_90' title='bbox 317 1089 447 1130; x_wconf 81' lang='lat' dir='ltr'><strong>cacumen</strong></span> <span class='ocrx_word' id='word_1_91' title='bbox 471 1071 646 1144; x_wconf 82' lang='lat' dir='ltr'><strong>perlectienis</strong></span> <span class='ocrx_word' id='word_1_92' title='bbox 668 1066 793 1125; x_wconf 87' lang='lat' dir='ltr'><strong>transier.</strong></span> <span class='ocrx_word' id='word_1_93' title='bbox 827 1065 907 1131; x_wconf 82' lang='lat' dir='ltr'><strong>Nam,</strong></span> <span class='ocrx_word' id='word_1_94' title='bbox 957 1064 980 1119; x_wconf 89' lang='lat' dir='ltr'><strong>si</strong></span> <span class='ocrx_word' id='word_1_95' title='bbox 992 1064 1051 1119; x_wconf 73' lang='lat' dir='ltr'><strong>baec</strong></span> <span class='ocrx_word' id='word_1_96' title='bbox 1061 1062 1222 1131; x_wconf 72' lang='lat' dir='ltr'><strong>omniaque</strong></span> <span class='ocrx_word' id='word_1_97' title='bbox 1235 1066 1298 1115; x_wconf 86' lang='lat' dir='ltr'><strong>ante</strong></span> <span class='ocrx_word' id='word_1_98' title='bbox 1308 1057 1469 1122; x_wconf 86' lang='lat' dir='ltr'><strong>numerasti,</strong></span> <span class='ocrx_word' id='word_1_99' title='bbox 1495 1057 1658 1113; x_wconf 83' lang='lat' dir='ltr'><strong>transitoria</strong></span> <span class='ocrx_word' id='word_1_100' title='bbox 1681 1069 1750 1125; x_wconf 84' lang='lat' dir='ltr'><strong>suut,</strong></span> 
     </span>
     <span class='ocr_line' id='line_1_17' title="bbox 115 1147 1752 1236; baseline -0.01 -14"><span class='ocrx_word' id='word_1_101' title='bbox 115 1168 178 1223; x_wconf 89' lang='lat' dir='ltr'><strong>licet</strong></span> <span class='ocrx_word' id='word_1_102' title='bbox 191 1166 286 1236; x_wconf 91' lang='lat' dir='ltr'><strong>impuri</strong></span> <span class='ocrx_word' id='word_1_103' title='bbox 300 1178 407 1233; x_wconf 88' lang='lat' dir='ltr'><strong>gressu,</strong></span> <span class='ocrx_word' id='word_1_104' title='bbox 428 1171 455 1219; x_wconf 89' lang='lat' dir='ltr'><strong>te</strong></span> <span class='ocrx_word' id='word_1_105' title='bbox 469 1163 610 1218; x_wconf 88' lang='lat' dir='ltr'><strong>ductorem</strong></span> <span class='ocrx_word' id='word_1_106' title='bbox 624 1160 774 1230; x_wconf 76' lang='lat' dir='ltr'><strong>scurrimur.</strong></span> <span class='ocrx_word' id='word_1_107' title='bbox 788 1187 824 1198; x_wconf 96' lang='lat'>-</span> <span class='ocrx_word' id='word_1_108' title='bbox 835 1155 907 1212; x_wconf 77' lang='lat' dir='ltr'><strong>uua.</strong></span> <span class='ocrx_word' id='word_1_109' title='bbox 957 1166 1070 1209; x_wconf 91' lang='lat' dir='ltr'><strong>curnon</strong></span> <span class='ocrx_word' id='word_1_110' title='bbox 1084 1159 1111 1206; x_wconf 89' lang='lat' dir='ltr'><strong>ct</strong></span> <span class='ocrx_word' id='word_1_111' title='bbox 1125 1151 1222 1205; x_wconf 89' lang='lat' dir='ltr'><strong>borum</strong></span> <span class='ocrx_word' id='word_1_112' title='bbox 1234 1149 1347 1205; x_wconf 88' lang='lat' dir='ltr'><strong>scientia</strong></span> <span class='ocrx_word' id='word_1_113' title='bbox 1362 1147 1577 1218; x_wconf 84' lang='lat' dir='ltr'><strong>pertransitl-</strong></span> <span class='ocrx_word' id='word_1_114' title='bbox 1599 1148 1676 1206; x_wconf 72' lang='lat' dir='ltr'><strong>ttae.</strong></span> <span class='ocrx_word' id='word_1_115' title='bbox 1689 1150 1752 1206; x_wconf 75' lang='lat' dir='ltr'><strong>Ani·</strong></span> 
     </span>
     <span class='ocr_line' id='line_1_18' title="bbox 114 1238 1414 1325; baseline -0.016 -12"><span class='ocrx_word' id='word_1_116' title='bbox 114 1244 185 1325; x_wconf 76' lang='lat' dir='ltr'><strong>Qur&#39;d</strong></span> <span class='ocrx_word' id='word_1_117' title='bbox 204 1257 296 1321; x_wconf 89' lang='lat' dir='ltr'><strong>bomo,</strong></span> <span class='ocrx_word' id='word_1_118' title='bbox 312 1253 444 1309; x_wconf 82' lang='lat' dir='ltr'><strong>rationale</strong></span> <span class='ocrx_word' id='word_1_119' title='bbox 455 1252 565 1316; x_wconf 86' lang='lat' dir='ltr'><strong>animal,</strong></span> <span class='ocrx_word' id='word_1_120' title='bbox 584 1251 696 1306; x_wconf 86' lang='lat' dir='ltr'><strong>meliore</strong></span> <span class='ocrx_word' id='word_1_121' title='bbox 707 1257 785 1319; x_wconf 90' lang='lat' dir='ltr'><strong>parte</strong></span> <span class='ocrx_word' id='word_1_122' title='bbox 799 1248 908 1301; x_wconf 87' lang='lat' dir='ltr'><strong>immor·</strong></span> <span class='ocrx_word' id='word_1_123' title='bbox 958 1258 1030 1297; x_wconf 87' lang='lat' dir='ltr'><strong>mam</strong></span> <span class='ocrx_word' id='word_1_124' title='bbox 1047 1241 1151 1312; x_wconf 88' lang='lat' dir='ltr'><strong>putatis</strong></span> <span class='ocrx_word' id='word_1_125' title='bbox 1162 1255 1223 1296; x_wconf 86' lang='lat' dir='ltr'><strong>csse</strong></span> <span class='ocrx_word' id='word_1_126' title='bbox 1236 1238 1414 1311; x_wconf 87' lang='lat' dir='ltr'><strong>perpetuami</strong></span> 
     </span>
     <span class='ocr_line' id='line_1_19' title="bbox 114 1325 1753 1415; baseline -0.012 -12"><span class='ocrx_word' id='word_1_127' title='bbox 114 1347 185 1411; x_wconf 82' lang='lat' dir='ltr'><strong>talis,</strong></span> <span class='ocrx_word' id='word_1_128' title='bbox 211 1348 249 1402; x_wconf 94' lang='lat' dir='ltr'><strong>tui</strong></span> <span class='ocrx_word' id='word_1_129' title='bbox 276 1344 431 1401; x_wconf 88' lang='lat' dir='ltr'><strong>Conditoris</strong></span> <span class='ocrx_word' id='word_1_130' title='bbox 455 1344 564 1415; x_wconf 86' lang='lat' dir='ltr'><strong>imago,</strong></span> <span class='ocrx_word' id='word_1_131' title='bbox 584 1341 649 1412; x_wconf 75' lang='lat' dir='ltr'><strong>quiid</strong></span> <span class='ocrx_word' id='word_1_132' title='bbox 671 1339 782 1410; x_wconf 89' lang='lat' dir='ltr'><strong>propria</strong></span> <span class='ocrx_word' id='word_1_133' title='bbox 793 1336 910 1407; x_wconf 77' lang='lat' dir='ltr'><strong>perdis?</strong></span> <span class='ocrx_word' id='word_1_134' title='bbox 992 1328 1049 1385; x_wconf 86' lang='lat' dir='ltr'><strong>Drs.</strong></span> <span class='ocrx_word' id='word_1_135' title='bbox 1069 1327 1129 1383; x_wconf 90' lang='lat' dir='ltr'><strong>Nou</strong></span> <span class='ocrx_word' id='word_1_136' title='bbox 1153 1328 1240 1384; x_wconf 88' lang='lat' dir='ltr'><strong>solum</strong></span> <span class='ocrx_word' id='word_1_137' title='bbox 1265 1335 1414 1399; x_wconf 87' lang='lat' dir='ltr'><strong>putamus,</strong></span> <span class='ocrx_word' id='word_1_138' title='bbox 1432 1325 1579 1384; x_wconf 88' lang='lat' dir='ltr'><strong>sedetiam</strong></span> <span class='ocrx_word' id='word_1_139' title='bbox 1600 1329 1753 1388; x_wconf 84' lang='lat' dir='ltr'><strong>certissime</strong></span> 
     </span>
     <span class='ocr_line' id='line_1_20' title="bbox 115 1417 1753 1508; baseline -0.01 -17"><span class='ocrx_word' id='word_1_140' title='bbox 115 1437 280 1508; x_wconf 82' lang='lat' dir='ltr'><strong>quidaliena</strong></span> <span class='ocrx_word' id='word_1_141' title='bbox 296 1435 384 1508; x_wconf 82' lang='lat' dir='ltr'><strong>petis?</strong></span> <span class='ocrx_word' id='word_1_142' title='bbox 409 1449 459 1490; x_wconf 91' lang='lat' dir='ltr'><strong>cur</strong></span> <span class='ocrx_word' id='word_1_143' title='bbox 475 1430 727 1503; x_wconf 80' lang='lat' dir='ltr'><strong>inlimarpuaeriset</strong></span> <span class='ocrx_word' id='word_1_144' title='bbox 744 1440 909 1483; x_wconf 86' lang='lat' dir='ltr'><strong>summare-</strong></span> <span class='ocrx_word' id='word_1_145' title='bbox 958 1417 1315 1475; x_wconf 53' lang='grc' dir='ltr'>πηνα-1111111111</span> <span class='ocrx_word' id='word_1_146' title='bbox 1339 1417 1471 1486; x_wconf 86' lang='lat' dir='ltr'><strong>sapientia</strong></span> <span class='ocrx_word' id='word_1_147' title='bbox 1486 1417 1614 1473; x_wconf 87' lang='lat' dir='ltr'><strong>decuset</strong></span> <span class='ocrx_word' id='word_1_148' title='bbox 1637 1418 1753 1490; x_wconf 81' lang='lat' dir='ltr'><strong>dignitas</strong></span> 
     </span>
     <span class='ocr_line' id='line_1_21' title="bbox 117 1509 1078 1604; baseline -0.025 -17"><span class='ocrx_word' id='word_1_149' title='bbox 117 1528 235 1604; x_wconf 74' lang='lat' dir='ltr'><strong>linquis?</strong></span> <span class='ocrx_word' id='word_1_150' title='bbox 959 1509 1078 1565; x_wconf 78' lang='lat' dir='ltr'><strong>animet</strong></span> 
     </span>
    </p>

    <p class='ocr_par' dir='ltr' id='par_1_12' title="bbox 117 1597 1756 2245">
     <span class='ocr_line' id='line_1_22' title="bbox 153 1597 1754 1691; baseline -0.014 -14"><span class='ocrx_word' id='word_1_151' title='bbox 153 1624 209 1679; x_wconf 83' lang='lat' dir='ltr'><strong>Dis.</strong></span> <span class='ocrx_word' id='word_1_152' title='bbox 228 1622 293 1690; x_wconf 78' lang='lat' dir='ltr'><strong>Qum</strong></span> <span class='ocrx_word' id='word_1_153' title='bbox 309 1630 373 1676; x_wconf 82' lang='lat' dir='ltr'><strong>surrt</strong></span> <span class='ocrx_word' id='word_1_154' title='bbox 394 1618 514 1691; x_wconf 87' lang='lat' dir='ltr'><strong>pmpria,</strong></span> <span class='ocrx_word' id='word_1_155' title='bbox 527 1616 569 1670; x_wconf 85' lang='lat' dir='ltr'><strong>rel</strong></span> <span class='ocrx_word' id='word_1_156' title='bbox 582 1628 642 1685; x_wconf 74' lang='lat' dir='ltr'><strong>uuae</strong></span> <span class='ocrx_word' id='word_1_157' title='bbox 655 1613 744 1668; x_wconf 87' lang='lat' dir='ltr'><strong>alicua</strong></span> <span class='ocrx_word' id='word_1_158' title='bbox 757 1612 770 1666; x_wconf 83' lang='grc'><strong>1</strong></span> <span class='ocrx_word' id='word_1_159' title='bbox 787 1640 824 1653; x_wconf 93' lang='lat'><em>-</em></span> <span class='ocrx_word' id='word_1_160' title='bbox 837 1608 908 1665; x_wconf 76' lang='lat' dir='ltr'><strong>idio.</strong></span> <span class='ocrx_word' id='word_1_161' title='bbox 992 1601 1050 1657; x_wconf 82' lang='lat' dir='ltr'><strong>uu.</strong></span> <span class='ocrx_word' id='word_1_162' title='bbox 1069 1600 1243 1657; x_wconf 57' lang='grc'>1111111.-</span> <span class='ocrx_word' id='word_1_163' title='bbox 1259 1597 1285 1673; x_wconf 74' lang='lat'><strong>[⁸</strong></span> <span class='ocrx_word' id='word_1_164' title='bbox 1297 1597 1368 1655; x_wconf 79' lang='lat' dir='ltr'><strong>bitu.</strong></span> <span class='ocrx_word' id='word_1_165' title='bbox 1382 1597 1522 1666; x_wconf 78' lang='lat' dir='ltr'><strong>Quomodo</strong></span> <span class='ocrx_word' id='word_1_166' title='bbox 1528 1597 1636 1669; x_wconf 84' lang='lat' dir='ltr'><strong>absque</strong></span> <span class='ocrx_word' id='word_1_167' title='bbox 1647 1599 1754 1670; x_wconf 82' lang='lat' dir='ltr'><strong>sapien·</strong></span> 
     </span>
     <span class='ocr_line' id='line_1_23' title="bbox 117 1689 1753 1783; baseline -0.018 -12"><span class='ocrx_word' id='word_1_168' title='bbox 117 1715 363 1783; x_wconf 76' lang='lat' dir='ltr'><strong>Aliena‘suntqum</strong></span> <span class='ocrx_word' id='word_1_169' title='bbox 375 1714 629 1779; x_wconf 79' lang='lat' dir='ltr'><strong>extraquaeruntnr,</strong></span> <span class='ocrx_word' id='word_1_170' title='bbox 643 1711 673 1758; x_wconf 89' lang='lat' dir='ltr'><strong>ut</strong></span> <span class='ocrx_word' id='word_1_171' title='bbox 683 1702 838 1758; x_wconf 78' lang='lat' dir='ltr'><strong>divitiarum</strong></span> <span class='ocrx_word' id='word_1_172' title='bbox 846 1715 911 1756; x_wconf 90' lang='lat' dir='ltr'><strong>oon·</strong></span> <span class='ocrx_word' id='word_1_173' title='bbox 960 1693 1009 1758; x_wconf 83' lang='lat' dir='ltr'><strong>tia,</strong></span> <span class='ocrx_word' id='word_1_174' title='bbox 1022 1693 1120 1748; x_wconf 88' lang='lat' dir='ltr'><strong>decore</strong></span> <span class='ocrx_word' id='word_1_175' title='bbox 1142 1706 1208 1755; x_wconf 93' lang='lat' dir='ltr'><strong>suo,</strong></span> <span class='ocrx_word' id='word_1_176' title='bbox 1227 1690 1318 1745; x_wconf 85' lang='lat' dir='ltr'><strong>anima</strong></span> <span class='ocrx_word' id='word_1_177' title='bbox 1331 1689 1445 1746; x_wconf 78' lang='lat' dir='ltr'><strong>feliciter</strong></span> <span class='ocrx_word' id='word_1_178' title='bbox 1461 1689 1561 1759; x_wconf 88' lang='lat' dir='ltr'><strong>poterit</strong></span> <span class='ocrx_word' id='word_1_179' title='bbox 1580 1706 1647 1745; x_wconf 86' lang='lat' dir='ltr'><strong>esse</strong></span> <span class='ocrx_word' id='word_1_180' title='bbox 1662 1706 1753 1761; x_wconf 79' lang='lat' dir='ltr'><strong>perps-</strong></span> 
     </span>
     <span class='ocr_line' id='line_1_24' title="bbox 117 1765 1754 1879; baseline -0.014 -17"><span class='ocrx_word' id='word_1_181' title='bbox 117 1792 254 1879; x_wconf 76' lang='lat' dir='ltr'><strong>gr&#39;ogauo:</strong></span> <span class='ocrx_word' id='word_1_182' title='bbox 270 1805 352 1867; x_wconf 78' lang='lat' dir='ltr'><strong>inim,</strong></span> <span class='ocrx_word' id='word_1_183' title='bbox 367 1799 603 1872; x_wconf 78' lang='lat' dir='ltr'><strong>sapienriaedecns.</strong></span> <span class='ocrx_word' id='word_1_184' title='bbox 629 1795 715 1866; x_wconf 80' lang='lat' dir='ltr'><strong>lgttur</strong></span> <span class='ocrx_word' id='word_1_185' title='bbox 729 1803 798 1861; x_wconf 87' lang='lat' dir='ltr'><strong>tu‚o</strong></span> <span class='ocrx_word' id='word_1_186' title='bbox 813 1793 909 1850; x_wconf 78' lang='lat' dir='ltr'><strong>bunut</strong></span> <span class='ocrx_word' id='word_1_187' title='bbox 927 1765 1029 1838; x_wconf 80' lang='lat' dir='ltr'><strong>Bruat</strong></span> <span class='ocrx_word' id='word_1_188' title='bbox 1047 1781 1141 1838; x_wconf 81' lang='lat' dir='ltr'><strong>Nonne</strong></span> <span class='ocrx_word' id='word_1_189' title='bbox 1155 1782 1258 1851; x_wconf 81' lang='lat' dir='ltr'><strong>absque</strong></span> <span class='ocrx_word' id='word_1_190' title='bbox 1271 1780 1376 1836; x_wconf 78' lang='lat' dir='ltr'><strong>natione</strong></span> <span class='ocrx_word' id='word_1_191' title='bbox 1388 1788 1440 1845; x_wconf 83' lang='lat' dir='ltr'><strong>est,</strong></span> <span class='ocrx_word' id='word_1_192' title='bbox 1453 1781 1573 1836; x_wconf 78' lang='lat' dir='ltr'><strong>animam</strong></span> <span class='ocrx_word' id='word_1_193' title='bbox 1585 1780 1693 1852; x_wconf 82' lang='lat' dir='ltr'><strong>absque</strong></span> <span class='ocrx_word' id='word_1_194' title='bbox 1709 1782 1754 1838; x_wconf 83' lang='lat' dir='ltr'><strong>de-</strong></span> 
     </span>
     <span class='ocr_line' id='line_1_25' title="bbox 117 1869 1754 1974; baseline -0.012 -16"><span class='ocrx_word' id='word_1_195' title='bbox 117 1902 141 1958; x_wconf 84' lang='lat' dir='ltr'><strong>si</strong></span> <span class='ocrx_word' id='word_1_196' title='bbox 155 1900 284 1970; x_wconf 83' lang='lat' dir='ltr'><strong>tuiipsius</strong></span> <span class='ocrx_word' id='word_1_197' title='bbox 295 1894 407 1967; x_wconf 87' lang='lat' dir='ltr'><strong>compos</strong></span> <span class='ocrx_word' id='word_1_198' title='bbox 416 1897 483 1959; x_wconf 83' lang='lat' dir='ltr'><strong>cris,</strong></span> <span class='ocrx_word' id='word_1_199' title='bbox 495 1893 646 1965; x_wconf 88' lang='lat' dir='ltr'><strong>possidebis</strong></span> <span class='ocrx_word' id='word_1_200' title='bbox 655 1891 726 1962; x_wconf 81' lang='lat' dir='ltr'><strong>quod</strong></span> <span class='ocrx_word' id='word_1_201' title='bbox 737 1903 912 1959; x_wconf 72' lang='lat' dir='ltr'><strong>necunquam</strong></span> <span class='ocrx_word' id='word_1_202' title='bbox 961 1871 1209 1943; x_wconf 61' lang='grc'>101111111111111</span> <span class='ocrx_word' id='word_1_203' title='bbox 1228 1886 1277 1926; x_wconf 75' lang='lat'><strong>⁵¹¹²</strong></span> <span class='ocrx_word' id='word_1_204' title='bbox 1293 1885 1354 1926; x_wconf 71' lang='lat'><strong>0⁸⁸0</strong></span> <span class='ocrx_word' id='word_1_205' title='bbox 1371 1869 1561 1974; x_wconf 59' lang='lat' dir='ltr'><strong>WWWNJ</strong></span> <span class='ocrx_word' id='word_1_206' title='bbox 1578 1870 1754 1941; x_wconf 68' lang='lat' dir='ltr'><strong>C⁰¹¹⁸0tlltett⁵</strong></span> 
     </span>
     <span class='ocr_line' id='line_1_26' title="bbox 118 1961 1755 2054; baseline -0.013 -7"><span class='ocrx_word' id='word_1_207' title='bbox 118 1994 242 2048; x_wconf 86' lang='lat' dir='ltr'><strong>amittere</strong></span> <span class='ocrx_word' id='word_1_208' title='bbox 256 1990 370 2054; x_wconf 82' lang='lat' dir='ltr'><strong>dolebis,</strong></span> <span class='ocrx_word' id='word_1_209' title='bbox 381 2004 431 2045; x_wconf 85' lang='lat' dir='ltr'><strong>nec</strong></span> <span class='ocrx_word' id='word_1_210' title='bbox 440 1984 493 2043; x_wconf 86' lang='lat' dir='ltr'><strong>ulia</strong></span> <span class='ocrx_word' id='word_1_211' title='bbox 504 1987 552 2042; x_wconf 92' lang='lat' dir='ltr'><strong>tibi</strong></span> <span class='ocrx_word' id='word_1_212' title='bbox 564 1982 672 2041; x_wconf 87' lang='lat' dir='ltr'><strong>iortuna</strong></span> <span class='ocrx_word' id='word_1_213' title='bbox 685 1981 910 2040; x_wconf 83' lang='lat' dir='ltr'><strong>aulerrcralebit.</strong></span> <span class='ocrx_word' id='word_1_214' title='bbox 962 1962 1069 2018; x_wconf 63' lang='grc'>11111111</span> <span class='ocrx_word' id='word_1_215' title='bbox 1085 1971 1485 2033; x_wconf 64' lang='grc'><strong>11111111111111811111111111111111,</strong></span> <span class='ocrx_word' id='word_1_216' title='bbox 1517 1976 1640 2017; x_wconf 82' lang='lat' dir='ltr'><strong>ammam</strong></span> <span class='ocrx_word' id='word_1_217' title='bbox 1655 1961 1755 2019; x_wconf 69' lang='lat' dir='ltr'><strong>scilieet</strong></span> 
     </span>
     <span class='ocr_line' id='line_1_27' title="bbox 118 2055 1755 2159; baseline -0.01 -20"><span class='ocrx_word' id='word_1_218' title='bbox 118 2084 188 2152; x_wconf 77' lang='lat' dir='ltr'><strong>Quid</strong></span> <span class='ocrx_word' id='word_1_219' title='bbox 203 2085 294 2154; x_wconf 80' lang='lat' dir='ltr'><strong>igitur,</strong></span> <span class='ocrx_word' id='word_1_220' title='bbox 309 2097 326 2138; x_wconf 87' lang='lat'>0</span> <span class='ocrx_word' id='word_1_221' title='bbox 341 2081 480 2147; x_wconf 68' lang='lat' dir='ltr'><strong>morula,</strong></span> <span class='ocrx_word' id='word_1_222' title='bbox 492 2087 570 2137; x_wconf 75' lang='lat' dir='ltr'><strong>extu</strong></span> <span class='ocrx_word' id='word_1_223' title='bbox 582 2078 686 2148; x_wconf 83' lang='lat' dir='ltr'><strong>petitis,</strong></span> <span class='ocrx_word' id='word_1_224' title='bbox 700 2077 850 2133; x_wconf 76' lang='lat' dir='ltr'><strong>coninua</strong></span> <span class='ocrx_word' id='word_1_225' title='bbox 862 2076 913 2131; x_wconf 78' lang='lat' dir='ltr'><strong>aa·</strong></span> <span class='ocrx_word' id='word_1_226' title='bbox 963 2064 991 2158; x_wconf 72' lang='lat' dir='ltr'><strong>et</strong></span> <span class='ocrx_word' id='word_1_227' title='bbox 1001 2056 1172 2159; x_wconf 67' lang='lat' dir='ltr'><strong>nprennam.</strong></span> <span class='ocrx_word' id='word_1_228' title='bbox 1192 2056 1333 2113; x_wconf 72' lang='lat' dir='ltr'><strong>Videtisne</strong></span> <span class='ocrx_word' id='word_1_229' title='bbox 1344 2055 1466 2126; x_wconf 74' lang='lat' dir='ltr'><strong>quorun</strong></span> <span class='ocrx_word' id='word_1_230' title='bbox 1475 2069 1540 2110; x_wconf 78' lang='lat' dir='ltr'><strong>casu</strong></span> <span class='ocrx_word' id='word_1_231' title='bbox 1554 2055 1709 2158; x_wconf 63' lang='lat' dir='ltr'><strong>naenthinn</strong></span> <span class='ocrx_word' id='word_1_232' title='bbox 1719 2055 1755 2111; x_wconf 78' lang='lat' dir='ltr'><strong>tt</strong></span> 
     </span>
     <span class='ocr_line' id='line_1_28' title="bbox 118 2145 1756 2245; baseline -0.012 -26"><span class='ocrx_word' id='word_1_233' title='bbox 118 2176 190 2230; x_wconf 89' lang='lat' dir='ltr'><strong>betis</strong></span> <span class='ocrx_word' id='word_1_234' title='bbox 202 2175 272 2245; x_wconf 64' lang='lat' dir='ltr'><strong>quoa</strong></span> <span class='ocrx_word' id='word_1_235' title='bbox 288 2174 436 2244; x_wconf 47' lang='lat' dir='ltr'><strong>qumans?</strong></span> <span class='ocrx_word' id='word_1_236' title='bbox 962 2154 1045 2201; x_wconf 77' lang='lat' dir='ltr'><strong>vittas</strong></span> <span class='ocrx_word' id='word_1_237' title='bbox 1068 2146 1211 2201; x_wconf 86' lang='lat' dir='ltr'><strong>habentem</strong></span> <span class='ocrx_word' id='word_1_238' title='bbox 1227 2146 1363 2214; x_wconf 88' lang='lat' dir='ltr'><strong>descrere,</strong></span> <span class='ocrx_word' id='word_1_239' title='bbox 1382 2154 1409 2202; x_wconf 87' lang='lat' dir='ltr'><strong>et</strong></span> <span class='ocrx_word' id='word_1_240' title='bbox 1420 2160 1516 2202; x_wconf 87' lang='lat' dir='ltr'><strong>omnes</strong></span> <span class='ocrx_word' id='word_1_241' title='bbox 1534 2145 1630 2202; x_wconf 80' lang='lat' dir='ltr'><strong>smcub</strong></span> <span class='ocrx_word' id='word_1_242' title='bbox 1641 2145 1756 2204; x_wconf 81' lang='lat' dir='ltr'><strong>bonores</strong></span> 
     </span>
    </p>
   </div>
   <div class='ocr_carea' id='block_1_11' title="bbox 119 2240 1758 2515">
    <p class='ocr_par' dir='ltr' id='par_1_13' title="bbox 119 2240 1758 2515">
     <span class='ocr_line' id='line_1_29' title="bbox 155 2240 1212 2335; baseline -0.017 -13"><span class='ocrx_word' id='word_1_243' title='bbox 155 2267 212 2322; x_wconf 84' lang='lat' dir='ltr'><strong>Dis.</strong></span> <span class='ocrx_word' id='word_1_244' title='bbox 233 2265 400 2320; x_wconf 79' lang='lat' dir='ltr'><strong>Felicitatem</strong></span> <span class='ocrx_word' id='word_1_245' title='bbox 412 2264 568 2335; x_wconf 77' lang='lat' dir='ltr'><strong>qrrmrimus.</strong></span> <span class='ocrx_word' id='word_1_246' title='bbox 588 2291 624 2302; x_wconf 98' lang='lat'>-</span> <span class='ocrx_word' id='word_1_247' title='bbox 640 2258 711 2315; x_wconf 81' lang='lat' dir='ltr'><strong>linc.</strong></span> <span class='ocrx_word' id='word_1_248' title='bbox 728 2258 801 2313; x_wconf 87' lang='lat' dir='ltr'><strong>Bene</strong></span> <span class='ocrx_word' id='word_1_249' title='bbox 814 2256 913 2327; x_wconf 83' lang='lat' dir='ltr'><strong>quaeri·</strong></span> <span class='ocrx_word' id='word_1_250' title='bbox 963 2240 1212 2296; x_wconf 73' lang='grc'>1111101111111111111</span> 
     </span>
     <span class='ocr_line' id='line_1_30' title="bbox 119 2328 1756 2426; baseline -0.01 -13"><span class='ocrx_word' id='word_1_251' title='bbox 119 2357 167 2424; x_wconf 87' lang='lat' dir='ltr'><strong>iis,</strong></span> <span class='ocrx_word' id='word_1_252' title='bbox 183 2360 205 2413; x_wconf 92' lang='lat' dir='ltr'><strong>si</strong></span> <span class='ocrx_word' id='word_1_253' title='bbox 218 2363 372 2412; x_wconf 89' lang='lat' dir='ltr'><strong>manentem</strong></span> <span class='ocrx_word' id='word_1_254' title='bbox 386 2354 519 2426; x_wconf 82' lang='lat' dir='ltr'><strong>qnaeritis,</strong></span> <span class='ocrx_word' id='word_1_255' title='bbox 544 2362 635 2407; x_wconf 83' lang='lat' dir='ltr'><strong>utnon</strong></span> <span class='ocrx_word' id='word_1_256' title='bbox 649 2350 805 2421; x_wconf 85' lang='lat' dir='ltr'><strong>lugientem.</strong></span> <span class='ocrx_word' id='word_1_257' title='bbox 833 2344 914 2401; x_wconf 82' lang='lat' dir='ltr'><strong>Vide·</strong></span> <span class='ocrx_word' id='word_1_258' title='bbox 999 2332 1055 2387; x_wconf 72' lang='lat'><strong>⁰¹⁸·</strong></span> <span class='ocrx_word' id='word_1_259' title='bbox 1076 2331 1206 2387; x_wconf 68' lang='grc'>1111111111</span> <span class='ocrx_word' id='word_1_260' title='bbox 1220 2329 1485 2401; x_wconf 65' lang='grc'>1111111111191111</span> <span class='ocrx_word' id='word_1_261' title='bbox 1507 2328 1620 2400; x_wconf 65' lang='lat' dir='ltr'><strong>quidem</strong></span> <span class='ocrx_word' id='word_1_262' title='bbox 1637 2333 1756 2401; x_wconf 83' lang='lat' dir='ltr'><strong>potentia</strong></span> 
     </span>
     <span class='ocr_line' id='line_1_31' title="bbox 120 2420 1758 2515; baseline -0.012 -16"><span class='ocrx_word' id='word_1_263' title='bbox 120 2445 157 2501; x_wconf 87' lang='lat' dir='ltr'><strong>tis</strong></span> <span class='ocrx_word' id='word_1_264' title='bbox 182 2460 263 2515; x_wconf 79' lang='lat' dir='ltr'><strong>quam</strong></span> <span class='ocrx_word' id='word_1_265' title='bbox 292 2443 385 2498; x_wconf 90' lang='lat' dir='ltr'><strong>multis</strong></span> <span class='ocrx_word' id='word_1_266' title='bbox 410 2439 635 2495; x_wconf 89' lang='lat' dir='ltr'><strong>amaritudinibus</strong></span> <span class='ocrx_word' id='word_1_267' title='bbox 664 2445 771 2490; x_wconf 87' lang='lat' dir='ltr'><strong>terrena</strong></span> <span class='ocrx_word' id='word_1_268' title='bbox 798 2431 914 2488; x_wconf 80' lang='lat' dir='ltr'><strong>felicitas</strong></span> <span class='ocrx_word' id='word_1_269' title='bbox 962 2423 1091 2493; x_wconf 74' lang='lat' dir='ltr'><strong>perduret</strong></span> <span class='ocrx_word' id='word_1_270' title='bbox 1106 2420 1182 2495; x_wconf 65' lang='lat' dir='ltr'><strong>Uin„</strong></span> <span class='ocrx_word' id='word_1_271' title='bbox 1207 2420 1406 2495; x_wconf 78' lang='lat' dir='ltr'><strong>utiperduratl.</strong></span> <span class='ocrx_word' id='word_1_272' title='bbox 1420 2421 1540 2478; x_wconf 74' lang='lat' dir='ltr'><strong>-tlaa</strong></span> <span class='ocrx_word' id='word_1_273' title='bbox 1560 2420 1635 2490; x_wconf 81' lang='lat' dir='ltr'><strong>Quid</strong></span> <span class='ocrx_word' id='word_1_274' title='bbox 1657 2422 1758 2480; x_wconf 73' lang='lat' dir='ltr'><strong>divitie</strong></span> 
     </span>
    </p>
   </div>
   <div class='ocr_carea' id='block_1_12' title="bbox 43 2512 1757 2692">
    <p class='ocr_par' dir='ltr' id='par_1_14' title="bbox 43 2512 1757 2692">
     <span class='ocr_line' id='line_1_32' title="bbox 43 2512 1186 2604; baseline -0.017 -14"><span class='ocrx_word' id='word_1_275' title='bbox 43 2524 46 2529; x_wconf 71' lang='grc'><strong>’</strong></span> <span class='ocrx_word' id='word_1_276' title='bbox 120 2548 230 2604; x_wconf 81' lang='lat' dir='ltr'><strong>aspersa</strong></span> <span class='ocrx_word' id='word_1_277' title='bbox 243 2540 296 2599; x_wconf 87' lang='lat' dir='ltr'><strong>cst,</strong></span> <span class='ocrx_word' id='word_1_278' title='bbox 318 2547 378 2601; x_wconf 79' lang='lat' dir='ltr'><strong>qnae</strong></span> <span class='ocrx_word' id='word_1_279' title='bbox 400 2529 466 2584; x_wconf 84' lang='lat' dir='ltr'><strong>nrrlli</strong></span> <span class='ocrx_word' id='word_1_280' title='bbox 493 2527 536 2581; x_wconf 82' lang='lat' dir='ltr'><strong>ucl</strong></span> <span class='ocrx_word' id='word_1_281' title='bbox 559 2534 615 2580; x_wconf 88' lang='lat' dir='ltr'><strong>tota</strong></span> <span class='ocrx_word' id='word_1_282' title='bbox 626 2523 780 2593; x_wconf 84' lang='lat' dir='ltr'><strong>proveniet,</strong></span> <span class='ocrx_word' id='word_1_283' title='bbox 803 2521 846 2576; x_wconf 85' lang='lat' dir='ltr'><strong>ucl</strong></span> <span class='ocrx_word' id='word_1_284' title='bbox 861 2519 913 2576; x_wconf 86' lang='lat' dir='ltr'><strong>uda</strong></span> <span class='ocrx_word' id='word_1_285' title='bbox 963 2513 1023 2568; x_wconf 78' lang='lat' dir='ltr'><strong>tint</strong></span> <span class='ocrx_word' id='word_1_286' title='bbox 1036 2512 1186 2583; x_wconf 73' lang='lat' dir='ltr'><strong>sapientia?</strong></span> 
     </span>
     <span class='ocr_line' id='line_1_33' title="bbox 121 2603 1757 2692; baseline -0.01 -16"><span class='ocrx_word' id='word_1_287' title='bbox 121 2629 270 2692; x_wconf 86' lang='lat' dir='ltr'><strong>permanet,</strong></span> <span class='ocrx_word' id='word_1_288' title='bbox 294 2620 358 2690; x_wconf 79' lang='lat' dir='ltr'><strong>quia</strong></span> <span class='ocrx_word' id='word_1_289' title='bbox 370 2618 408 2672; x_wconf 92' lang='lat' dir='ltr'><strong>nil</strong></span> <span class='ocrx_word' id='word_1_290' title='bbox 420 2631 473 2672; x_wconf 92' lang='lat' dir='ltr'><strong>non</strong></span> <span class='ocrx_word' id='word_1_291' title='bbox 493 2613 621 2669; x_wconf 89' lang='lat' dir='ltr'><strong>mutabile</strong></span> <span class='ocrx_word' id='word_1_292' title='bbox 631 2612 772 2682; x_wconf 70' lang='lat' dir='ltr'><strong>praesentis</strong></span> <span class='ocrx_word' id='word_1_293' title='bbox 788 2610 849 2664; x_wconf 81' lang='lat' dir='ltr'><strong>vitu</strong></span> <span class='ocrx_word' id='word_1_294' title='bbox 873 2609 914 2663; x_wconf 91' lang='lat' dir='ltr'><strong>in·</strong></span> <span class='ocrx_word' id='word_1_295' title='bbox 999 2604 1055 2660; x_wconf 84' lang='lat' dir='ltr'><strong>llis.</strong></span> <span class='ocrx_word' id='word_1_296' title='bbox 1071 2605 1148 2672; x_wconf 83' lang='lat' dir='ltr'><strong>Quod</strong></span> <span class='ocrx_word' id='word_1_297' title='bbox 1158 2619 1257 2674; x_wconf 83' lang='lat' dir='ltr'><strong>corpus</strong></span> <span class='ocrx_word' id='word_1_298' title='bbox 1267 2604 1327 2660; x_wconf 86' lang='lat' dir='ltr'><strong>sine</strong></span> <span class='ocrx_word' id='word_1_299' title='bbox 1339 2604 1441 2671; x_wconf 87' lang='lat' dir='ltr'><strong>anima,</strong></span> <span class='ocrx_word' id='word_1_300' title='bbox 1452 2603 1602 2662; x_wconf 86' lang='lat' dir='ltr'><strong>Salomone</strong></span> <span class='ocrx_word' id='word_1_301' title='bbox 1626 2605 1757 2661; x_wconf 72' lang='lat' dir='ltr'><strong>dioeuoe:</strong></span> 
     </span>
    </p>
   </div>
   <div class='ocr_carea' id='block_1_13' title="bbox 119 2695 1760 3050">
    <p class='ocr_par' dir='ltr' id='par_1_15' title="bbox 119 2695 1760 3050">
     <span class='ocr_line' id='line_1_34' title="bbox 119 2695 1759 2777; baseline -0.007 -14"><span class='ocrx_word' id='word_1_302' title='bbox 119 2710 208 2764; x_wconf 82' lang='lat' dir='ltr'><strong>rcuiri</strong></span> <span class='ocrx_word' id='word_1_303' title='bbox 227 2715 325 2777; x_wconf 83' lang='lat' dir='ltr'><strong>potest.</strong></span> <span class='ocrx_word' id='word_1_304' title='bbox 362 2706 431 2776; x_wconf 87' lang='lat' dir='ltr'><strong>Quid</strong></span> <span class='ocrx_word' id='word_1_305' title='bbox 455 2703 596 2773; x_wconf 87' lang='lat' dir='ltr'><strong>pulchrius</strong></span> <span class='ocrx_word' id='word_1_306' title='bbox 619 2701 699 2757; x_wconf 81' lang='lat' dir='ltr'><strong>lucei</strong></span> <span class='ocrx_word' id='word_1_307' title='bbox 721 2709 749 2755; x_wconf 91' lang='lat' dir='ltr'><strong>et</strong></span> <span class='ocrx_word' id='word_1_308' title='bbox 767 2700 826 2755; x_wconf 81' lang='lat' dir='ltr'><strong>baec</strong></span> <span class='ocrx_word' id='word_1_309' title='bbox 836 2706 913 2755; x_wconf 80' lang='lat' dir='ltr'><strong>tene-</strong></span> <span class='ocrx_word' id='word_1_310' title='bbox 965 2696 1036 2764; x_wconf 78' lang='lat' dir='ltr'><strong>Quid</strong></span> <span class='ocrx_word' id='word_1_311' title='bbox 1054 2706 1163 2767; x_wconf 75' lang='lat' dir='ltr'><strong>prosunt</strong></span> <span class='ocrx_word' id='word_1_312' title='bbox 1182 2697 1282 2751; x_wconf 76' lang='lat' dir='ltr'><strong>diuitiae</strong></span> <span class='ocrx_word' id='word_1_313' title='bbox 1301 2695 1392 2761; x_wconf 77' lang='lat' dir='ltr'><strong>stulto,</strong></span> <span class='ocrx_word' id='word_1_314' title='bbox 1416 2712 1476 2751; x_wconf 81' lang='lat' dir='ltr'><strong>cem</strong></span> <span class='ocrx_word' id='word_1_315' title='bbox 1502 2698 1759 2769; x_wconf 75' lang='lat' dir='ltr'><strong>supientimeresrs</strong></span> 
     </span>
     <span class='ocr_line' id='line_1_35' title="bbox 120 2785 1760 2861; baseline -0.007 -4"><span class='ocrx_word' id='word_1_316' title='bbox 120 2800 179 2857; x_wconf 86' lang='lat' dir='ltr'><strong>bris</strong></span> <span class='ocrx_word' id='word_1_317' title='bbox 193 2798 400 2856; x_wconf 86' lang='lat' dir='ltr'><strong>succedentibus</strong></span> <span class='ocrx_word' id='word_1_318' title='bbox 425 2795 590 2852; x_wconf 79' lang='lat' dir='ltr'><strong>obfuscatur.</strong></span> <span class='ocrx_word' id='word_1_319' title='bbox 611 2791 682 2860; x_wconf 78' lang='lat' dir='ltr'><strong>Quid</strong></span> <span class='ocrx_word' id='word_1_320' title='bbox 700 2790 812 2846; x_wconf 90' lang='lat' dir='ltr'><strong>lloribus</strong></span> <span class='ocrx_word' id='word_1_321' title='bbox 828 2803 913 2845; x_wconf 80' lang='lat' dir='ltr'><strong>renas·</strong></span> <span class='ocrx_word' id='word_1_322' title='bbox 965 2805 1017 2843; x_wconf 86' lang='lat' dir='ltr'><strong>rmn</strong></span> <span class='ocrx_word' id='word_1_323' title='bbox 1030 2790 1110 2860; x_wconf 85' lang='lat' dir='ltr'><strong>possit</strong></span> <span class='ocrx_word' id='word_1_324' title='bbox 1139 2785 1230 2861; x_wconf 86' lang='lat' dir='ltr'><strong>(Prou.</strong></span> <span class='ocrx_word' id='word_1_325' title='bbox 1249 2803 1317 2855; x_wconf 80' lang='lat' dir='ltr'><strong>arri,</strong></span> <span class='ocrx_word' id='word_1_326' title='bbox 1332 2787 1377 2861; x_wconf 82' lang='lat' dir='ltr'><strong>lu)</strong></span> <span class='ocrx_word' id='word_1_327' title='bbox 1391 2788 1403 2844; x_wconf 96' lang='grc'><strong>1</strong></span> <span class='ocrx_word' id='word_1_328' title='bbox 1419 2819 1456 2830; x_wconf 93' lang='grc'>-</span> <span class='ocrx_word' id='word_1_329' title='bbox 1474 2787 1544 2845; x_wconf 75' lang='lat' dir='ltr'><strong>Mau.</strong></span> <span class='ocrx_word' id='word_1_330' title='bbox 1577 2787 1677 2845; x_wconf 82' lang='lat' dir='ltr'><strong>Nouae</strong></span> <span class='ocrx_word' id='word_1_331' title='bbox 1701 2789 1760 2846; x_wconf 76' lang='lat' dir='ltr'><strong>bac</strong></span> 
     </span>
     <span class='ocr_line' id='line_1_36' title="bbox 120 2878 1760 2959; baseline -0.006 -12"><span class='ocrx_word' id='word_1_332' title='bbox 120 2892 190 2947; x_wconf 75' lang='lat' dir='ltr'><strong>etius</strong></span> <span class='ocrx_word' id='word_1_333' title='bbox 206 2888 325 2946; x_wconf 85' lang='lat' dir='ltr'><strong>aestatisl</strong></span> <span class='ocrx_word' id='word_1_334' title='bbox 344 2889 493 2959; x_wconf 77' lang='lat' dir='ltr'><strong>quitamen</strong></span> <span class='ocrx_word' id='word_1_335' title='bbox 515 2884 677 2940; x_wconf 80' lang='lat' dir='ltr'><strong>hiemalibus</strong></span> <span class='ocrx_word' id='word_1_336' title='bbox 702 2881 848 2954; x_wconf 72' lang='lat' dir='ltr'><strong>frigoribus</strong></span> <span class='ocrx_word' id='word_1_337' title='bbox 867 2894 915 2950; x_wconf 86' lang='lat' dir='ltr'><strong>pc·</strong></span> <span class='ocrx_word' id='word_1_338' title='bbox 965 2887 1016 2944; x_wconf 89' lang='lat' dir='ltr'><strong>cst,</strong></span> <span class='ocrx_word' id='word_1_339' title='bbox 1040 2894 1101 2949; x_wconf 87' lang='lat' dir='ltr'><strong>quae</strong></span> <span class='ocrx_word' id='word_1_340' title='bbox 1124 2879 1253 2936; x_wconf 86' lang='lat' dir='ltr'><strong>humilem</strong></span> <span class='ocrx_word' id='word_1_341' title='bbox 1268 2878 1392 2946; x_wconf 85' lang='lat' dir='ltr'><strong>exaltat,</strong></span> <span class='ocrx_word' id='word_1_342' title='bbox 1414 2887 1442 2935; x_wconf 94' lang='lat' dir='ltr'><strong>et</strong></span> <span class='ocrx_word' id='word_1_343' title='bbox 1469 2879 1552 2950; x_wconf 88' lang='lat' dir='ltr'><strong>erigit</strong></span> <span class='ocrx_word' id='word_1_344' title='bbox 1579 2879 1615 2935; x_wconf 92' lang='lat' dir='ltr'><strong>de</strong></span> <span class='ocrx_word' id='word_1_345' title='bbox 1638 2888 1760 2937; x_wconf 66' lang='lat' dir='ltr'><strong>stupore</strong></span> 
     </span>
     <span class='ocr_line' id='line_1_37' title="bbox 121 2967 1758 3050; baseline -0.01 -8"><span class='ocrx_word' id='word_1_346' title='bbox 121 2993 210 3042; x_wconf 88' lang='lat' dir='ltr'><strong>reunt.</strong></span> <span class='ocrx_word' id='word_1_347' title='bbox 237 2981 308 3050; x_wconf 78' lang='lat' dir='ltr'><strong>erirl</strong></span> <span class='ocrx_word' id='word_1_348' title='bbox 321 2982 408 3038; x_wconf 85' lang='lat' dir='ltr'><strong>salute</strong></span> <span class='ocrx_word' id='word_1_349' title='bbox 421 2979 544 3050; x_wconf 87' lang='lat' dir='ltr'><strong>corporis</strong></span> <span class='ocrx_word' id='word_1_350' title='bbox 564 2975 695 3033; x_wconf 82' lang='lat' dir='ltr'><strong>suarius?</strong></span> <span class='ocrx_word' id='word_1_351' title='bbox 720 2974 824 3045; x_wconf 88' lang='lat' dir='ltr'><strong>etquis</strong></span> <span class='ocrx_word' id='word_1_352' title='bbox 843 2973 914 3031; x_wconf 84' lang='lat' dir='ltr'><strong>banc</strong></span> <span class='ocrx_word' id='word_1_353' title='bbox 964 2984 1122 3043; x_wconf 88' lang='lat' dir='ltr'><strong>pauperem,</strong></span> <span class='ocrx_word' id='word_1_354' title='bbox 1135 2979 1165 3027; x_wconf 89' lang='lat' dir='ltr'><strong>ut</strong></span> <span class='ocrx_word' id='word_1_355' title='bbox 1177 2971 1269 3027; x_wconf 84' lang='lat' dir='ltr'><strong>sedeat</strong></span> <span class='ocrx_word' id='word_1_356' title='bbox 1281 2986 1344 3029; x_wconf 90' lang='lat' dir='ltr'><strong>cum</strong></span> <span class='ocrx_word' id='word_1_357' title='bbox 1356 2971 1533 3042; x_wconf 87' lang='lat' dir='ltr'><strong>principibus,</strong></span> <span class='ocrx_word' id='word_1_358' title='bbox 1548 2978 1578 3026; x_wconf 85' lang='lat' dir='ltr'><strong>et</strong></span> <span class='ocrx_word' id='word_1_359' title='bbox 1594 2967 1758 3042; x_wconf 83' lang='lat' dir='ltr'><strong>soliumglo·</strong></span> 
     </span>
    </p>
   </div>
   <div class='ocr_carea' id='block_1_14' title="bbox 120 3062 1138 3151">
    <p class='ocr_par' dir='ltr' id='par_1_16' title="bbox 120 3062 1138 3151">
     <span class='ocr_line' id='line_1_38' title="bbox 120 3062 1138 3151; baseline -0.021 -15"><span class='ocrx_word' id='word_1_360' title='bbox 120 3089 277 3151; x_wconf 87' lang='lat' dir='ltr'><strong>perpetuam</strong></span> <span class='ocrx_word' id='word_1_361' title='bbox 290 3076 390 3132; x_wconf 85' lang='lat' dir='ltr'><strong>habere</strong></span> <span class='ocrx_word' id='word_1_362' title='bbox 404 3073 535 3131; x_wconf 74' lang='lat' dir='ltr'><strong>conlidit?</strong></span> <span class='ocrx_word' id='word_1_363' title='bbox 557 3070 627 3139; x_wconf 84' lang='lat' dir='ltr'><strong>Quid</strong></span> <span class='ocrx_word' id='word_1_364' title='bbox 638 3067 782 3139; x_wconf 85' lang='lat' dir='ltr'><strong>tranquilla</strong></span> <span class='ocrx_word' id='word_1_365' title='bbox 792 3082 859 3138; x_wconf 86' lang='lat' dir='ltr'><strong>pace</strong></span> <span class='ocrx_word' id='word_1_366' title='bbox 869 3063 913 3134; x_wconf 83' lang='lat' dir='ltr'><strong>ju·</strong></span> <span class='ocrx_word' id='word_1_367' title='bbox 966 3063 1014 3118; x_wconf 75' lang='lat' dir='ltr'><strong>ric</strong></span> <span class='ocrx_word' id='word_1_368' title='bbox 1023 3069 1114 3119; x_wconf 83' lang='lat' dir='ltr'><strong>teneat</strong></span> <span class='ocrx_word' id='word_1_369' title='bbox 1125 3062 1138 3115; x_wconf 83' lang='grc'><strong>1</strong></span> 
     </span>
    </p>
   </div>
   <div class='ocr_carea' id='block_1_15' title="bbox 122 3154 1761 4521">
    <p class='ocr_par' dir='ltr' id='par_1_17' title="bbox 122 3154 1760 3316">
     <span class='ocr_line' id='line_1_39' title="bbox 122 3154 1758 3236; baseline -0.007 -12"><span class='ocrx_word' id='word_1_370' title='bbox 122 3169 252 3226; x_wconf 79' lang='lat' dir='ltr'><strong>euodius?</strong></span> <span class='ocrx_word' id='word_1_371' title='bbox 265 3175 293 3223; x_wconf 89' lang='lat' dir='ltr'><strong>et</strong></span> <span class='ocrx_word' id='word_1_372' title='bbox 311 3175 402 3222; x_wconf 87' lang='lat' dir='ltr'><strong>tamen</strong></span> <span class='ocrx_word' id='word_1_373' title='bbox 419 3178 491 3236; x_wconf 83' lang='lat' dir='ltr'><strong>saepe</strong></span> <span class='ocrx_word' id='word_1_374' title='bbox 504 3164 563 3219; x_wconf 84' lang='lat' dir='ltr'><strong>baec</strong></span> <span class='ocrx_word' id='word_1_375' title='bbox 572 3161 646 3218; x_wconf 85' lang='lat' dir='ltr'><strong>tristi</strong></span> <span class='ocrx_word' id='word_1_376' title='bbox 660 3158 858 3217; x_wconf 84' lang='lat' dir='ltr'><strong>discordiarum</strong></span> <span class='ocrx_word' id='word_1_377' title='bbox 869 3154 913 3212; x_wconf 87' lang='lat' dir='ltr'><strong>lo·</strong></span> <span class='ocrx_word' id='word_1_378' title='bbox 1002 3155 1058 3211; x_wconf 79' lang='lat' dir='ltr'><strong>Das.</strong></span> <span class='ocrx_word' id='word_1_379' title='bbox 1078 3155 1127 3216; x_wconf 77' lang='lat' dir='ltr'><strong>Est</strong></span> <span class='ocrx_word' id='word_1_380' title='bbox 1141 3157 1261 3226; x_wconf 78' lang='lat' dir='ltr'><strong>pridem,</strong></span> <span class='ocrx_word' id='word_1_381' title='bbox 1279 3156 1327 3212; x_wconf 89' lang='lat' dir='ltr'><strong>sed</strong></span> <span class='ocrx_word' id='word_1_382' title='bbox 1341 3171 1422 3227; x_wconf 68' lang='lat' dir='ltr'><strong>mam</strong></span> <span class='ocrx_word' id='word_1_383' title='bbox 1437 3157 1562 3228; x_wconf 82' lang='lat' dir='ltr'><strong>speciosa</strong></span> <span class='ocrx_word' id='word_1_384' title='bbox 1574 3157 1603 3213; x_wconf 89' lang='lat' dir='ltr'><strong>in</strong></span> <span class='ocrx_word' id='word_1_385' title='bbox 1621 3156 1758 3218; x_wconf 83' lang='lat' dir='ltr'><strong>babendo.</strong></span> 
     </span>
     <span class='ocr_line' id='line_1_40' title="bbox 124 3245 1760 3316; baseline -0.004 -8"><span class='ocrx_word' id='word_1_386' title='bbox 124 3261 189 3315; x_wconf 77' lang='lat' dir='ltr'><strong>mim</strong></span> <span class='ocrx_word' id='word_1_387' title='bbox 202 3261 334 3315; x_wconf 72' lang='lat' dir='ltr'><strong>irritatur.</strong></span> <span class='ocrx_word' id='word_1_388' title='bbox 966 3254 1021 3303; x_wconf 87' lang='lat' dir='ltr'><strong>tam</strong></span> <span class='ocrx_word' id='word_1_389' title='bbox 1033 3245 1168 3303; x_wconf 85' lang='lat' dir='ltr'><strong>laboriosa</strong></span> <span class='ocrx_word' id='word_1_390' title='bbox 1189 3246 1216 3302; x_wconf 95' lang='lat' dir='ltr'><strong>in</strong></span> <span class='ocrx_word' id='word_1_391' title='bbox 1243 3246 1417 3316; x_wconf 85' lang='lat' dir='ltr'><strong>acquirendo.</strong></span> <span class='ocrx_word' id='word_1_392' title='bbox 1437 3274 1473 3288; x_wconf 88' lang='lat'><strong>-—</strong></span> <span class='ocrx_word' id='word_1_393' title='bbox 1494 3245 1568 3303; x_wconf 73' lang='lat' dir='ltr'><strong>ilum</strong></span> <span class='ocrx_word' id='word_1_394' title='bbox 1590 3246 1661 3314; x_wconf 80' lang='lat' dir='ltr'><strong>Quis</strong></span> <span class='ocrx_word' id='word_1_395' title='bbox 1682 3245 1760 3301; x_wconf 83' lang='lat' dir='ltr'><strong>miles</strong></span> 
     </span>
    </p>

    <p class='ocr_par' dir='ltr' id='par_1_18' title="bbox 123 3336 1761 3600">
     <span class='ocr_line' id='line_1_41' title="bbox 158 3336 1758 3413; baseline -0.009 -7"><span class='ocrx_word' id='word_1_396' title='bbox 158 3352 215 3408; x_wconf 79' lang='lat' dir='ltr'><strong>iiis.</strong></span> <span class='ocrx_word' id='word_1_397' title='bbox 235 3352 298 3408; x_wconf 85' lang='lat' dir='ltr'><strong>llaec</strong></span> <span class='ocrx_word' id='word_1_398' title='bbox 309 3352 399 3407; x_wconf 84' lang='lat' dir='ltr'><strong>omnia</strong></span> <span class='ocrx_word' id='word_1_399' title='bbox 409 3367 449 3407; x_wconf 85' lang='lat' dir='ltr'><strong>src</strong></span> <span class='ocrx_word' id='word_1_400' title='bbox 459 3367 488 3406; x_wconf 90' lang='lat' dir='ltr'><strong>sc</strong></span> <span class='ocrx_word' id='word_1_401' title='bbox 500 3352 611 3413; x_wconf 89' lang='lat' dir='ltr'><strong>babere,</strong></span> <span class='ocrx_word' id='word_1_402' title='bbox 628 3349 699 3403; x_wconf 90' lang='lat' dir='ltr'><strong>sicut</strong></span> <span class='ocrx_word' id='word_1_403' title='bbox 708 3347 785 3412; x_wconf 90' lang='lat' dir='ltr'><strong>dicis,</strong></span> <span class='ocrx_word' id='word_1_404' title='bbox 801 3360 854 3401; x_wconf 92' lang='lat' dir='ltr'><strong>non</strong></span> <span class='ocrx_word' id='word_1_405' title='bbox 866 3348 915 3400; x_wconf 90' lang='lat' dir='ltr'><strong>du·</strong></span> <span class='ocrx_word' id='word_1_406' title='bbox 965 3338 1025 3395; x_wconf 86' lang='lat' dir='ltr'><strong>sinc</strong></span> <span class='ocrx_word' id='word_1_407' title='bbox 1049 3337 1198 3394; x_wconf 87' lang='lat' dir='ltr'><strong>certamine</strong></span> <span class='ocrx_word' id='word_1_408' title='bbox 1211 3339 1403 3395; x_wconf 75' lang='lat' dir='ltr'><strong>coronabitur?</strong></span> <span class='ocrx_word' id='word_1_409' title='bbox 1430 3337 1497 3406; x_wconf 84' lang='lat' dir='ltr'><strong>Quis</strong></span> <span class='ocrx_word' id='word_1_410' title='bbox 1509 3336 1631 3409; x_wconf 86' lang='lat' dir='ltr'><strong>agricola</strong></span> <span class='ocrx_word' id='word_1_411' title='bbox 1646 3337 1708 3393; x_wconf 84' lang='lat' dir='ltr'><strong>siue</strong></span> <span class='ocrx_word' id='word_1_412' title='bbox 1722 3336 1758 3391; x_wconf 81' lang='lat' dir='ltr'><strong>la-</strong></span> 
     </span>
     <span class='ocr_line' id='line_1_42' title="bbox 123 3428 1760 3513; baseline -0.009 -15"><span class='ocrx_word' id='word_1_413' title='bbox 123 3442 250 3498; x_wconf 90' lang='lat' dir='ltr'><strong>bitamus.</strong></span> <span class='ocrx_word' id='word_1_414' title='bbox 277 3441 330 3498; x_wconf 84' lang='lat' dir='ltr'><strong>Sed</strong></span> <span class='ocrx_word' id='word_1_415' title='bbox 348 3456 477 3513; x_wconf 84' lang='lat' dir='ltr'><strong>qrrorsnm</strong></span> <span class='ocrx_word' id='word_1_416' title='bbox 492 3441 560 3496; x_wconf 75' lang='lat' dir='ltr'><strong>ista?</strong></span> <span class='ocrx_word' id='word_1_417' title='bbox 572 3469 609 3481; x_wconf 92' lang='lat'>-</span> <span class='ocrx_word' id='word_1_418' title='bbox 620 3437 691 3493; x_wconf 72' lang='lat' dir='ltr'><strong>lito</strong></span> <span class='ocrx_word' id='word_1_419' title='bbox 708 3434 744 3492; x_wconf 91' lang='lat' dir='ltr'><strong>Ut</strong></span> <span class='ocrx_word' id='word_1_420' title='bbox 755 3449 790 3492; x_wconf 85' lang='lat' dir='ltr'><strong>ert</strong></span> <span class='ocrx_word' id='word_1_421' title='bbox 803 3434 915 3502; x_wconf 84' lang='lat' dir='ltr'><strong>majori·</strong></span> <span class='ocrx_word' id='word_1_422' title='bbox 965 3430 1032 3486; x_wconf 87' lang='lat' dir='ltr'><strong>bore</strong></span> <span class='ocrx_word' id='word_1_423' title='bbox 1042 3428 1161 3484; x_wconf 80' lang='lat' dir='ltr'><strong>abundat</strong></span> <span class='ocrx_word' id='word_1_424' title='bbox 1172 3430 1306 3497; x_wconf 82' lang='lat' dir='ltr'><strong>panibus?</strong></span> <span class='ocrx_word' id='word_1_425' title='bbox 1324 3428 1505 3487; x_wconf 86' lang='lat' dir='ltr'><strong>Nonnevetus</strong></span> <span class='ocrx_word' id='word_1_426' title='bbox 1516 3430 1705 3500; x_wconf 76' lang='lat' dir='ltr'><strong>prouerbium,</strong></span> <span class='ocrx_word' id='word_1_427' title='bbox 1719 3444 1760 3484; x_wconf 85' lang='lat' dir='ltr'><strong>rs·</strong></span> 
     </span>
     <span class='ocr_line' id='line_1_43' title="bbox 124 3518 1761 3600; baseline -0.01 -12"><span class='ocrx_word' id='word_1_428' title='bbox 124 3535 175 3589; x_wconf 89' lang='lat' dir='ltr'><strong>bus</strong></span> <span class='ocrx_word' id='word_1_429' title='bbox 190 3533 294 3587; x_wconf 88' lang='lat' dir='ltr'><strong>minora</strong></span> <span class='ocrx_word' id='word_1_430' title='bbox 309 3531 489 3600; x_wconf 90' lang='lat' dir='ltr'><strong>cognoscatis.</strong></span> <span class='ocrx_word' id='word_1_431' title='bbox 965 3519 1041 3574; x_wconf 84' lang='lat' dir='ltr'><strong>dices</strong></span> <span class='ocrx_word' id='word_1_432' title='bbox 1054 3519 1207 3575; x_wconf 85' lang='lat' dir='ltr'><strong>litterarum</strong></span> <span class='ocrx_word' id='word_1_433' title='bbox 1217 3534 1278 3575; x_wconf 86' lang='lat' dir='ltr'><strong>esse</strong></span> <span class='ocrx_word' id='word_1_434' title='bbox 1290 3535 1408 3585; x_wconf 86' lang='lat' dir='ltr'><strong>amaras,</strong></span> <span class='ocrx_word' id='word_1_435' title='bbox 1424 3519 1529 3578; x_wconf 80' lang='lat' dir='ltr'><strong>trucum</strong></span> <span class='ocrx_word' id='word_1_436' title='bbox 1538 3529 1633 3575; x_wconf 87' lang='lat' dir='ltr'><strong>autem</strong></span> <span class='ocrx_word' id='word_1_437' title='bbox 1647 3518 1761 3576; x_wconf 78' lang='lat' dir='ltr'><strong>dulces?</strong></span> 
     </span>
    </p>

    <p class='ocr_par' dir='ltr' id='par_1_19' title="bbox 124 3608 1760 4521">
     <span class='ocr_line' id='line_1_44' title="bbox 160 3608 1760 3690; baseline -0.006 -12"><span class='ocrx_word' id='word_1_438' title='bbox 160 3622 218 3678; x_wconf 80' lang='lat' dir='ltr'><strong>[trs.</strong></span> <span class='ocrx_word' id='word_1_439' title='bbox 238 3622 360 3690; x_wconf 80' lang='lat' dir='ltr'><strong>eronam</strong></span> <span class='ocrx_word' id='word_1_440' title='bbox 374 3621 470 3676; x_wconf 72' lang='lat' dir='ltr'><strong>muido?</strong></span> <span class='ocrx_word' id='word_1_441' title='bbox 481 3651 516 3661; x_wconf 91' lang='lat'>-</span> <span class='ocrx_word' id='word_1_442' title='bbox 529 3619 600 3676; x_wconf 78' lang='lat' dir='ltr'><strong>lise.</strong></span> <span class='ocrx_word' id='word_1_443' title='bbox 616 3619 646 3674; x_wconf 81' lang='lat' dir='ltr'><strong>st</strong></span> <span class='ocrx_word' id='word_1_444' title='bbox 659 3618 758 3675; x_wconf 86' lang='lat' dir='ltr'><strong>coelum</strong></span> <span class='ocrx_word' id='word_1_445' title='bbox 785 3628 915 3690; x_wconf 79' lang='lat' dir='ltr'><strong>terraque</strong></span> <span class='ocrx_word' id='word_1_446' title='bbox 964 3609 1049 3678; x_wconf 88' lang='lat' dir='ltr'><strong>igitur</strong></span> <span class='ocrx_word' id='word_1_447' title='bbox 1073 3617 1101 3664; x_wconf 75' lang='grc'>01</span> <span class='ocrx_word' id='word_1_448' title='bbox 1128 3617 1221 3665; x_wconf 73' lang='lat' dir='ltr'><strong>notter</strong></span> <span class='ocrx_word' id='word_1_449' title='bbox 1248 3620 1341 3665; x_wconf 88' lang='lat' dir='ltr'><strong>orator</strong></span> <span class='ocrx_word' id='word_1_450' title='bbox 1364 3609 1391 3666; x_wconf 93' lang='lat' dir='ltr'><strong>in</strong></span> <span class='ocrx_word' id='word_1_451' title='bbox 1410 3608 1496 3680; x_wconf 71' lang='lat' dir='ltr'><strong>Epist·</strong></span> <span class='ocrx_word' id='word_1_452' title='bbox 1522 3611 1559 3666; x_wconf 69' lang='lat' dir='ltr'><strong>td</strong></span> <span class='ocrx_word' id='word_1_453' title='bbox 1583 3608 1670 3665; x_wconf 75' lang='lat' dir='ltr'><strong>flebr·</strong></span> <span class='ocrx_word' id='word_1_454' title='bbox 1691 3608 1760 3665; x_wconf 74' lang='lat' dir='ltr'><strong>iden</strong></span> 
     </span>
     <span class='ocr_line' id='line_1_45' title="bbox 124 3700 1759 3784; baseline -0.007 -13"><span class='ocrx_word' id='word_1_455' title='bbox 124 3715 182 3771; x_wconf 85' lang='lat' dir='ltr'><strong>suis</strong></span> <span class='ocrx_word' id='word_1_456' title='bbox 193 3728 300 3784; x_wconf 84' lang='lat' dir='ltr'><strong>sempor</strong></span> <span class='ocrx_word' id='word_1_457' title='bbox 309 3712 538 3775; x_wconf 83' lang='lat' dir='ltr'><strong>vicissitudinibus</strong></span> <span class='ocrx_word' id='word_1_458' title='bbox 549 3711 846 3782; x_wconf 84' lang='lat' dir='ltr'><strong>mutantur,·gcneralis</strong></span> <span class='ocrx_word' id='word_1_459' title='bbox 855 3725 914 3766; x_wconf 90' lang='lat' dir='ltr'><strong>om·</strong></span> <span class='ocrx_word' id='word_1_460' title='bbox 965 3703 1072 3776; x_wconf 89' lang='lat' dir='ltr'><strong>probat.</strong></span> <span class='ocrx_word' id='word_1_461' title='bbox 1108 3700 1204 3759; x_wconf 84' lang='lat' dir='ltr'><strong>Omnis</strong></span> <span class='ocrx_word' id='word_1_462' title='bbox 1223 3704 1332 3774; x_wconf 84' lang='lat' dir='ltr'><strong>quidem</strong></span> <span class='ocrx_word' id='word_1_463' title='bbox 1355 3704 1497 3775; x_wconf 83' lang='lat' dir='ltr'><strong>disciplina</strong></span> <span class='ocrx_word' id='word_1_464' title='bbox 1521 3704 1759 3776; x_wconf 79' lang='lat' dir='ltr'><strong>inpraesentiuon</strong></span> 
     </span>
     <span class='ocr_line' id='line_1_46' title="bbox 124 3796 1760 3878; baseline -0.005 -17"><span class='ocrx_word' id='word_1_465' title='bbox 124 3805 199 3865; x_wconf 90' lang='lat' dir='ltr'><strong>nium</strong></span> <span class='ocrx_word' id='word_1_466' title='bbox 226 3803 402 3878; x_wconf 84' lang='lat' dir='ltr'><strong>[mortalium]</strong></span> <span class='ocrx_word' id='word_1_467' title='bbox 429 3803 601 3875; x_wconf 82' lang='lat' dir='ltr'><strong>pulchritudo</strong></span> <span class='ocrx_word' id='word_1_468' title='bbox 613 3810 641 3858; x_wconf 85' lang='lat' dir='ltr'><strong>et</strong></span> <span class='ocrx_word' id='word_1_469' title='bbox 663 3801 783 3863; x_wconf 67' lang='lat' dir='ltr'><strong>utilitasr</strong></span> <span class='ocrx_word' id='word_1_470' title='bbox 814 3808 916 3872; x_wconf 80' lang='lat' dir='ltr'><strong>quanto</strong></span> <span class='ocrx_word' id='word_1_471' title='bbox 965 3796 1145 3851; x_wconf 81' lang='lat' dir='ltr'><strong>videturesse</strong></span> <span class='ocrx_word' id='word_1_472' title='bbox 1164 3796 1253 3867; x_wconf 88' lang='lat' dir='ltr'><strong>gaudii</strong></span> <span class='ocrx_word' id='word_1_473' title='bbox 1267 3797 1314 3852; x_wconf 78' lang='lat' dir='ltr'><strong>sed</strong></span> <span class='ocrx_word' id='word_1_474' title='bbox 1328 3796 1474 3863; x_wconf 81' lang='lat' dir='ltr'><strong>moemris3</strong></span> <span class='ocrx_word' id='word_1_475' title='bbox 1496 3804 1592 3866; x_wconf 89' lang='lat' dir='ltr'><strong>postea</strong></span> <span class='ocrx_word' id='word_1_476' title='bbox 1605 3796 1760 3870; x_wconf 61' lang='lat' dir='ltr'><strong>[remipe-</strong></span> 
     </span>
     <span class='ocr_line' id='line_1_47' title="bbox 127 3885 1757 3966; baseline -0.004 -16"><span class='ocrx_word' id='word_1_477' title='bbox 127 3896 210 3966; x_wconf 78' lang='lat' dir='ltr'><strong>magis</strong></span> <span class='ocrx_word' id='word_1_478' title='bbox 237 3893 379 3962; x_wconf 75' lang='lat' dir='ltr'><strong>crdrrslibct</strong></span> <span class='ocrx_word' id='word_1_479' title='bbox 400 3895 438 3948; x_wconf 93' lang='lat' dir='ltr'><strong>rci</strong></span> <span class='ocrx_word' id='word_1_480' title='bbox 456 3893 582 3964; x_wconf 84' lang='lat' dir='ltr'><strong>specialis</strong></span> <span class='ocrx_word' id='word_1_481' title='bbox 602 3891 745 3946; x_wconf 80' lang='lat' dir='ltr'><strong>delectatio</strong></span> <span class='ocrx_word' id='word_1_482' title='bbox 758 3890 914 3945; x_wconf 80' lang='lat' dir='ltr'><strong>tmnsituria</strong></span> <span class='ocrx_word' id='word_1_483' title='bbox 965 3887 1133 3943; x_wconf 87' lang='lat' dir='ltr'><strong>catissimum</strong></span> <span class='ocrx_word' id='word_1_484' title='bbox 1145 3885 1262 3943; x_wconf 80' lang='lat' dir='ltr'><strong>fructum</strong></span> <span class='ocrx_word' id='word_1_485' title='bbox 1275 3889 1433 3944; x_wconf 84' lang='lat' dir='ltr'><strong>exercitatis</strong></span> <span class='ocrx_word' id='word_1_486' title='bbox 1449 3889 1477 3944; x_wconf 93' lang='lat' dir='ltr'><strong>in</strong></span> <span class='ocrx_word' id='word_1_487' title='bbox 1489 3903 1522 3943; x_wconf 88' lang='lat' dir='ltr'><strong>ea</strong></span> <span class='ocrx_word' id='word_1_488' title='bbox 1545 3886 1627 3944; x_wconf 86' lang='lat' dir='ltr'><strong>aliert</strong></span> <span class='ocrx_word' id='word_1_489' title='bbox 1639 3890 1757 3963; x_wconf 62' lang='lat' dir='ltr'><strong>justitie„</strong></span> 
     </span>
     <span class='ocr_line' id='line_1_48' title="bbox 125 3979 1757 4053; baseline -0.005 -11"><span class='ocrx_word' id='word_1_490' title='bbox 125 4000 185 4042; x_wconf 87' lang='lat' dir='ltr'><strong>esse</strong></span> <span class='ocrx_word' id='word_1_491' title='bbox 200 4001 310 4041; x_wconf 85' lang='lat' dir='ltr'><strong>neccsse</strong></span> <span class='ocrx_word' id='word_1_492' title='bbox 324 3985 384 4041; x_wconf 81' lang='lat' dir='ltr'><strong>cst?</strong></span> <span class='ocrx_word' id='word_1_493' title='bbox 408 3983 440 4039; x_wconf 79' lang='lat' dir='ltr'><strong>dt</strong></span> <span class='ocrx_word' id='word_1_494' title='bbox 457 3999 506 4039; x_wconf 90' lang='lat' dir='ltr'><strong>cur</strong></span> <span class='ocrx_word' id='word_1_495' title='bbox 521 3998 553 4038; x_wconf 83' lang='lat' dir='ltr'><strong>ea</strong></span> <span class='ocrx_word' id='word_1_496' title='bbox 572 3983 657 4037; x_wconf 84' lang='lat' dir='ltr'><strong>amari</strong></span> <span class='ocrx_word' id='word_1_497' title='bbox 670 3983 842 4053; x_wconf 77' lang='lat' dir='ltr'><strong>debentque</strong></span> <span class='ocrx_word' id='word_1_498' title='bbox 855 3997 917 4052; x_wconf 87' lang='lat' dir='ltr'><strong>per-</strong></span> <span class='ocrx_word' id='word_1_499' title='bbox 1002 3979 1058 4035; x_wconf 82' lang='lat' dir='ltr'><strong>llis.</strong></span> <span class='ocrx_word' id='word_1_500' title='bbox 1079 3979 1147 4045; x_wconf 87' lang='lat' dir='ltr'><strong>Duc,</strong></span> <span class='ocrx_word' id='word_1_501' title='bbox 1182 3994 1241 4050; x_wconf 88' lang='lat' dir='ltr'><strong>age,</strong></span> <span class='ocrx_word' id='word_1_502' title='bbox 1266 3994 1320 4050; x_wconf 84' lang='lat' dir='ltr'><strong>quo</strong></span> <span class='ocrx_word' id='word_1_503' title='bbox 1344 3979 1445 4046; x_wconf 86' lang='lat' dir='ltr'><strong>libeat‘,</strong></span> <span class='ocrx_word' id='word_1_504' title='bbox 1471 3981 1615 4050; x_wconf 79' lang='lat' dir='ltr'><strong>seqarimur</strong></span> <span class='ocrx_word' id='word_1_505' title='bbox 1638 3980 1757 4044; x_wconf 80' lang='lat' dir='ltr'><strong>libenter,</strong></span> 
     </span>
     <span class='ocr_line' id='line_1_49' title="bbox 126 4069 1759 4146; baseline -0.004 -17"><span class='ocrx_word' id='word_1_506' title='bbox 126 4091 236 4131; x_wconf 86' lang='lat' dir='ltr'><strong>manere</strong></span> <span class='ocrx_word' id='word_1_507' title='bbox 252 4076 404 4146; x_wconf 78' lang='lat' dir='ltr'><strong>nequount?</strong></span> <span class='ocrx_word' id='word_1_508' title='bbox 430 4073 500 4141; x_wconf 85' lang='lat' dir='ltr'><strong>Quid</strong></span> <span class='ocrx_word' id='word_1_509' title='bbox 524 4088 573 4127; x_wconf 84' lang='lat' dir='ltr'><strong>ros</strong></span> <span class='ocrx_word' id='word_1_510' title='bbox 591 4072 714 4127; x_wconf 76' lang='lat' dir='ltr'><strong>homines</strong></span> <span class='ocrx_word' id='word_1_511' title='bbox 732 4073 766 4126; x_wconf 84' lang='lat' dir='ltr'><strong>de</strong></span> <span class='ocrx_word' id='word_1_512' title='bbox 787 4070 918 4144; x_wconf 84' lang='lat' dir='ltr'><strong>[nominis</strong></span> <span class='ocrx_word' id='word_1_513' title='bbox 966 4071 1029 4141; x_wconf 86' lang='lat' dir='ltr'><strong>quia</strong></span> <span class='ocrx_word' id='word_1_514' title='bbox 1046 4085 1107 4141; x_wconf 89' lang='lat' dir='ltr'><strong>spes</strong></span> <span class='ocrx_word' id='word_1_515' title='bbox 1130 4070 1234 4142; x_wconf 77' lang='lat' dir='ltr'><strong>prrcmii</strong></span> <span class='ocrx_word' id='word_1_516' title='bbox 1260 4069 1330 4125; x_wconf 83' lang='lat' dir='ltr'><strong>solet</strong></span> <span class='ocrx_word' id='word_1_517' title='bbox 1357 4070 1478 4127; x_wconf 88' lang='lat' dir='ltr'><strong>laborem</strong></span> <span class='ocrx_word' id='word_1_518' title='bbox 1499 4071 1635 4128; x_wconf 79' lang='lat' dir='ltr'><strong>relevare.</strong></span> <span class='ocrx_word' id='word_1_519' title='bbox 1671 4071 1759 4128; x_wconf 79' lang='lat' dir='ltr'><strong>uanis</strong></span> 
     </span>
     <span class='ocr_line' id='line_1_50' title="bbox 127 4161 1754 4239; baseline -0.006 -18"><span class='ocrx_word' id='word_1_520' title='bbox 127 4164 383 4239; x_wconf 76' lang='lat' dir='ltr'><strong>(Edit.‚bominis)]</strong></span> <span class='ocrx_word' id='word_1_521' title='bbox 397 4164 486 4229; x_wconf 88' lang='lat' dir='ltr'><strong>lande,</strong></span> <span class='ocrx_word' id='word_1_522' title='bbox 501 4165 533 4219; x_wconf 89' lang='lat' dir='ltr'><strong>dc</strong></span> <span class='ocrx_word' id='word_1_523' title='bbox 548 4163 811 4233; x_wconf 90' lang='lat' dir='ltr'><strong>bonorisdignitatc,</strong></span> <span class='ocrx_word' id='word_1_524' title='bbox 831 4165 865 4218; x_wconf 93' lang='lat' dir='ltr'><strong>de</strong></span> <span class='ocrx_word' id='word_1_525' title='bbox 878 4162 918 4218; x_wconf 93' lang='lat' dir='ltr'><strong>di·</strong></span> <span class='ocrx_word' id='word_1_526' title='bbox 966 4161 1065 4230; x_wconf 88' lang='lat' dir='ltr'><strong>quippe</strong></span> <span class='ocrx_word' id='word_1_527' title='bbox 1090 4161 1135 4232; x_wconf 89' lang='lat' dir='ltr'><strong>qui</strong></span> <span class='ocrx_word' id='word_1_528' title='bbox 1161 4170 1232 4226; x_wconf 81' lang='lat' dir='ltr'><strong>arat,</strong></span> <span class='ocrx_word' id='word_1_529' title='bbox 1257 4161 1284 4216; x_wconf 92' lang='lat' dir='ltr'><strong>in</strong></span> <span class='ocrx_word' id='word_1_530' title='bbox 1301 4175 1348 4230; x_wconf 92' lang='lat' dir='ltr'><strong>spe</strong></span> <span class='ocrx_word' id='word_1_531' title='bbox 1372 4170 1432 4217; x_wconf 89' lang='lat' dir='ltr'><strong>arat</strong></span> <span class='ocrx_word' id='word_1_532' title='bbox 1452 4164 1625 4234; x_wconf 88' lang='lat' dir='ltr'><strong>percipiendi</strong></span> <span class='ocrx_word' id='word_1_533' title='bbox 1650 4162 1754 4218; x_wconf 83' lang='lat' dir='ltr'><strong>inretus.</strong></span> 
     </span>
     <span class='ocr_line' id='line_1_51' title="bbox 125 4252 1755 4327; baseline -0.001 -18"><span class='ocrx_word' id='word_1_534' title='bbox 125 4258 254 4313; x_wconf 84' lang='lat' dir='ltr'><strong>uillarum</strong></span> <span class='ocrx_word' id='word_1_535' title='bbox 268 4256 475 4327; x_wconf 85' lang='lat' dir='ltr'><strong>congregatione</strong></span> <span class='ocrx_word' id='word_1_536' title='bbox 485 4253 627 4325; x_wconf 83' lang='lat' dir='ltr'><strong>cogitatis?</strong></span> <span class='ocrx_word' id='word_1_537' title='bbox 651 4252 864 4323; x_wconf 84' lang='lat' dir='ltr'><strong>LegistisGroesi</strong></span> <span class='ocrx_word' id='word_1_538' title='bbox 878 4253 916 4308; x_wconf 90' lang='lat' dir='ltr'><strong>di·</strong></span> <span class='ocrx_word' id='word_1_539' title='bbox 966 4252 1065 4307; x_wconf 82' lang='lat' dir='ltr'><strong>Fertur</strong></span> <span class='ocrx_word' id='word_1_540' title='bbox 1087 4253 1190 4321; x_wconf 80' lang='lat' dir='ltr'><strong>itaque,</strong></span> <span class='ocrx_word' id='word_1_541' title='bbox 1215 4252 1279 4307; x_wconf 91' lang='lat' dir='ltr'><strong>dnm</strong></span> <span class='ocrx_word' id='word_1_542' title='bbox 1293 4254 1426 4324; x_wconf 74' lang='lat' dir='ltr'><strong>Diogenes</strong></span> <span class='ocrx_word' id='word_1_543' title='bbox 1440 4268 1555 4325; x_wconf 79' lang='lat' dir='ltr'><strong>inagnus</strong></span> <span class='ocrx_word' id='word_1_544' title='bbox 1570 4253 1619 4309; x_wconf 91' lang='lat' dir='ltr'><strong>ille</strong></span> <span class='ocrx_word' id='word_1_545' title='bbox 1645 4254 1755 4326; x_wconf 77' lang='lat' dir='ltr'><strong>pbiloso</strong></span> 
     </span>
     <span class='ocr_line' id='line_1_52' title="bbox 126 4342 1754 4417; baseline -0.003 -16"><span class='ocrx_word' id='word_1_546' title='bbox 126 4349 217 4412; x_wconf 83' lang='lat' dir='ltr'><strong>vitias,</strong></span> <span class='ocrx_word' id='word_1_547' title='bbox 228 4347 372 4403; x_wconf 77' lang='lat' dir='ltr'><strong>Alexandri</strong></span> <span class='ocrx_word' id='word_1_548' title='bbox 384 4345 493 4405; x_wconf 85' lang='lat' dir='ltr'><strong>lamam,</strong></span> <span class='ocrx_word' id='word_1_549' title='bbox 510 4345 630 4416; x_wconf 87' lang='lat' dir='ltr'><strong>Pompeii</strong></span> <span class='ocrx_word' id='word_1_550' title='bbox 641 4345 790 4401; x_wconf 74' lang='lat' dir='ltr'><strong>honorem?</strong></span> <span class='ocrx_word' id='word_1_551' title='bbox 805 4345 839 4400; x_wconf 85' lang='grc' dir='ltr'><strong>Ει</strong></span> <span class='ocrx_word' id='word_1_552' title='bbox 851 4345 917 4416; x_wconf 84' lang='lat' dir='ltr'><strong>quid</strong></span> <span class='ocrx_word' id='word_1_553' title='bbox 965 4342 1036 4412; x_wconf 87' lang='lat' dir='ltr'><strong>phus</strong></span> <span class='ocrx_word' id='word_1_554' title='bbox 1060 4358 1156 4400; x_wconf 90' lang='lat' dir='ltr'><strong>omnes</strong></span> <span class='ocrx_word' id='word_1_555' title='bbox 1178 4358 1242 4400; x_wconf 87' lang='lat' dir='ltr'><strong>snos</strong></span> <span class='ocrx_word' id='word_1_556' title='bbox 1264 4360 1279 4398; x_wconf 87' lang='lat' dir='ltr'><strong>a</strong></span> <span class='ocrx_word' id='word_1_557' title='bbox 1300 4360 1329 4399; x_wconf 86' lang='lat' dir='ltr'><strong>se</strong></span> <span class='ocrx_word' id='word_1_558' title='bbox 1354 4345 1458 4416; x_wconf 81' lang='lat' dir='ltr'><strong>expulit</strong></span> <span class='ocrx_word' id='word_1_559' title='bbox 1479 4346 1632 4417; x_wconf 82' lang='lat' dir='ltr'><strong>discipulos</strong></span> <span class='ocrx_word' id='word_1_560' title='bbox 1653 4346 1754 4401; x_wconf 88' lang='lat' dir='ltr'><strong>diceus:</strong></span> 
     </span>
     <span class='ocr_line' id='line_1_53' title="bbox 128 4431 1754 4521; baseline -0.001 -27"><span class='ocrx_word' id='word_1_561' title='bbox 128 4441 186 4495; x_wconf 80' lang='lat' dir='ltr'><strong>lraec</strong></span> <span class='ocrx_word' id='word_1_562' title='bbox 203 4438 330 4508; x_wconf 87' lang='lat' dir='ltr'><strong>perituris</strong></span> <span class='ocrx_word' id='word_1_563' title='bbox 346 4437 516 4507; x_wconf 81' lang='lat' dir='ltr'><strong>proderunt?</strong></span> <span class='ocrx_word' id='word_1_564' title='bbox 538 4436 602 4490; x_wconf 90' lang='lat' dir='ltr'><strong>dum</strong></span> <span class='ocrx_word' id='word_1_565' title='bbox 616 4436 729 4504; x_wconf 82' lang='lat' dir='ltr'><strong>qrrisquc</strong></span> <span class='ocrx_word' id='word_1_566' title='bbox 747 4435 854 4490; x_wconf 90' lang='lat' dir='ltr'><strong>illorum</strong></span> <span class='ocrx_word' id='word_1_567' title='bbox 867 4431 1014 4521; x_wconf 66' lang='lat' dir='ltr'><strong>imnlte,</strong></span> <span class='ocrx_word' id='word_1_568' title='bbox 1038 4435 1151 4503; x_wconf 82' lang='lat' dir='ltr'><strong>quaerite</strong></span> <span class='ocrx_word' id='word_1_569' title='bbox 1176 4435 1254 4490; x_wconf 83' lang='lat' dir='ltr'><strong>vobis</strong></span> <span class='ocrx_word' id='word_1_570' title='bbox 1279 4437 1454 4507; x_wconf 88' lang='lat' dir='ltr'><strong>magistrum,</strong></span> <span class='ocrx_word' id='word_1_571' title='bbox 1479 4452 1531 4506; x_wconf 88' lang='lat' dir='ltr'><strong>ego</strong></span> <span class='ocrx_word' id='word_1_572' title='bbox 1556 4453 1627 4494; x_wconf 87' lang='lat' dir='ltr'><strong>rero</strong></span> <span class='ocrx_word' id='word_1_573' title='bbox 1653 4433 1754 4510; x_wconf 67' lang='lat' dir='ltr'><strong>[ibreii</strong></span> 
     </span>
    </p>
   </div>
   <div class='ocr_carea' id='block_1_16' title="bbox 126 4525 924 5688">
    <p class='ocr_par' dir='ltr' id='par_1_20' title="bbox 126 4525 924 5688">
     <span class='ocr_line' id='line_1_54' title="bbox 127 4525 915 4597; baseline -0.003 -14"><span class='ocrx_word' id='word_1_574' title='bbox 127 4538 234 4583; x_wconf 84' lang='lat' dir='ltr'><strong>oratura</strong></span> <span class='ocrx_word' id='word_1_575' title='bbox 248 4534 336 4583; x_wconf 82' lang='lat' dir='ltr'><strong>morte</strong></span> <span class='ocrx_word' id='word_1_576' title='bbox 352 4542 414 4582; x_wconf 93' lang='lat' dir='ltr'><strong>cum</strong></span> <span class='ocrx_word' id='word_1_577' title='bbox 425 4540 521 4597; x_wconf 91' lang='lat' dir='ltr'><strong>magno</strong></span> <span class='ocrx_word' id='word_1_578' title='bbox 534 4526 673 4595; x_wconf 80' lang='lat' dir='ltr'><strong>quaesitam</strong></span> <span class='ocrx_word' id='word_1_579' title='bbox 685 4525 778 4581; x_wconf 90' lang='lat' dir='ltr'><strong>labore</strong></span> <span class='ocrx_word' id='word_1_580' title='bbox 790 4526 844 4582; x_wconf 87' lang='lat' dir='ltr'><strong>cito</strong></span> <span class='ocrx_word' id='word_1_581' title='bbox 853 4541 915 4596; x_wconf 91' lang='lat' dir='ltr'><strong>per·</strong></span> 
     </span>
     <span class='ocr_line' id='line_1_55' title="bbox 127 4617 917 4690; baseline -0.004 -15"><span class='ocrx_word' id='word_1_582' title='bbox 127 4619 196 4675; x_wconf 87' lang='lat' dir='ltr'><strong>didit</strong></span> <span class='ocrx_word' id='word_1_583' title='bbox 213 4620 337 4690; x_wconf 83' lang='lat' dir='ltr'><strong>gloriam,</strong></span> <span class='ocrx_word' id='word_1_584' title='bbox 360 4619 510 4688; x_wconf 76' lang='lat' dir='ltr'><strong>minuitque</strong></span> <span class='ocrx_word' id='word_1_585' title='bbox 531 4617 729 4686; x_wconf 84' lang='lat' dir='ltr'><strong>qrrodammodo</strong></span> <span class='ocrx_word' id='word_1_586' title='bbox 743 4619 858 4686; x_wconf 68' lang='lat' dir='ltr'><strong>propriae</strong></span> <span class='ocrx_word' id='word_1_587' title='bbox 874 4618 917 4672; x_wconf 93' lang='lat' dir='ltr'><strong>in-</strong></span> 
     </span>
     <span class='ocr_line' id='line_1_56' title="bbox 126 4705 916 4780; baseline -0.001 -17"><span class='ocrx_word' id='word_1_588' title='bbox 126 4707 281 4779; x_wconf 84' lang='lat' dir='ltr'><strong>tegritatem</strong></span> <span class='ocrx_word' id='word_1_589' title='bbox 298 4708 418 4763; x_wconf 74' lang='lat' dir='ltr'><strong>scientim</strong></span> <span class='ocrx_word' id='word_1_590' title='bbox 430 4705 504 4780; x_wconf 73' lang='lat' dir='ltr'><strong>ldis„</strong></span> <span class='ocrx_word' id='word_1_591' title='bbox 511 4705 647 4778; x_wconf 73' lang='lat' dir='ltr'><strong>iustitimi,</strong></span> <span class='ocrx_word' id='word_1_592' title='bbox 657 4707 703 4775; x_wconf 83' lang='lat' dir='ltr'><strong>qui</strong></span> <span class='ocrx_word' id='word_1_593' title='bbox 716 4706 852 4762; x_wconf 85' lang='lat' dir='ltr'><strong>exulienis</strong></span> <span class='ocrx_word' id='word_1_594' title='bbox 865 4708 916 4764; x_wconf 92' lang='lat' dir='ltr'><strong>sibi</strong></span> 
     </span>
     <span class='ocr_line' id='line_1_57' title="bbox 126 4797 918 4868; baseline 0 -15"><span class='ocrx_word' id='word_1_595' title='bbox 126 4798 306 4854; x_wconf 86' lang='lat' dir='ltr'><strong>sermunculis</strong></span> <span class='ocrx_word' id='word_1_596' title='bbox 315 4798 421 4853; x_wconf 86' lang='lat' dir='ltr'><strong>laudern</strong></span> <span class='ocrx_word' id='word_1_597' title='bbox 434 4799 540 4868; x_wconf 69' lang='lat' dir='ltr'><strong>querit.</strong></span> <span class='ocrx_word' id='word_1_598' title='bbox 562 4797 631 4864; x_wconf 83' lang='lat' dir='ltr'><strong>Quid</strong></span> <span class='ocrx_word' id='word_1_599' title='bbox 644 4798 790 4853; x_wconf 80' lang='lat' dir='ltr'><strong>dedititiis</strong></span> <span class='ocrx_word' id='word_1_600' title='bbox 805 4813 918 4867; x_wconf 87' lang='lat' dir='ltr'><strong>congre-</strong></span> 
     </span>
     <span class='ocr_line' id='line_1_58' title="bbox 126 4887 919 4960; baseline 0.004 -19"><span class='ocrx_word' id='word_1_601' title='bbox 126 4888 222 4960; x_wconf 82' lang='lat' dir='ltr'><strong>gandis</strong></span> <span class='ocrx_word' id='word_1_602' title='bbox 236 4889 360 4948; x_wconf 87' lang='lat' dir='ltr'><strong>studetis,</strong></span> <span class='ocrx_word' id='word_1_603' title='bbox 383 4903 444 4957; x_wconf 70' lang='lat' dir='ltr'><strong>quae</strong></span> <span class='ocrx_word' id='word_1_604' title='bbox 457 4887 500 4942; x_wconf 83' lang='lat' dir='ltr'><strong>vc!</strong></span> <span class='ocrx_word' id='word_1_605' title='bbox 514 4888 651 4953; x_wconf 87' lang='lat' dir='ltr'><strong>deserunt,</strong></span> <span class='ocrx_word' id='word_1_606' title='bbox 678 4888 721 4944; x_wconf 81' lang='lat' dir='ltr'><strong>rel</strong></span> <span class='ocrx_word' id='word_1_607' title='bbox 740 4889 919 4949; x_wconf 82' lang='lat' dir='ltr'><strong>desemntnrt</strong></span> 
     </span>
     <span class='ocr_line' id='line_1_59' title="bbox 128 4978 918 5054; baseline 0.003 -19"><span class='ocrx_word' id='word_1_608' title='bbox 128 4996 188 5049; x_wconf 74' lang='lat' dir='ltr'><strong>quus</strong></span> <span class='ocrx_word' id='word_1_609' title='bbox 201 4978 363 5035; x_wconf 84' lang='lat' dir='ltr'><strong>eliundcndo</strong></span> <span class='ocrx_word' id='word_1_610' title='bbox 376 4995 457 5050; x_wconf 88' lang='lat' dir='ltr'><strong>quam</strong></span> <span class='ocrx_word' id='word_1_611' title='bbox 472 4981 605 5036; x_wconf 81' lang='lat' dir='ltr'><strong>servando</strong></span> <span class='ocrx_word' id='word_1_612' title='bbox 623 4981 719 5037; x_wconf 88' lang='lat' dir='ltr'><strong>melius</strong></span> <span class='ocrx_word' id='word_1_613' title='bbox 741 4980 826 5037; x_wconf 90' lang='lat' dir='ltr'><strong>ditant</strong></span> <span class='ocrx_word' id='word_1_614' title='bbox 842 4981 918 5054; x_wconf 70' lang='lat' dir='ltr'><strong>ldis„</strong></span> 
     </span>
     <span class='ocr_line' id='line_1_60' title="bbox 127 5067 920 5140; baseline 0.005 -17"><span class='ocrx_word' id='word_1_615' title='bbox 127 5067 252 5140; x_wconf 74' lang='lat' dir='ltr'><strong>nitenti?</strong></span> <span class='ocrx_word' id='word_1_616' title='bbox 279 5068 419 5139; x_wconf 87' lang='lat' dir='ltr'><strong>Siquidem</strong></span> <span class='ocrx_word' id='word_1_617' title='bbox 442 5069 556 5124; x_wconf 81' lang='lat' dir='ltr'><strong>avaritia</strong></span> <span class='ocrx_word' id='word_1_618' title='bbox 587 5070 703 5130; x_wconf 89' lang='lat' dir='ltr'><strong>odiosos.</strong></span> <span class='ocrx_word' id='word_1_619' title='bbox 727 5070 815 5127; x_wconf 87' lang='lat' dir='ltr'><strong>clarus</strong></span> <span class='ocrx_word' id='word_1_620' title='bbox 838 5072 920 5140; x_wconf 84' lang='lat' dir='ltr'><strong>largi-</strong></span> 
     </span>
     <span class='ocr_line' id='line_1_61' title="bbox 128 5160 921 5229; baseline 0.008 -15"><span class='ocrx_word' id='word_1_621' title='bbox 128 5172 171 5216; x_wconf 85' lang='lat' dir='ltr'><strong>tas</strong></span> <span class='ocrx_word' id='word_1_622' title='bbox 181 5161 256 5216; x_wconf 83' lang='lat' dir='ltr'><strong>iacit.</strong></span> <span class='ocrx_word' id='word_1_623' title='bbox 279 5160 399 5229; x_wconf 76' lang='lat' dir='ltr'><strong>Quarum</strong></span> <span class='ocrx_word' id='word_1_624' title='bbox 414 5162 578 5217; x_wconf 88' lang='lat' dir='ltr'><strong>abundantia</strong></span> <span class='ocrx_word' id='word_1_625' title='bbox 591 5163 696 5216; x_wconf 90' lang='lat' dir='ltr'><strong>nonnisi</strong></span> <span class='ocrx_word' id='word_1_626' title='bbox 711 5164 865 5218; x_wconf 81' lang='lat' dir='ltr'><strong>exaliorum</strong></span> <span class='ocrx_word' id='word_1_627' title='bbox 879 5165 921 5220; x_wconf 91' lang='lat' dir='ltr'><strong>in-</strong></span> 
     </span>
     <span class='ocr_line' id='line_1_62' title="bbox 129 5250 921 5333; baseline 0.008 -29"><span class='ocrx_word' id='word_1_628' title='bbox 129 5251 246 5320; x_wconf 80' lang='lat' dir='ltr'><strong>digentia</strong></span> <span class='ocrx_word' id='word_1_629' title='bbox 261 5250 338 5323; x_wconf 66' lang='lat' dir='ltr'><strong>lits„</strong></span> <span class='ocrx_word' id='word_1_630' title='bbox 363 5251 539 5325; x_wconf 86' lang='lat' dir='ltr'><strong>indulgentia]</strong></span> <span class='ocrx_word' id='word_1_631' title='bbox 553 5253 718 5324; x_wconf 74' lang='lat' dir='ltr'><strong>congeritur.</strong></span> <span class='ocrx_word' id='word_1_632' title='bbox 745 5253 921 5333; x_wconf 82' lang='lat' dir='ltr'><strong>Qrtidbono-</strong></span> 
     </span>
     <span class='ocr_line' id='line_1_63' title="bbox 129 5341 920 5413; baseline 0.008 -19"><span class='ocrx_word' id='word_1_633' title='bbox 129 5356 174 5395; x_wconf 86' lang='lat' dir='ltr'><strong>res</strong></span> <span class='ocrx_word' id='word_1_634' title='bbox 183 5341 300 5396; x_wconf 75' lang='lat' dir='ltr'><strong>innuente</strong></span> <span class='ocrx_word' id='word_1_635' title='bbox 310 5344 443 5413; x_wconf 84' lang='lat' dir='ltr'><strong>superbiae</strong></span> <span class='ocrx_word' id='word_1_636' title='bbox 455 5344 594 5413; x_wconf 75' lang='lat' dir='ltr'><strong>quaeritis!</strong></span> <span class='ocrx_word' id='word_1_637' title='bbox 615 5342 709 5399; x_wconf 85' lang='lat' dir='ltr'><strong>Nonue</strong></span> <span class='ocrx_word' id='word_1_638' title='bbox 722 5359 793 5399; x_wconf 89' lang='lat' dir='ltr'><strong>unus</strong></span> <span class='ocrx_word' id='word_1_639' title='bbox 808 5353 849 5399; x_wconf 88' lang='lat' dir='ltr'><strong>est</strong></span> <span class='ocrx_word' id='word_1_640' title='bbox 861 5360 920 5400; x_wconf 91' lang='lat' dir='ltr'><strong>om-</strong></span> 
     </span>
     <span class='ocr_line' id='line_1_64' title="bbox 129 5432 922 5506; baseline 0.011 -23"><span class='ocrx_word' id='word_1_641' title='bbox 129 5432 204 5485; x_wconf 84' lang='lat' dir='ltr'><strong>niurn</strong></span> <span class='ocrx_word' id='word_1_642' title='bbox 216 5432 313 5489; x_wconf 81' lang='lat' dir='ltr'><strong>Pater?</strong></span> <span class='ocrx_word' id='word_1_643' title='bbox 334 5434 368 5489; x_wconf 81' lang='lat' dir='ltr'><strong>Et</strong></span> <span class='ocrx_word' id='word_1_644' title='bbox 381 5450 430 5490; x_wconf 92' lang='lat' dir='ltr'><strong>cur</strong></span> <span class='ocrx_word' id='word_1_645' title='bbox 443 5435 568 5506; x_wconf 82' lang='lat' dir='ltr'><strong>injuriam</strong></span> <span class='ocrx_word' id='word_1_646' title='bbox 580 5433 669 5491; x_wconf 74' lang='lat' dir='ltr'><strong>facitis</strong></span> <span class='ocrx_word' id='word_1_647' title='bbox 680 5434 817 5490; x_wconf 82' lang='lat' dir='ltr'><strong>condituri</strong></span> <span class='ocrx_word' id='word_1_648' title='bbox 831 5444 922 5492; x_wconf 83' lang='lat' dir='ltr'><strong>restro</strong></span> 
     </span>
     <span class='ocr_line' id='line_1_65' title="bbox 129 5519 923 5595; baseline 0.011 -24"><span class='ocrx_word' id='word_1_649' title='bbox 129 5519 221 5587; x_wconf 78' lang='lat' dir='ltr'><strong>poium</strong></span> <span class='ocrx_word' id='word_1_650' title='bbox 234 5524 356 5585; x_wconf 87' lang='lat' dir='ltr'><strong>amando,</strong></span> <span class='ocrx_word' id='word_1_651' title='bbox 372 5532 400 5579; x_wconf 89' lang='lat' dir='ltr'><strong>ot</strong></span> <span class='ocrx_word' id='word_1_652' title='bbox 410 5524 695 5581; x_wconf 86' lang='lat' dir='ltr'><strong>melioraamittendoi</strong></span> <span class='ocrx_word' id='word_1_653' title='bbox 716 5524 763 5580; x_wconf 93' lang='lat' dir='ltr'><strong>llle</strong></span> <span class='ocrx_word' id='word_1_654' title='bbox 778 5538 861 5595; x_wconf 84' lang='lat' dir='ltr'><strong>genus</strong></span> <span class='ocrx_word' id='word_1_655' title='bbox 872 5526 923 5580; x_wconf 92' lang='lat' dir='ltr'><strong>bu·</strong></span> 
     </span>
     <span class='ocr_line' id='line_1_66' title="bbox 130 5614 924 5688; baseline 0.01 -24"><span class='ocrx_word' id='word_1_656' title='bbox 130 5622 242 5664; x_wconf 70' lang='lat' dir='ltr'><strong>marinna</strong></span> <span class='ocrx_word' id='word_1_657' title='bbox 258 5614 373 5667; x_wconf 85' lang='lat' dir='ltr'><strong>terrenis</strong></span> <span class='ocrx_word' id='word_1_658' title='bbox 386 5614 512 5670; x_wconf 87' lang='lat' dir='ltr'><strong>omnibus</strong></span> <span class='ocrx_word' id='word_1_659' title='bbox 524 5623 654 5685; x_wconf 85' lang='lat' dir='ltr'><strong>praestare</strong></span> <span class='ocrx_word' id='word_1_660' title='bbox 668 5614 762 5680; x_wconf 79' lang='lat' dir='ltr'><strong>voluit,</strong></span> <span class='ocrx_word' id='word_1_661' title='bbox 776 5629 824 5671; x_wconf 84' lang='lat' dir='ltr'><strong>ros</strong></span> <span class='ocrx_word' id='word_1_662' title='bbox 838 5616 924 5688; x_wconf 90' lang='lat' dir='ltr'><strong>digni·</strong></span> 
     </span>
    </p>
   </div>
   <div class='ocr_carea' id='block_1_17' title="bbox 154 5719 853 5799">
    <p class='ocr_par' dir='ltr' id='par_1_21' title="bbox 154 5719 853 5799">
     <span class='ocr_line' id='line_1_67' title="bbox 154 5719 853 5799; baseline 0.006 -22"><span class='ocrx_word' id='word_1_663' title='bbox 154 5731 169 5763; x_wconf 74' lang='grc'>1</span> <span class='ocrx_word' id='word_1_664' title='bbox 188 5719 258 5778; x_wconf 78' lang='lat' dir='ltr'><strong>llaec</strong></span> <span class='ocrx_word' id='word_1_665' title='bbox 267 5723 398 5784; x_wconf 82' lang='lat' dir='ltr'><strong>restituta</strong></span> <span class='ocrx_word' id='word_1_666' title='bbox 412 5734 477 5784; x_wconf 87' lang='lat' dir='ltr'><strong>sunt</strong></span> <span class='ocrx_word' id='word_1_667' title='bbox 487 5741 523 5785; x_wconf 84' lang='lat' dir='ltr'><strong>ex</strong></span> <span class='ocrx_word' id='word_1_668' title='bbox 537 5725 598 5786; x_wconf 89' lang='lat' dir='ltr'><strong>cod.</strong></span> <span class='ocrx_word' id='word_1_669' title='bbox 611 5741 663 5785; x_wconf 86' lang='lat' dir='ltr'><strong>ms.</strong></span> <span class='ocrx_word' id='word_1_670' title='bbox 676 5724 853 5799; x_wconf 78' lang='lat' dir='ltr'><strong>irisingensi.</strong></span> 
     </span>
    </p>
   </div>
   <div class='ocr_carea' id='block_1_18' title="bbox 970 4526 1758 5693">
    <p class='ocr_par' dir='ltr' id='par_1_22' title="bbox 970 4526 1758 5693">
     <span class='ocr_line' id='line_1_68' title="bbox 970 4526 1755 4599; baseline 0.005 -19"><span class='ocrx_word' id='word_1_671' title='bbox 970 4526 1046 4591; x_wconf 91' lang='lat' dir='ltr'><strong>mibi,</strong></span> <span class='ocrx_word' id='word_1_672' title='bbox 1060 4526 1085 4581; x_wconf 88' lang='lat' dir='ltr'><strong>ei</strong></span> <span class='ocrx_word' id='word_1_673' title='bbox 1107 4526 1180 4582; x_wconf 90' lang='lat' dir='ltr'><strong>solus</strong></span> <span class='ocrx_word' id='word_1_674' title='bbox 1193 4527 1270 4582; x_wconf 86' lang='lat' dir='ltr'><strong>Plato</strong></span> <span class='ocrx_word' id='word_1_675' title='bbox 1283 4528 1407 4593; x_wconf 76' lang='lat' dir='ltr'><strong>adhaesit,</strong></span> <span class='ocrx_word' id='word_1_676' title='bbox 1423 4536 1451 4583; x_wconf 87' lang='lat' dir='ltr'><strong>et</strong></span> <span class='ocrx_word' id='word_1_677' title='bbox 1461 4529 1581 4599; x_wconf 86' lang='lat' dir='ltr'><strong>quadam</strong></span> <span class='ocrx_word' id='word_1_678' title='bbox 1597 4531 1644 4585; x_wconf 87' lang='lat' dir='ltr'><strong>die</strong></span> <span class='ocrx_word' id='word_1_679' title='bbox 1654 4528 1755 4585; x_wconf 75' lang='lat' dir='ltr'><strong>lutuies-</strong></span> 
     </span>
     <span class='ocr_line' id='line_1_69' title="bbox 970 4615 1753 4687; baseline 0.008 -18"><span class='ocrx_word' id='word_1_680' title='bbox 970 4615 1008 4669; x_wconf 92' lang='lat' dir='ltr'><strong>tis</strong></span> <span class='ocrx_word' id='word_1_681' title='bbox 1020 4615 1132 4684; x_wconf 90' lang='lat' dir='ltr'><strong>pedibus</strong></span> <span class='ocrx_word' id='word_1_682' title='bbox 1144 4631 1225 4686; x_wconf 89' lang='lat' dir='ltr'><strong>super</strong></span> <span class='ocrx_word' id='word_1_683' title='bbox 1238 4626 1406 4673; x_wconf 76' lang='lat' dir='ltr'><strong>exstructum</strong></span> <span class='ocrx_word' id='word_1_684' title='bbox 1426 4619 1551 4687; x_wconf 86' lang='lat' dir='ltr'><strong>magistri</strong></span> <span class='ocrx_word' id='word_1_685' title='bbox 1569 4618 1701 4675; x_wconf 85' lang='lat' dir='ltr'><strong>lectulum</strong></span> <span class='ocrx_word' id='word_1_686' title='bbox 1714 4632 1753 4674; x_wconf 77' lang='lat' dir='ltr'><strong>tn·</strong></span> 
     </span>
     <span class='ocr_line' id='line_1_70' title="bbox 970 4706 1756 4778; baseline 0 -17"><span class='ocrx_word' id='word_1_687' title='bbox 970 4708 1057 4761; x_wconf 87' lang='lat' dir='ltr'><strong>currit</strong></span> <span class='ocrx_word' id='word_1_688' title='bbox 1072 4707 1191 4762; x_wconf 88' lang='lat' dir='ltr'><strong>assidere</strong></span> <span class='ocrx_word' id='word_1_689' title='bbox 1202 4706 1317 4772; x_wconf 88' lang='lat' dir='ltr'><strong>doctori,</strong></span> <span class='ocrx_word' id='word_1_690' title='bbox 1331 4722 1412 4778; x_wconf 89' lang='lat' dir='ltr'><strong>quem</strong></span> <span class='ocrx_word' id='word_1_691' title='bbox 1422 4708 1555 4778; x_wconf 83' lang='lat' dir='ltr'><strong>Diogenes</strong></span> <span class='ocrx_word' id='word_1_692' title='bbox 1572 4708 1673 4765; x_wconf 77' lang='lat' dir='ltr'><strong>liaculo</strong></span> <span class='ocrx_word' id='word_1_693' title='bbox 1685 4706 1756 4763; x_wconf 85' lang='lat' dir='ltr'><strong>icrirt</strong></span> 
     </span>
     <span class='ocr_line' id='line_1_71' title="bbox 970 4799 1752 4873; baseline 0 -21"><span class='ocrx_word' id='word_1_694' title='bbox 970 4799 1162 4865; x_wconf 83' lang='lat' dir='ltr'><strong>minitabatur;</strong></span> <span class='ocrx_word' id='word_1_695' title='bbox 1185 4801 1229 4854; x_wconf 93' lang='lat' dir='ltr'><strong>cui</strong></span> <span class='ocrx_word' id='word_1_696' title='bbox 1253 4815 1321 4869; x_wconf 83' lang='lat' dir='ltr'><strong>puer</strong></span> <span class='ocrx_word' id='word_1_697' title='bbox 1348 4801 1476 4856; x_wconf 88' lang='lat' dir='ltr'><strong>inclinato</strong></span> <span class='ocrx_word' id='word_1_698' title='bbox 1498 4801 1591 4870; x_wconf 86' lang='lat' dir='ltr'><strong>capite</strong></span> <span class='ocrx_word' id='word_1_699' title='bbox 1612 4800 1752 4873; x_wconf 84' lang='lat' dir='ltr'><strong>respoudit:</strong></span> 
     </span>
     <span class='ocr_line' id='line_1_72' title="bbox 971 4891 1753 4963; baseline 0.003 -17"><span class='ocrx_word' id='word_1_700' title='bbox 971 4891 1066 4946; x_wconf 88' lang='lat' dir='ltr'><strong>Nullus</strong></span> <span class='ocrx_word' id='word_1_701' title='bbox 1086 4900 1193 4947; x_wconf 81' lang='lat' dir='ltr'><strong>estium</strong></span> <span class='ocrx_word' id='word_1_702' title='bbox 1206 4893 1290 4947; x_wconf 90' lang='lat' dir='ltr'><strong>durus</strong></span> <span class='ocrx_word' id='word_1_703' title='bbox 1303 4893 1427 4958; x_wconf 86' lang='lat' dir='ltr'><strong>baculus,</strong></span> <span class='ocrx_word' id='word_1_704' title='bbox 1447 4893 1494 4962; x_wconf 86' lang='lat' dir='ltr'><strong>qui</strong></span> <span class='ocrx_word' id='word_1_705' title='bbox 1515 4906 1561 4949; x_wconf 86' lang='lat' dir='ltr'><strong>ure</strong></span> <span class='ocrx_word' id='word_1_706' title='bbox 1583 4901 1753 4963; x_wconf 82' lang='lat' dir='ltr'><strong>atuotegrt·</strong></span> 
     </span>
     <span class='ocr_line' id='line_1_73' title="bbox 972 4982 1755 5057; baseline 0.003 -20"><span class='ocrx_word' id='word_1_707' title='bbox 972 4997 1037 5052; x_wconf 89' lang='lat' dir='ltr'><strong>gare</strong></span> <span class='ocrx_word' id='word_1_708' title='bbox 1051 4982 1137 5052; x_wconf 87' lang='lat' dir='ltr'><strong>possit</strong></span> <span class='ocrx_word' id='word_1_709' title='bbox 1151 4983 1244 5038; x_wconf 88' lang='lat' dir='ltr'><strong>latere.</strong></span> <span class='ocrx_word' id='word_1_710' title='bbox 1281 4983 1316 5038; x_wconf 77' lang='lat' dir='ltr'><strong>lit</strong></span> <span class='ocrx_word' id='word_1_711' title='bbox 1332 4983 1354 5037; x_wconf 92' lang='lat' dir='ltr'><strong>si</strong></span> <span class='ocrx_word' id='word_1_712' title='bbox 1375 4982 1451 5055; x_wconf 60' lang='grc' dir='ltr'><strong>μὴ,</strong></span> <span class='ocrx_word' id='word_1_713' title='bbox 1465 4982 1495 5038; x_wconf 88' lang='lat' dir='ltr'><strong>Si</strong></span> <span class='ocrx_word' id='word_1_714' title='bbox 1508 4983 1589 5057; x_wconf 75' lang='lat' dir='ltr'><strong>ergo}</strong></span> <span class='ocrx_word' id='word_1_715' title='bbox 1618 4984 1664 5041; x_wconf 91' lang='lat' dir='ltr'><strong>ille</strong></span> <span class='ocrx_word' id='word_1_716' title='bbox 1675 4994 1755 5039; x_wconf 79' lang='lat' dir='ltr'><strong>amore</strong></span> 
     </span>
     <span class='ocr_line' id='line_1_74' title="bbox 972 5061 1755 5145; baseline 0.001 -18"><span class='ocrx_word' id='word_1_717' title='bbox 972 5073 1110 5128; x_wconf 75' lang='lat' dir='ltr'><strong>securioris</strong></span> <span class='ocrx_word' id='word_1_718' title='bbox 1128 5073 1266 5143; x_wconf 82' lang='lat' dir='ltr'><strong>sapientiae</strong></span> <span class='ocrx_word' id='word_1_719' title='bbox 1278 5073 1406 5145; x_wconf 82' lang='lat' dir='ltr'><strong>flagrans,</strong></span> <span class='ocrx_word' id='word_1_720' title='bbox 1424 5073 1544 5130; x_wconf 80' lang='lat' dir='ltr'><strong>celestis</strong></span> <span class='ocrx_word' id='word_1_721' title='bbox 1555 5061 1636 5141; x_wconf 85' lang='lat' dir='ltr'><strong>rero,</strong></span> <span class='ocrx_word' id='word_1_722' title='bbox 1653 5088 1711 5144; x_wconf 72' lang='lat' dir='ltr'><strong>qus</strong></span> <span class='ocrx_word' id='word_1_723' title='bbox 1726 5069 1755 5128; x_wconf 82' lang='lat' dir='ltr'><strong>al</strong></span> 
     </span>
     <span class='ocr_line' id='line_1_75' title="bbox 972 5164 1756 5237; baseline 0.005 -20"><span class='ocrx_word' id='word_1_724' title='bbox 972 5164 1056 5218; x_wconf 81' lang='lat' dir='ltr'><strong>vitam</strong></span> <span class='ocrx_word' id='word_1_725' title='bbox 1069 5165 1320 5235; x_wconf 87' lang='lat' dir='ltr'><strong>ducitperpetuam,</strong></span> <span class='ocrx_word' id='word_1_726' title='bbox 1348 5167 1469 5237; x_wconf 87' lang='lat' dir='ltr'><strong>ignarus,</strong></span> <span class='ocrx_word' id='word_1_727' title='bbox 1487 5166 1528 5221; x_wconf 92' lang='lat' dir='ltr'><strong>sic</strong></span> <span class='ocrx_word' id='word_1_728' title='bbox 1551 5168 1683 5223; x_wconf 82' lang='lat' dir='ltr'><strong>ardenter</strong></span> <span class='ocrx_word' id='word_1_729' title='bbox 1708 5179 1756 5221; x_wconf 80' lang='lat' dir='ltr'><strong>ns-</strong></span> 
     </span>
     <span class='ocr_line' id='line_1_76' title="bbox 971 5256 1758 5329; baseline 0.003 -19"><span class='ocrx_word' id='word_1_730' title='bbox 971 5256 1086 5326; x_wconf 89' lang='lat' dir='ltr'><strong>gistrum</strong></span> <span class='ocrx_word' id='word_1_731' title='bbox 1098 5257 1174 5327; x_wconf 84' lang='lat' dir='ltr'><strong>sequi</strong></span> <span class='ocrx_word' id='word_1_732' title='bbox 1183 5258 1355 5327; x_wconf 86' lang='lat' dir='ltr'><strong>persistebat,</strong></span> <span class='ocrx_word' id='word_1_733' title='bbox 1367 5267 1468 5328; x_wconf 85' lang='lat' dir='ltr'><strong>quanto</strong></span> <span class='ocrx_word' id='word_1_734' title='bbox 1477 5259 1565 5329; x_wconf 85' lang='lat' dir='ltr'><strong>magis</strong></span> <span class='ocrx_word' id='word_1_735' title='bbox 1578 5276 1630 5316; x_wconf 91' lang='lat' dir='ltr'><strong>nos</strong></span> <span class='ocrx_word' id='word_1_736' title='bbox 1641 5269 1697 5326; x_wconf 86' lang='lat' dir='ltr'><strong>tua,</strong></span> <span class='ocrx_word' id='word_1_737' title='bbox 1709 5271 1758 5312; x_wconf 79' lang='lat' dir='ltr'><strong>raa-</strong></span> 
     </span>
     <span class='ocr_line' id='line_1_77' title="bbox 972 5343 1758 5421; baseline -0.001 -21"><span class='ocrx_word' id='word_1_738' title='bbox 972 5346 1068 5416; x_wconf 88' lang='lat' dir='ltr'><strong>gistcr,</strong></span> <span class='ocrx_word' id='word_1_739' title='bbox 1093 5347 1286 5416; x_wconf 86' lang='lat' dir='ltr'><strong>ingredientem</strong></span> <span class='ocrx_word' id='word_1_740' title='bbox 1299 5349 1342 5403; x_wconf 86' lang='lat' dir='ltr'><strong>vel</strong></span> <span class='ocrx_word' id='word_1_741' title='bbox 1364 5349 1547 5418; x_wconf 84' lang='lat' dir='ltr'><strong>egredientem</strong></span> <span class='ocrx_word' id='word_1_742' title='bbox 1568 5343 1758 5421; x_wconf 79' lang='lat' dir='ltr'><strong>vestigiasegui</strong></span> 
     </span>
     <span class='ocr_line' id='line_1_78' title="bbox 973 5430 1757 5512; baseline 0.004 -22"><span class='ocrx_word' id='word_1_743' title='bbox 973 5436 1112 5503; x_wconf 80' lang='lat' dir='ltr'><strong>debemus,</strong></span> <span class='ocrx_word' id='word_1_744' title='bbox 1124 5438 1169 5507; x_wconf 78' lang='lat' dir='ltr'><strong>eui</strong></span> <span class='ocrx_word' id='word_1_745' title='bbox 1183 5453 1236 5492; x_wconf 91' lang='lat' dir='ltr'><strong>non</strong></span> <span class='ocrx_word' id='word_1_746' title='bbox 1251 5439 1337 5493; x_wconf 88' lang='lat' dir='ltr'><strong>solum</strong></span> <span class='ocrx_word' id='word_1_747' title='bbox 1350 5439 1484 5495; x_wconf 88' lang='lat' dir='ltr'><strong>litterario</strong></span> <span class='ocrx_word' id='word_1_748' title='bbox 1500 5436 1580 5512; x_wconf 70' lang='lat' dir='ltr'><strong>llis„</strong></span> <span class='ocrx_word' id='word_1_749' title='bbox 1594 5430 1757 5505; x_wconf 76' lang='lat' dir='ltr'><strong>litteratorio]</strong></span> 
     </span>
     <span class='ocr_line' id='line_1_79' title="bbox 973 5525 1758 5596; baseline 0 -14"><span class='ocrx_word' id='word_1_750' title='bbox 973 5543 1024 5583; x_wconf 89' lang='lat' dir='ltr'><strong>nos</strong></span> <span class='ocrx_word' id='word_1_751' title='bbox 1033 5527 1183 5583; x_wconf 85' lang='lat' dir='ltr'><strong>liberalium</strong></span> <span class='ocrx_word' id='word_1_752' title='bbox 1193 5529 1344 5585; x_wconf 90' lang='lat' dir='ltr'><strong>studiorum</strong></span> <span class='ocrx_word' id='word_1_753' title='bbox 1360 5530 1456 5585; x_wconf 88' lang='lat' dir='ltr'><strong>itinere</strong></span> <span class='ocrx_word' id='word_1_754' title='bbox 1481 5530 1583 5586; x_wconf 77' lang='lat' dir='ltr'><strong>ducere</strong></span> <span class='ocrx_word' id='word_1_755' title='bbox 1610 5531 1692 5596; x_wconf 85' lang='lat' dir='ltr'><strong>nosti,</strong></span> <span class='ocrx_word' id='word_1_756' title='bbox 1718 5525 1758 5582; x_wconf 89' lang='lat' dir='ltr'><strong>sed</strong></span> 
     </span>
     <span class='ocr_line' id='line_1_80' title="bbox 974 5619 1758 5693; baseline -0.001 -18"><span class='ocrx_word' id='word_1_757' title='bbox 974 5619 1056 5676; x_wconf 87' lang='lat' dir='ltr'><strong>etiam</strong></span> <span class='ocrx_word' id='word_1_758' title='bbox 1063 5619 1189 5677; x_wconf 84' lang='lat' dir='ltr'><strong>meliores</strong></span> <span class='ocrx_word' id='word_1_759' title='bbox 1196 5620 1296 5692; x_wconf 85' lang='lat' dir='ltr'><strong>sopbiae</strong></span> <span class='ocrx_word' id='word_1_760' title='bbox 1309 5621 1377 5689; x_wconf 80' lang='lat' dir='ltr'><strong>sias,</strong></span> <span class='ocrx_word' id='word_1_761' title='bbox 1387 5636 1447 5693; x_wconf 82' lang='lat' dir='ltr'><strong>quaa</strong></span> <span class='ocrx_word' id='word_1_762' title='bbox 1456 5622 1490 5678; x_wconf 86' lang='lat' dir='ltr'><strong>ad</strong></span> <span class='ocrx_word' id='word_1_763' title='bbox 1500 5620 1587 5677; x_wconf 83' lang='lat' dir='ltr'><strong>vitam</strong></span> <span class='ocrx_word' id='word_1_764' title='bbox 1603 5620 1678 5681; x_wconf 85' lang='lat' dir='ltr'><strong>ducit</strong></span> <span class='ocrx_word' id='word_1_765' title='bbox 1690 5628 1758 5677; x_wconf 70' lang='lat' dir='ltr'><strong>eun</strong></span> 
     </span>
    </p>
   </div>
   <div class='ocr_carea' id='block_1_19' title="bbox 0 0 1913 6116">
    <p class='ocr_par' dir='ltr' id='par_1_23' title="bbox 0 0 1913 6116">
     <span class='ocr_line' id='line_1_81' title="bbox 0 0 1913 6116; baseline 0 0"><span class='ocrx_word' id='word_1_766' title='bbox 0 0 1913 6116; x_wconf 95' lang='lat' dir='ltr'><strong> </strong></span> 
     </span>
    </p>
   </div>
  </div>
 </body>
</html>
