3780 6120
120 234 174 290 ate
525 228 559 287 fl.
578 227 611 285 P.
627 227 741 286 Atmtt
760 228 828 287 SEU
846 230 984 288 Atcbttt
1003 230 1145 288 orbabat
1164 230 1253 289 PARS
1272 229 1332 289 tii.
1702 232 1761 290 98⁰

156 344 191 402 P.
208 342 382 402 llustieomm
403 349 447 396 est
472 341 531 396 baec
546 341 665 395 venatio.
682 368 720 383 -
730 340 764 395 A.
773 341 831 397 Est.
847 340 908 399 viui
921 343 948 406 Δ
959 358 1098 405 nunquam
1109 342 1253 417 mortuus].
1269 343 1378 399 'lortius
1392 343 1476 398 scatet
1489 352 1569 398 natus
1585 352 1615 398 et
1629 343 1673 399 bis
1688 362 1762 402 ruor-

120 438 266 509 quemdam
279 443 380 496 natum,
394 442 539 501 antequam
550 440 788 501 essetconceptus.
965 440 1027 487 tuus
1044 444 1068 485 a.

159 524 194 583 P.
221 525 330 589 l'idisti,
343 533 371 578 et
385 522 455 578 iorte
469 522 726 589 manducasti-A.
744 521 912 577 manducari.
999 518 1032 574 P.
1048 522 1153 576 Primus
1177 523 1332 591 aequivocus
1354 520 1523 594 terrasilis,
1542 520 1623 595 meae]
1638 540 1647 590 ;
1660 539 1763 581 secun·

125 617 196 686 Quid
221 615 298 687 [tiu.
308 613 386 685 θυῖε]
399 623 452 677 est,
464 613 510 681 qui
527 627 581 666 nou
597 621 651 677 est,
668 619 696 667 et
710 626 810 668 uomcn
833 612 915 668 babet
965 611 1015 667 dus
1028 612 1083 668 beo
1095 628 1156 667 mco
1168 628 1175 678 ;
1189 613 1286 669 tertius
1302 614 1403 668 bomini
1414 615 1535 684 paupert.
1552 616 1634 672 -A.
1654 615 1706 672 Dic
1719 627 1763 673 ts·

122 717 150 761 et
163 719 327 775 responsum
340 704 387 759 dat
400 701 530 760 sonanti?
964 717 1026 757 men
1039 703 1140 772 primas
1152 702 1256 757 litteras
1269 700 1443 775 [noruinuml.

160 797 194 852 P.
208 796 299 851 Biblos
313 796 340 850 iu
355 794 423 850 silva
437 791 513 865 His„
532 791 604 847 Bilos
619 791 646 846 in
661 789 748 864 silvis]
765 791 913 863 interroga.
999 790 1033 846 P.
1050 810 1068 847 r.
1082 809 1108 847 u.
1127 792 1191 866 [iis.
1211 793 1275 865 trin]
1288 794 1321 847 11
1344 810 1408 848 xxx.
1426 826 1462 836 -
1475 796 1506 849 A.
1526 796 1587 853 Vidi
1623 798 1762 859 feminam

123 889 202 943 -A.
221 887 280 943 itui
299 887 434 957 hospitem
451 890 607 940 currentem
626 882 778 938 cumdomo
800 897 867 947 sua;
881 891 910 937 et
962 884 1115 949 voluntem,
1133 893 1252 940 rostrum
1278 884 1422 941 habentem
1448 885 1567 943 terreum
1581 929 1590 954 ,
1603 899 1633 945 ct
1655 905 1762 962 eorpus

127 978 173 1035 ille
188 978 306 1042 tacebat,
323 985 352 1033 et
363 976 458 1031 domus
469 974 594 1029 sonabat.
962 975 1081 1048 ligneum
1092 983 1120 1028 ot
1130 976 1242 1030 caudam
1258 984 1415 1047 pormatam,
1428 985 1542 1032 mortem
1554 988 1725 1049 portantem.

159 1068 193 1123 P.
205 1068 274 1123 Para
287 1067 352 1122 mibi
365 1074 433 1131 rcte,
444 1072 472 1119 et
484 1065 601 1133 pandam
615 1064 673 1119 tibi.
687 1095 722 1107 -
733 1064 766 1119 A.
780 1064 848 1133 Quis
858 1073 913 1132 cst,
998 1063 1031 1120 Ρ.
1046 1063 1126 1121 Socia
1137 1064 1261 1120 militum.
1276 1097 1311 1106 —
1324 1068 1355 1120 A.
1375 1066 1445 1133 oute
1458 1076 1500 1122 cst
1511 1067 1609 1124 miles?

124 1172 205 1228 quem
217 1157 309 1211 ridere
324 1170 377 1209 uon
392 1163 468 1224 potes
480 1152 547 1225 [oui.
563 1193 570 1207 .
591 1194 598 1207 .
617 1153 727 1225 potestl,
746 1155 797 1210 uisi
813 1153 913 1212 clausis
996 1153 1029 1209 P.
1044 1156 1135 1211 iturus
1148 1156 1263 1226 imperii,
1277 1157 1358 1212 timor
1378 1157 1507 1222 bostium,
1525 1157 1679 1230 gloriosum
1701 1176 1762 1217 ser-

124 1247 234 1302 ocuiis?
965 1246 1159 1301 vitium—A.
1178 1245 1248 1312 Quid
1264 1246 1389 1316 estquod
1402 1254 1443 1301 est
1456 1255 1547 1303 etnon
1565 1249 1640 1304 esti

160 1336 193 1391 P.
206 1338 257 1404 θιιῖ
271 1336 370 1401 stertit,
399 1335 446 1390 tibi
458 1335 578 1392 ostendit
593 1335 676 1388 ilium.
691 1364 725 1374 -
742 1333 774 1388 A.
794 1331 854 1389 Vidi
864 1337 915 1390 bo-
999 1336 1031 1393 P.
1046 1337 1126 1393 Nihil.
1143 1368 1180 1379 -
1190 1338 1223 1392 A.
1241 1337 1379 1405 Quomodo
1407 1347 1497 1409 potest
1517 1354 1579 1396 csse
1595 1347 1626 1395 et
1642 1357 1699 1399 nou
1716 1352 1759 1399 est

124 1433 226 1487 minent
238 1438 299 1486 octo
311 1430 338 1485 in
359 1445 440 1484 uranu
452 1436 601 1495 tenentem,
623 1436 650 1483 et
666 1428 699 1483 de
712 1427 818 1483 octonis
831 1424 915 1498 [subi
964 1428 1041 1504 [tiu.
1059 1427 1155 1501 ossei?

124 1519 164 1592 to]
175 1520 264 1589 rapuit
275 1530 389 1590 septem,
402 1527 430 1574 et
444 1526 632 1574 remanserunt
649 1532 706 1573 sex.
1000 1519 1032 1576 P.
1048 1519 1159 1576 Nomine
1186 1529 1238 1585 est,
1255 1529 1281 1575 ct
1295 1534 1324 1576 re
1347 1536 1400 1576 non
1418 1531 1469 1577 est.
1485 1522 1561 1577 -Α,
1576 1523 1652 1591 Quid
1676 1524 1760 1598 [liu.

163 1607 194 1663 P.
212 1609 291 1664 Pueri
315 1610 343 1664 in
367 1609 467 1664 sobolis
485 1609 693 1664 hoeseiunt.-
705 1607 737 1661 A.
761 1606 829 1675 Quis
852 1615 905 1676 est,
963 1610 1040 1684 Quis]
1054 1611 1208 1668 esttaeitus
1220 1612 1354 1667 nuncius?

125 1699 180 1764 cui,
197 1700 219 1753 si
232 1709 312 1770 eaput
325 1699 477 1762 abstuleris,
496 1699 577 1756 altior
590 1699 702 1771 surgit?
927 1694 952 1755 b
1005 1701 1037 1759 P.
1051 1702 1135 1770 Quem
1149 1718 1229 1756 manu
1246 1712 1334 1757 tenco.
1352 1734 1388 1744 —
1398 1705 1431 1758 A.
1443 1704 1510 1772 Quid
1526 1716 1605 1763 tenes
1618 1711 1727 1765 manui

159 1786 193 1842 P.
205 1787 273 1844 tide
290 1788 366 1861 [ua.
382 1788 466 1861 liade]
492 1789 526 1844 ad
538 1789 638 1844 lectum
652 1798 727 1844 tuum
749 1799 777 1844 et
789 1788 825 1844 ibi
840 1789 913 1845 inve
1004 1793 1036 1849 P.
1051 1795 1198 1864 Epistoianr
1220 1810 1307 1849 meam
1323 1793 1400 1867 [lla.,
1417 1796 1551 1869 tuam].-
1568 1797 1603 1852 A.
1617 1799 1761 1871 Leqeieli·

125 1880 194 1935 aries.
207 1909 243 1919 —
257 1878 289 1932 A.
311 1879 378 1935 Tres
399 1878 495 1942 suere:
517 1894 587 1933 unus
600 1893 734 1948 nusquam
756 1877 830 1951 μὴ,
844 1893 914 1934 uun-
967 1885 1047 1949 citer,
1061 1883 1107 1938 iili.

126 1967 219 2041 quam]
237 1979 316 2024 natus
332 1978 360 2024 et
374 1969 457 2025 semel
468 1977 599 2026 mortuus.
615 1967 702 2041 [Alter
716 1968 801 2025 semel
823 1977 915 2031 uatus,

160 2117 174 2146 ⁸
184 2102 282 2160 Confer
296 2103 430 2176 Symposii
447 2102 574 2177 AEniqma
590 2102 637 2168 at,
647 2111 676 2157 et
695 2103 796 2159 Bonas.
813 2100 936 2156 Vulcanii
951 2115 1012 2170 pag.
1027 2098 1088 2152 191.

548 2384 971 2504 OPUSCULUM
1021 2382 1333 2496 SEXTUM.

290 2600 371 2686 nn
408 2594 611 2682 consu
647 2593 723 2677 ar
753 2590 941 2676 sunau
969 2588 1143 2676 noun
1177 2586 1254 2675 ac
1285 2590 1592 2679 s1ssnxro.

295 2802 377 2877 355
389 2798 546 2857 nomm
564 2796 744 2855 PRAEWUM·
1003 2815 1043 2870 De
1058 2814 1178 2898 Purgato
1189 2817 1292 2898 pariter
1304 2815 1394 2888 paucis
1408 2815 1470 2871 eliu
1493 2834 1521 2872 re
1533 2818 1694 2876 ratiunculis
1707 2832 1761 2879 ιη.

160 2903 202 2960 ct
217 2901 401 2969 Quercetanus
414 2895 485 2949 inter
494 2892 599 2948 Alcuini
612 2891 749 2962 epistolas,
762 2891 811 2947 sub
821 2905 916 2946 nume-
968 2895 1043 2942 ctare
1060 2901 1174 2956 cmprsse
1190 2886 1320 2942 Alcurnus
1342 2894 1458 2942 testatur
1482 2887 1508 2941 in
1528 2889 1609 2959 epist.
1631 2890 1696 2959 tttu,
1714 2894 1761 2953 uu

126 2976 165 3031 ris
177 2972 212 3028 15
222 2980 250 3027 et
258 2969 296 3024 tit
305 2969 371 3024 duas
385 2965 494 3021 cbartas
506 2962 607 3027 retulit,
619 2978 695 3031 quas,
712 2976 773 3017 cum
786 2960 853 3017 nibil
866 2962 915 3016 ba·
967 2957 1049 3011 etiarn
1067 2957 1208 3026 protitetur
1224 2971 1253 3011 se
1268 2957 1301 3013 ab
1316 2957 1361 3011 iiio
1386 2956 1585 3025 sapientissimo
1603 2974 1670 3033 rege
1685 2981 1696 3014 a
1712 2979 1760 3020 η.

126 3047 222 3101 bereut
240 3040 335 3096 formae
358 3035 520 3107 epistolaris,
542 3034 603 3088 inde
619 3034 738 3089 eximere
759 3041 786 3086 et
801 3031 829 3085 in
845 3031 916 3087 bune
928 3009 953 3076 G
966 3026 1137 3109 plorandasi
1155 3042 1219 3083 acce
1231 3027 1291 3109 'isse
1311 3045 1321 3077 ι
1346 3027 1482 3109 chartulas
1505 3027 1696 3088 calculationis
1718 3032 1757 3089 tn.

127 3115 216 3171 locmu
228 3107 387 3173 transferre,
405 3114 487 3176 atque
506 3103 559 3158 illis
573 3103 669 3159 libeliis
689 3100 834 3174 adjungere
855 3101 914 3172 pla·
965 3112 1040 3152 naris
1053 3097 1096 3151 rei
1106 3044 1253 3152 bissextifls
1264 3105 1478 3219 praeparationis,
1488 3097 1515 3151 iu
1525 3099 1625 3168 quibus
1636 3101 1755 3169 invenis

126 3185 192 3249 cuit,
208 3182 254 3306 (bui
266 3179 362 3236 similis
374 3184 466 3233 esseut
479 3174 640 3245 argumenti,
651 3172 778 3229 nimirum
792 3181 918 3227 astron.)-
966 3165 1064 3236 inquit,
1083 3186 1091 3217 t
1108 3168 1226 3222 rationes
1238 3167 1264 3220 di
1278 3167 1441 3236 igeruissime
1454 3169 1613 3238 exquisitas,
1631 3173 1757 3230 acutissi-

126 3254 200 3309 miei.
235 3251 334 3305 ebisce
343 3248 446 3303 chartis
455 3244 585 3299 Alcuinus
597 3243 787 3315 intelligendus
798 3242 915 3307 ridetur,
965 3251 1009 3290 me
1020 3236 1153 3301 inventas,
1163 3237 1327 3292 nobilissime
1339 3237 1478 3308 prolutas:
1492 3247 1520 3292 ct
1531 3242 1604 3309 quod
1619 3257 1682 3297 mea
1693 3244 1757 3301 olim

126 3325 154 3378 in
173 3321 286 3392 epistola
297 3319 331 3373 85
343 3318 376 3372 ad
390 3314 516 3371 Carolum
530 3315 568 3368 ita
582 3313 704 3368 scribens
719 3329 726 3365 ε
743 3331 753 3363 ι
771 3312 915 3381 signorum
965 3305 1661 3376 deuotiodebisscatopaucisincboaritratiunculis,
1670 3323 1756 3371 restra

125 3404 191 3444 rero
201 3390 360 3458 partitiones
375 3400 425 3455 per
438 3385 535 3445 borus;
552 3392 580 3437 et
593 3383 726 3451 quomodo
741 3381 917 3436 convenirent
965 3376 1136 3443 sagacissima
1157 3377 1292 3447 indagatio
1313 3376 1419 3448 copiose
1442 3378 1625 3502 counierit.»
1656 3382 1756 3441 Pauca

126 3458 302 3516 norcmborae
315 3456 423 3508 lunares
437 3452 556 3522 quinque
565 3453 660 3506 diebus
673 3451 806 3506 solaribus
821 3450 915 3505 merui·
965 3445 1047 3500 bases
1057 3445 1223 3502 ratiunculas
1235 3449 1263 3502 in
1279 3455 1393 3502 tractatu
1409 3462 1488 3516 quem
1524 3451 1549 3504 ic
1567 3467 1601 3505 ex
1615 3467 1671 3507 ms.
1683 3452 1755 3510 l'atl·

126 3531 156 3586 ni
174 3542 217 3583 me
228 3527 256 3580 iu
266 3524 317 3580 aliu
328 3523 405 3578 robis
415 3522 531 3589 dirigere
544 3520 665 3589 epistola.
684 3540 694 3572 a
965 3530 1033 3569 cano
1054 3526 1081 3571 et
1104 3518 1138 3571 ad
1160 3518 1241 3571 tinem
1257 3517 1327 3572 ilbus
1339 3518 1454 3580 edimus,
1468 3519 1601 3575 contineri
1617 3536 1653 3576 eo
1670 3524 1756 3580 minus

162 3595 278 3665 Scripsit
291 3608 356 3649 vcro
369 3591 497 3646 Alcumus
509 3589 542 3644 ad
553 3590 676 3645 eumdem
687 3588 915 3659 sapientissimum
965 3584 1128 3653 dubitamus,
1140 3588 1213 3657 quod
1222 3603 1238 3641 a
1247 3588 1316 3669 stylo
1325 3585 1430 3642 Aicuiui
1443 3588 1509 3642 nibil
1521 3589 1646 3656 abludat,
1659 3602 1756 3650 etcum

126 3682 218 3738 regem
242 3665 329 3735 plura,
354 3662 452 3732 quibus
470 3660 610 3715 scientiam
635 3660 843 3714 astronomicum
865 3673 916 3728 pro
965 3655 1093 3710 metirodo
1110 3658 1291 3726 computanda,
1305 3673 1358 3728 quo
1372 3659 1398 3712 in
1413 3657 1472 3712 aliis
1483 3673 1550 3714 usus
1564 3669 1617 3723 est,
1636 3665 1755 3734 apprime

126 3737 235 3794 modulo
248 3736 290 3791 sui
304 3734 433 3803 temporis
447 3731 581 3785 illustrare
594 3738 707 3785 conatus
718 3736 769 3792 est,
784 3744 845 3800 quun
856 3730 916 3799 piu·
965 3726 1118 3780 corrveuiat.

125 3810 226 3864 rimam
241 3812 353 3875 partem,
382 3810 462 3872 prout
484 3800 541 3871 jam
561 3800 686 3870 superius
707 3798 774 3869 (Col.
791 3797 853 3870 stt)
867 3815 916 3854 uo-
1000 3794 1277 3867 iiuuddispiicebunt,
1299 3797 1489 3863 reor,emdito
1501 3799 1754 3874 lectori,quaequi·

126 3879 254 3939 tatianus,
283 3882 433 3943 temporum
453 3870 645 3940 bominumque
663 3869 737 3939 lapsu
799 3869 914 3923 rierunt.
965 3863 1026 3918 dam
1045 3867 1176 3921 sodalium
1197 3877 1352 3922 nostrorum
1370 3868 1397 3922 in
1416 3869 1510 3924 ambas
1524 3875 1754 3929 comrucutatitut·

125 3947 201 4002 lianc
216 3955 304 4000 umen
325 3944 454 3997 ‘acturam
473 3948 617 3996 evaserunt
630 3939 685 3994 bini
699 3939 778 3994 libell
793 3939 827 3994 de
840 3937 915 3994 Saltu
964 3933 1040 3989 eulas
1058 3936 1164 3991 Aicuini
1186 3937 1218 3991 de
1232 3936 1308 3992 Saltu
1324 3937 1394 3994 ioum
1413 3948 1440 3993 et
1454 3938 1577 3995 ilisscxto
1590 3942 1752 4004 observarit,

125 4018 196 4072 luuae
218 4025 245 4071 et
266 4015 299 4069 de
317 3960 449 4075 Plissexto,
473 4011 519 4080 qui
542 4025 602 4064 cum
619 4009 742 4065 ebartula
754 4008 916 4065 calculatio-
964 4012 1052 4126 etXro
1070 4008 1209 4075 utriusque
1226 4007 1404 4063 illustratione
1414 4019 1442 4064 et
1454 4009 1624 4067 correctione
1638 4012 1753 4082 adiecit:

126 4086 215 4143 nisde
232 4083 393 4140 invenienda
404 4082 466 4136 luna
499 4079 599 4134 ascbali
610 4082 757 4135 etiamnum
771 4087 916 4150 supersunt
968 4092 977 4123 ι
1018 4077 1227 4142 ttentuslcctor,
1242 4078 1379 4148 inquit,id
1394 4080 1542 4148 generatim
1561 4082 1753 4139 adverterem-

126 4165 154 4211 at
173 4170 207 4211 ue
227 4154 415 4211 custodiuntur
441 4096 647 4206 lubibliotbeca
673 4147 818 4213 Vaticana,
847 4165 916 4219 quos
964 4156 1013 4198 nes
1027 4145 1131 4200 Alcuiui
1147 4147 1181 4201 de
1204 4146 1280 4202 Saltu
1302 4147 1372 4203 lunae
1386 4148 1577 4205 calculationes
1590 4152 1628 4206 ad
1641 4152 1754 4210 boctalt

124 4173 187 4282 inge
213 4225 305 4295 accept
328 4238 342 4276 2
373 4221 431 4276 vim
454 4219 647 4283 eruditissimo,
674 4232 753 4288 quem
772 4219 829 4289 jam
849 4219 913 4275 alibi
963 4214 1102 4284 problema
1115 4216 1206 4271 reduci
1224 4219 1469 4288 possequomodo,
1483 4221 1753 4289 nempedatoinrre·

124 4295 244 4359 laudari,
259 4294 291 4349 b.
310 4291 390 4347 Petro
409 4290 553 4345 Franciseo
575 4288 713 4360 Pogginio,
738 4287 857 4356 eiusdem
874 4290 914 4344 bi·
964 4291 1057 4341 mento
1070 4282 1157 4340 lunari
1173 4286 1284 4352 diurno,
1300 4289 1341 4343 vei
1354 4298 1507 4355 monstmo,
1521 4290 1565 4344 rei
1580 4306 1685 4358 ariano,
1704 4292 1753 4348 cal·

123 4366 265 4421 biiotbecm
278 4363 418 4418 ditissima
430 4360 607 4414 solertissimo
618 4358 740 4413 custode.
757 4358 870 4415 Exstant
884 4359 913 4414 bi
927 4353 1024 4416 uculo
1044 4355 1103 4410 erui
1127 4358 1213 4427 possit
1235 4359 1292 4414 dies
1314 4358 1428 4428 integra,
1450 4376 1510 4428 qus·
1537 4360 1625 4416 saltus
1647 4363 1753 4429 dicitur,

124 4435 207 4491 libelli
223 4434 321 4489 ibidem
339 4433 410 4486 inter
430 4445 495 4484 mss.
518 4428 584 4496 bug.
601 4427 681 4482 Suco.
696 4428 747 4482 sub
760 4443 834 4482 num.
848 4427 913 4495 186,
963 4423 1056 4493 elapso
1070 4425 1172 4481 scilicet
1189 4428 1264 4499 cyclo
1278 4430 1496 4483 decennovenali.
1515 4430 1563 4484 ilci
1580 4432 1713 4488 uicissim.
1726 4432 1754 4489 bl

124 4504 171 4560 fol.
184 4505 229 4568 18,
243 4514 270 4559 et
284 4504 311 4557 in
325 4501 386 4557 eod.
402 4516 452 4555 ms.
467 4498 599 4563 Palatino,
611 4511 685 4550 nuru.
700 4495 778 4560 itta,
790 4496 837 4551 iol.
850 4498 880 4551 ii
896 4513 913 4554 a
962 4502 1052 4547 autem
1072 4496 1202 4551 Aicuinus
1226 4499 1253 4552 in
1270 4498 1384 4553 dirersis
1411 4499 1606 4569 hypothesibus
1634 4504 1752 4569 retorsit,

125 4583 210 4646 tergo.
229 4573 320 4642 Neque
334 4586 401 4626 rero
421 4570 554 4624 ullatenus
569 4567 670 4628 dubito,
686 4564 792 4621 libellos
804 4567 913 4623 eosdem
963 4579 1034 4618 nunc
1045 4564 1241 4621 lucrementum
1254 4577 1420 4623 menstruum
1431 4571 1556 4638 ponendo
1565 4582 1688 4637 quatuor
1698 4589 1753 4629 ruo·

125 4660 188 4702 vere
205 4645 239 4698 ad
258 4643 401 4697 Aicuinum
422 4641 565 4710 pertinere,
580 4653 642 4693 cuna
655 4638 726 4707 quod
743 4636 914 4692 iliitnbuan·
963 4643 1116 4690 mentorum
1134 4636 1338 4693 etduodecimae
1359 4639 1443 4708 partis
1457 4641 1599 4705 momenti,
1623 4658 1656 4697 ae
1673 4644 1751 4713 quin-

124 4722 171 4770 tur
189 4715 216 4768 in
234 4713 286 4769 iilis
308 4712 445 4767 codicibus
468 4708 647 4781 peraritiquis,
685 4715 742 4761 tum
763 4707 834 4789 quod
857 4707 913 4778 ipse
962 4707 1409 4778 qentesimesexagesinraeqmrtar
1422 4710 1507 4779 partis
1520 4714 1753 4778 ntomenti,idest

123 4784 254 4840 Alcuiuus
268 4781 327 4837 iilos
346 4792 475 4851 tanquam
497 4779 537 4834 sui
553 4777 652 4835 laboris
666 4787 760 4848 partus
773 4777 913 4848 indigitare
963 4776 1064 4841 atorui;
1089 4792 1159 4832 nunc
1180 4786 1298 4847 quatuor
1322 4788 1518 4833 momentorum
1531 4788 1558 4835 et
1573 4783 1750 4855 quadraginta

123 4855 248 4909 rideatur
260 4853 288 4907 in
299 4850 419 4923 epistolis
429 4851 464 4904 81
476 4858 504 4905 et
517 4848 574 4903 tob.
585 4847 614 4902 ln
628 4847 712 4918 priori
724 4848 760 4901 ita
773 4847 891 4916 loquitur
904 4866 911 4902 :
961 4852 1024 4926 octo
1040 4855 1199 4913 atomorum,
1212 4855 1264 4902 etc.
1275 4864 1282 4912 ;
1295 4850 1373 4903 modo
1393 4849 1559 4904 incrementa
1577 4844 1752 4923 supponenda

127 4923 239 4982 autad
263 4923 391 4992 inquisita
417 4917 545 4976 elrurtube
567 4927 664 4974 restam
689 4919 911 4987 respondeam...
962 4929 991 4968 tn
1009 4918 1146 4986 temporis,
1165 4918 1244 4972 modo
1263 4919 1289 4973 in
1311 4919 1457 4989 ecclipticae
1470 4921 1595 4988 partibus
1609 4924 1684 4977 data.
1700 4922 1752 4979 ilua

144 5009 209 5050 auca
233 4993 266 5048 de
282 4992 386 5046 ratione
404 4989 543 5059 multiplici
557 4988 644 5043 saltus
655 4988 788 5069 subjicere
800 4990 912 5043 curabo.
961 4987 1174 5042 terotelcalculi
1181 4988 1300 5044 variandi
1308 4990 1404 5057 qratia,
1413 4988 1456 5042 tel
1465 4990 1537 5058 quod
1549 4992 1752 5072 1113θί531ιίᾰῆ

123 5007 244 5120 Primum
259 5077 357 5132 ponam
375 5064 448 5131 quod
461 5061 488 5114 in
507 5060 646 5114 doctorum
660 5058 742 5113 didici
761 5057 847 5113 libris.
862 5057 913 5115 Se-
962 5053 1074 5110 docendi
1088 5072 1168 5112 causa
1180 5057 1276 5113 iecisse
1289 5059 1439 5115 censendus
1450 5068 1500 5114 est.
1515 5058 1551 5115 Ut
1563 5076 1641 5116 emm
1653 5064 1752 5119 eumin

123 5134 223 5200 eundo,
237 5132 307 5202 quod
322 5131 426 5186 ratione
437 5129 566 5183 suadente
578 5128 741 5198 investigare
751 5127 832 5182 valui.
847 5128 913 5183 Ter·
962 5124 1053 5179 schola
1071 5128 1162 5196 palatii
1185 5129 1377 5184 astmnomiam
1391 5130 1515 5184 docuisse
1529 5139 1638 5185 certum
1652 5140 1705 5197 est,
1718 5134 1752 5186 ita

123 5205 173 5268 tio,
195 5205 267 5274 quod
282 5218 317 5258 ex
332 5199 521 5256 matbematica
544 5198 681 5267 quondam
706 5198 796 5253 audita
818 5198 913 5252 metui·
961 5201 989 5248 et
1002 5210 1049 5264 pro
1060 5198 1166 5253 diversa
1180 5198 1372 5270 discipulorum
1389 5200 1538 5270 capacitate
1550 5200 1753 5258 diversasiuire

123 5274 197 5329 nisse
215 5273 290 5344 potui
315 5270 466 5342 disciplina.
484 5289 494 5322 r
512 5268 546 5323 Et
566 5267 646 5339 paulo
673 5267 785 5323 interius
806 5284 839 5320 :‹
859 5267 913 5323 ilas
962 5264 1218 5324 viaseoaetuserat.

123 5357 189 5399 rero
208 5343 311 5399 lunaris
325 5341 409 5398 saltus
430 5339 633 5423 supputationes
647 5336 759 5407 aliquas,
778 5335 867 5412 [quas]
884 5336 913 5391 in
999 5352 1009 5386 t
1031 5335 1089 5391 Non
1101 5338 1197 5393 minori
1212 5338 1402 5409 perspicuitate
1415 5338 1448 5393 de
1463 5338 1590 5394 bissexto
1616 5350 1686 5413 aqut,
1717 5357 1749 5397 aa

125 5411 236 5468 alterius
255 5412 383 5468 chartulae
397 5408 524 5484 [paganis]
539 5408 665 5464 distincte
684 5407 784 5472 notari,
800 5416 831 5461 ut
843 5424 914 5480 prae·
960 5404 1110 5474 pmbiema,
1124 5417 1205 5480 prout
1219 5409 1318 5464 ibidem
1329 5409 1364 5463 ab
1376 5409 1489 5464 Alcuino
1500 5412 1676 5481 proponitur,
1691 5426 1752 5485 esp

125 5479 191 5542 dixi,
204 5495 238 5537 ex
259 5482 373 5538 tectione
386 5491 560 5551 patemomm
573 5492 699 5534 sensuum
716 5477 831 5548 scripsi:
845 5479 913 5534 alias
961 5481 990 5528 tu
1003 5476 1160 5535 bullimum
1174 5486 1226 5534 est
1240 5478 1368 5535 Duriores
1385 5495 1450 5535 vero
1461 5479 1632 5537 calculorum
1658 5483 1750 5554 ιμῖιιιι

125 5563 160 5604 ex
174 5551 285 5606 rationis
306 5551 462 5633 coniectura
483 5546 740 5673 investigavimus
759 5562 794 5602 ex
808 5549 914 5606 mathe-
961 5541 1056 5628 Pavidi
1071 5561 1122 5604 suo
1132 5549 1185 5605 hac
1197 5549 1224 5603 in
1238 5549 1352 5605 materie
1364 5550 1525 5613 reservarit,
1538 5559 1570 5604 ut
1586 5551 1684 5609 videre
1709 5560 1752 5609 est

127 5616 288 5677 rusticorum
301 5621 384 5675 variis
396 5619 577 5692 supputationi
597 5633 629 5674 us
646 5615 776 5687 cobegi.»
962 5628 989 5669 m
1001 5626 1080 5688 epist.
1107 5616 1153 5685 85,
1171 5634 1225 5690 quo
1239 5634 1301 5675 cum
1324 5627 1353 5674 et
1375 5619 1441 5677 alias
1466 5620 1566 5692 sapius
1589 5619 1750 5695 tubuaosas
