3780 6120
124 299 180 360 aab
503 292 668 350 clullldl.
686 320 721 332 -
741 289 786 346 Dii
803 282 939 347 coasts.
961 283 1006 341 ul
1026 282 1078 341 SS.
1096 283 1195 342 scol.
1215 286 1364 347 utente.
1413 366 1417 371 ι
1457 326 1462 334 ·
1704 287 1759 346 828

123 413 260 475 b'ictriccs
270 407 375 479 aquilas
387 421 437 478 per
449 421 533 479 regna
548 407 652 463 ferebat
663 406 770 474 ubique.
925 403 952 462 Δ
964 398 1153 476 lugentesque
1164 405 1206 460 sul
1218 403 1300 461 funus
1312 404 1488 475 lacrymabile
1500 397 1601 463 Patris.

123 504 244 577 Legibus
255 503 301 557 ille
314 502 397 556 etiam
410 498 498 555 fuerat
508 498 675 569 justissimus
691 497 791 567 aequis,
969 498 1053 555 Decet
1072 497 1117 554 die
1130 497 1225 568 quinta
1237 495 1327 553 subito
1340 494 1422 552 Pater
1436 497 1495 567 ipse
1507 497 1621 565 resedit,

124 597 245 654 inuictus
257 592 348 659 bellis,
363 605 479 647 necnon
493 591 522 646 in
536 604 603 660 pace
614 587 712 646 bdelis.
968 590 1057 660 Atque
1070 591 1163 646 levans
1179 588 1280 654 oculos,
1296 588 1385 646 socios
1398 591 1538 658 conspexit
1550 598 1578 646 et
1587 587 1666 646 infit:

124 689 264 753 Donoruqt
276 685 368 756 largus
382 683 498 745 miseris,
517 683 586 751 pios,
600 682 726 738 omnibus
736 694 846 750 aquusv,
972 703 982 738 ι
998 684 1069 755 Quid
1078 685 1155 755 jurat
1167 684 1253 741 atroci
1271 691 1377 739 tantum
1391 682 1530 754 indulgere
1543 683 1649 752 dolori:

125 791 140 822 ι
153 778 300 849 Imperium
313 777 433 831 retinens
447 783 574 845 septenos
591 789 654 829 nant
666 782 764 845 quater
774 785 870 836 aranos,
969 774 1019 831 C'ui
1031 775 1088 829 ruit
1099 775 1269 845 omnipotens
1282 774 1383 845 poterit
1397 776 1539 832 mitescere
1549 773 1650 846 iudex,

125 868 291 939 cumpositis
304 867 386 921 rebus
399 864 462 920 felix
475 866 503 920 in
518 879 585 935 pace
599 864 719 934 quierit,
970 866 1181 937 Extremumque
1195 881 1295 922 novum
1305 866 1390 922 uitam
1402 876 1560 925 martertere
1571 870 1600 925 iu
1611 875 1713 926 ortum.

126 962 246 1036 ngredo
259 962 369 1017 trudeus
380 960 491 1031 proprio
504 959 656 1015 diademata
670 966 750 1022 nato,
970 959 1093 1030 Namque
1107 974 1185 1016 suum
1199 958 1319 1016 clemens
1329 959 1448 1031 legatum
1460 961 1535 1017 misit
1547 961 1581 1017 ab
1592 961 1688 1030 astris,

127 1054 245 1128 ngredo
258 1052 377 1108 moriens
392 1051 493 1122 regalia
507 1057 615 1119 sceptra
629 1049 793 1119 relinquens.
970 1051 1023 1121 Qui
1038 1059 1152 1107 steterat
1165 1050 1244 1106 niteo
1256 1050 1370 1107 nimium
1382 1051 1529 1124 praclams
1541 1054 1659 1123 amictu,

163 1146 297 1216 Tempore
308 1159 371 1198 nam
383 1142 478 1198 micuit
488 1141 631 1198 wilfridus
646 1142 789 1212 episcopus
802 1141 817 1182 i
831 1138 893 1207 illo,
970 1143 1006 1199 Et
1014 1143 1080 1198 mibi
1091 1141 1259 1213 flammigero
1272 1142 1398 1213 predixit
1410 1143 1476 1198 talia
1490 1142 1580 1199 vultu:

130 1237 217 1306 Quem
228 1235 300 1291 Deus
313 1235 483 1303 omnipotens
497 1231 595 1290 infudit
607 1233 668 1288 luce
679 1248 812 1303 sapertun,
971 1232 1014 1289 lle
1026 1233 1088 1303 pius
1100 1231 1271 1288 Altitbrouus
1286 1228 1529 1290 bliebaelem'misit
1543 1232 1678 1306 Olympo,

128 1331 261 1388 Errorum
273 1328 385 1385 tetricas
399 1327 480 1382 terris
492 1333 523 1380 ut
535 1325 647 1396 pelleret
660 1325 787 1391 umbras,
971 1325 1078 1393 Dicere,
1090 1325 1162 1395 quod
1176 1323 1271 1379 morbo
1284 1338 1356 1380 nuuc
1370 1323 1567 1381 confortaberis
1580 1325 1649 1392 isto,

129 1422 182 1479 Per
195 1423 254 1477 loca
268 1428 406 1493 perpetuae
418 1427 583 1491 quapropter
595 1419 679 1475 multa
690 1418 787 1475 salutis
971 1417 1026 1475 Pro
1038 1417 1143 1474 meritis
1153 1423 1254 1473 sanctae
1264 1416 1359 1473 lintris
1369 1418 1552 1489 precibusque
1565 1417 1672 1485 llariae,

129 1510 263 1567 Gentibus
273 1518 301 1564 ct
313 1509 420 1580 populis
434 1509 564 1564 doctrinm
575 1508 677 1564 lumina
692 1507 801 1577 sparsit.
971 1507 1037 1577 Quat
1051 1507 1183 1579 gemitus,
1197 1506 1340 1579 lacrymas,
1355 1509 1489 1565 sociorum
1504 1518 1532 1565 et
1543 1519 1605 1566 rota
1619 1518 1726 1567 tuorum

129 1600 205 1657 illius
217 1598 343 1655 australis
357 1598 447 1655 studio
461 1597 579 1653 Saxonia
591 1597 730 1654 Christum
972 1600 1090 1655 Auribus
1106 1615 1122 1655 e
1137 1599 1205 1655 solio
1218 1598 1323 1655 caelesti
1338 1600 1441 1655 audivit
1455 1602 1574 1672 apertis,

131 1691 263 1757 Credidit,
278 1699 306 1746 et
318 1690 392 1746 claro
407 1689 516 1761 perfusa
531 1700 574 1747 est
586 1688 710 1761 lampade
724 1690 796 1745 ritae.
973 1689 1127 1759 Deposoeus
1139 1686 1246 1742 tibimet
1259 1687 1343 1742 vitam
1359 1688 1439 1743 simul
1451 1698 1534 1761 atque
1546 1690 1671 1749 salutent.

133 1782 191 1839 Nec
205 1782 291 1837 solum
304 1780 417 1852 populos
432 1781 529 1837 animae
543 1782 576 1837 de
589 1789 676 1837 morte
689 1779 806 1852 maligna
936 1752 1039 1835 BEsto
1051 1787 1142 1833 tamen
1155 1784 1254 1848 quarto
1266 1776 1393 1834 ueniente
1404 1787 1516 1848 paratus
1526 1779 1554 1835 in
1570 1796 1657 1848 anuo,

131 1873 197 1930 illos
210 1874 322 1930 antistes
334 1873 465 1929 doctrinis
477 1874 550 1930 eruit
560 1874 657 1940 almis,
972 1870 1032 1942 lpse
1044 1885 1094 1940 ego
1108 1878 1173 1925 tunc
1183 1869 1282 1925 iterum
1295 1869 1403 1924 veniam
1418 1872 1556 1937 mulsere,
1572 1887 1635 1927 nam
1653 1880 1683 1929 tu

133 1967 189 2024 Sed
202 1982 267 2023 nece
281 1968 313 2022 de
324 1975 458 2036 presente
476 1967 556 2023 simul
570 1965 685 2023 saluauit
697 1967 816 2023 eosdem.
973 1967 1107 2036 Tempore
1118 1965 1264 2037 tranquillo
1278 1965 1374 2034 patriae
1386 1966 1512 2023 morieris
1523 1968 1551 2022 in
1562 1968 1629 2023 oris.
1649 1985 1660 2021 ι

134 2057 269 2131 Tempore
283 2060 417 2130 contiguis
430 2060 476 2114 illo
489 2072 552 2114 nam
564 2061 616 2116 sub
630 2060 717 2115 tribus
729 2059 809 2115 aunis
972 2061 1118 2132 Angelioos
1134 2059 1257 2130 sequitur
1271 2063 1390 2118 monitus
1402 2076 1465 2117 utos
1481 2061 1538 2118 rita
1552 2063 1696 2133 salusque,

133 2148 194 2204 Non
209 2164 264 2213 ros,
279 2164 333 2204 non
347 2149 434 2205 imber
447 2150 571 2205 sitientes
584 2149 681 2220 irrigat
693 2162 783 2220 agros.
972 2151 1096 2209 Necnon
1108 2150 1230 2221 expletos
1242 2159 1304 2221 post
1318 2159 1448 2223 quattuor
1459 2152 1549 2208 exitus
1563 2168 1659 2221 anuos,

134 2238 217 2295 Arida
230 2238 405 2311 flammigeris
419 2240 534 2296 tabescit
548 2248 620 2297 terra
636 2241 687 2296 sub
696 2239 791 2306 astris,
973 2242 1100 2299 Praesulis
1112 2243 1213 2314 egregii
1226 2243 1355 2314 praedicto
1368 2252 1410 2299 est
1423 2242 1477 2300 line
1490 2251 1611 2301 secutus.

136 2341 148 2370 τ
164 2331 200 2385 Et
214 2330 316 2386 rictum
328 2331 432 2401 pariter
444 2332 600 2402 hominique
615 2330 733 2403 feratque
746 2333 873 2403 negabat.
975 2333 1022 2390 Sic
1033 2340 1060 2389 et
1076 2333 1103 2388 in
1117 2332 1242 2400 ccclesia,
1257 2347 1340 2404 quarn
1355 2332 1429 2390 Petri
1443 2334 1530 2390 erexit
1542 2336 1660 2402 bonore,

135 2423 225 2493 Atque
239 2420 339 2478 tamem
350 2422 472 2493 sequitur
484 2424 647 2480 morientum
659 2423 745 2480 cladis
758 2437 888 2488 acervus,
976 2426 1102 2497 llripensi
1114 2433 1156 2482 est
1169 2427 1286 2499 positus,
1301 2425 1365 2483 felia
1380 2427 1407 2481 in
1421 2441 1488 2498 pace
1503 2427 1632 2499 sepultus.

136 2512 220 2585 m
232 2512 441 2584 Praecipitesque
455 2523 538 2570 munt
551 2516 629 2571 multi
640 2515 674 2572 de
686 2516 799 2587 rupibus
810 2516 883 2572 altis.
977 2520 1025 2575 l‘ir
1039 2531 1145 2590 quoque
1156 2517 1324 2588 temporibus
1333 2525 1446 2574 sanctus
1461 2516 1580 2590 fulgebat
1594 2519 1622 2574 in
1633 2518 1697 2585 illis,

136 2602 188 2658 Ast
202 2603 247 2658 alii
262 2603 364 2674 rapidis
374 2618 434 2660 sese
448 2621 569 2662 mersere
583 2608 634 2663 sub
646 2607 743 2673 undis,
976 2611 1132 2684 Angelicam
1144 2608 1309 2667 cuthbertus
1325 2620 1337 2651 ⁸
1352 2624 1436 2682 agens
1450 2610 1605 2681 incorpore
1614 2612 1714 2678 vitam,

139 2694 176 2751 dt
191 2695 242 2751 sibi
254 2695 411 2767 preriperet
421 2696 532 2770 longum
546 2699 600 2755 cita
614 2714 688 2755 mors
700 2699 863 2756 cruciatum.
977 2703 1030 2772 Qui
1044 2704 1095 2759 fuit
1109 2716 1222 2774 apuero
1233 2702 1319 2776 signis
1335 2702 1450 2774 insignis
1461 2702 1579 2773 apertis,

136 2788 199 2860 ipsa
216 2804 332 2859 namque
346 2790 400 2856 die,
414 2806 468 2861 quo
481 2806 547 2863 gens
559 2800 717 2863 susceperat
728 2792 784 2857 illa,
979 2794 1099 2853 bforibus
1113 2803 1141 2850 et
1155 2794 1260 2849 meritis
1271 2793 1364 2849 statim
1376 2793 1510 2849 succrevit
1523 2791 1662 2858 honestis:

138 2881 275 2939 Doctrinis
288 2882 391 2939 imbuta
401 2884 497 2949 sacris,
508 2885 681 2956 baptismatis
696 2885 808 2951 tundam,
978 2889 1067 2958 litque
1079 2900 1193 2941 manens
1205 2884 1355 2942 monachus
1366 2885 1498 2955 primaevo
1513 2892 1633 2955 tempore
1648 2882 1737 2939 clarus

138 2972 284 3030 Descendit
296 2973 398 3045 pluria,
411 2983 440 3031 et
452 2975 595 3033 telluribus
606 2992 673 3032 aura
687 2991 797 3042 serena,
979 2977 1081 3034 Doctor
1095 2974 1260 3046 apostolicus
1275 2973 1335 3040 fuit,
1347 2972 1412 3029 bine
1424 2981 1452 3028 et
1465 2972 1609 3044 presbyter
1620 2972 1717 3039 almus,

138 3065 173 3122 Et
189 3074 269 3122 terrae
283 3067 362 3123 rediit
375 3069 513 3139 specimen
526 3069 706 3126 viridantibus
717 3069 806 3133 artis,
981 3071 1016 3127 tlt
1026 3070 1085 3125 ioca
1100 3066 1249 3124 fructiferis
1261 3067 1369 3138 replens
1382 3065 1483 3122 inculta
1496 3064 1604 3132 viretis,

137 3155 280 3229 Tlorigero
291 3158 379 3229 campi
392 3167 551 3230 montesque
562 3170 694 3217 omautur
706 3161 826 3217 amictu:
981 3156 1113 3215 Fontibus
1125 3154 1234 3212 aeternis
1247 3153 1368 3210 sitientia
1379 3160 1459 3225 prata
1472 3152 1596 3223 rigabam

138 3245 267 3319 Fmgiier
279 3247 404 3318 agricolis
416 3248 571 3305 laetamibus
582 3251 685 3306 inditur
696 3265 803 3318 annus,
981 3248 1076 3305 Dis-ina
1089 3255 1117 3303 et
1127 3254 1241 3303 cunctos
1254 3244 1374 3303 formans
1386 3245 1488 3300 uirtute
1500 3250 1651 3315 sequaces,

139 3337 225 3408 inque
236 3336 322 3394 Deum
334 3353 430 3394 carnes
443 3348 605 3396 cunctorum
618 3342 755 3413 cordaque
768 3343 860 3398 virum
980 3339 1120 3412 Dogmatis
1134 3337 1245 3395 aetherei
1257 3336 1349 3392 radios
1359 3336 1504 3407 spargebat
1513 3335 1631 3404 ubique,

140 3429 361 3497 Exsultaverunt,
377 3429 487 3502 (cecinit
499 3432 571 3487 sicut
583 3440 663 3490 antea
676 3432 774 3505 David)
981 3430 1136 3487 Discutiens
1147 3427 1276 3485 tenebras
1289 3441 1424 3492 errorum,
1439 3425 1499 3482 luce
1512 3437 1619 3480 serena.

141 3518 250 3574 certius
261 3520 370 3575 aeternis
381 3520 515 3576 inhiantes
523 3529 633 3590 pectore
647 3520 742 3588 doctis,
981 3521 1030 3578 Est
1044 3522 1119 3578 locus
1131 3519 1239 3578 Οιειιιιιι
1253 3518 1342 3575 dietus
1356 3518 1517 3589 cognomine
1529 3516 1634 3584 Tarne,

141 3608 204 3678 Quo
217 3625 356 3682 sumpsere
370 3610 446 3682 prius
460 3612 569 3668 sibimet
583 3621 691 3669 terrena
703 3628 753 3685 per
766 3612 853 3668 ilium.
981 3615 1070 3671 insula
1082 3614 1164 3672 fontis
1176 3615 1263 3684 inops,
1280 3611 1366 3684 frugis
1377 3619 1406 3668 et
1418 3612 1525 3667 arboris
1538 3624 1652 3680 expers3

179 3699 230 3755 llic
239 3714 346 3771 quoque
357 3701 513 3772 compulsus
525 3702 641 3758 Romam
653 3705 820 3773 properabat
830 3702 922 3767 adiro,
983 3706 1059 3763 Hane
1075 3706 1144 3775 petit
1157 3705 1305 3774 intrepidus
1314 3703 1415 3759 Christi
1432 3703 1547 3758 bellator
1559 3701 1684 3772 opimus,

143 3789 200 3846 Sed
211 3792 287 3861 prius
298 3799 341 3847 est
353 3792 441 3847 uentis
454 3792 603 3847 Fresonum
617 3798 712 3847 rectus
725 3792 752 3846 iu
765 3806 843 3857 oras,
982 3795 1212 3865 Contemplatiros
1222 3794 1335 3864 cupiens
1347 3799 1375 3847 et
1387 3808 1500 3862 carpere
1512 3792 1613 3855 flores;

142 3881 156 3923 ⁴
171 3883 259 3952 fitquc
272 3882 309 3938 ibi
320 3897 384 3938 mox
397 3883 488 3954 populi
501 3883 636 3939 convertit
648 3882 732 3938 millia
746 3881 871 3948 Christo,
983 3886 1043 3957 lpse
1055 3885 1111 3940 Deo
1124 3883 1174 3940 soli
1184 3883 1259 3940 solus
1272 3882 1376 3938 servire
1390 3883 1503 3953 sategit,

143 3973 265 4030 Plurima
279 3982 417 4045 perpetuae
429 3974 620 4030 demonstrans
633 3973 703 4029 dona
719 3972 824 4029 salutis.
985 3977 1024 4033 Ne
1038 3978 1190 4032 mundanus
1203 3975 1291 4031 honor
1301 3981 1419 4028 mentem
1435 3979 1554 4027 mutaret
1567 3971 1696 4028 alacrem.

144 4068 181 4124 Et
194 4083 354 4138 quocunque
365 4068 462 4138 pedem
476 4068 570 4132 movit,
584 4067 629 4140 pia
643 4065 747 4122 semina
761 4066 847 4132 sevit,
986 4066 1036 4123 iiie
1049 4066 1169 4122 Eremita
1183 4079 1261 4121 sacer
1273 4079 1327 4119 non
1340 4076 1424 4134 patro
1439 4071 1564 4132 tempore
1577 4062 1661 4128 vixit,

146 4158 260 4214 Pectora
273 4157 437 4228 perfundens
450 4157 555 4213 arentia
570 4172 632 4213 rore
646 4170 782 4227 superno,
987 4156 1092 4227 Saepius
1101 4154 1230 4227 angelicis
1247 4153 1312 4210 felix
1325 4151 1451 4208 affatibus
1464 4166 1548 4217 usus,

145 4249 248 4320 inclyta
261 4250 365 4307 celesti
377 4250 520 4319 complevit
531 4257 559 4306 ct
569 4251 668 4305 borrea
685 4247 794 4314 fructu,
921 4262 934 4285 s
988 4247 1089 4304 Toxica
1103 4243 1236 4302 mortiferi
1250 4244 1376 4300 uincebat
1392 4243 1445 4299 tela
1463 4241 1598 4299 draconis.

146 4343 184 4401 Et
197 4342 294 4398 celebri
307 4341 377 4398 fama
392 4342 454 4398 lacto
468 4341 594 4397 laudatur
610 4341 638 4396 iu
650 4341 726 4397 orbe.
987 4338 1116 4395 Attamen
1128 4337 1282 4393 abstractus
1295 4334 1389 4392 multis
1404 4333 1585 4407 rogitantibus
1597 4331 1669 4397 iude,

146 4435 218 4489 Dum
231 4435 292 4505 pius
303 4434 368 4489 illud
383 4435 433 4490 iter
445 4434 526 4505 gestit
540 4432 676 4504 complere
690 4433 836 4499 sacerdos,
949 4428 1109 4517 „Tandem
1121 4426 1260 4484 consensit
1273 4434 1406 4483 secretam
1417 4425 1540 4496 linquere
1552 4425 1659 4491 sedeur,

147 4524 219 4579 Ecce
234 4532 344 4594 repente
360 4521 410 4579 fuit
421 4524 516 4579 morbo
529 4523 669 4592 perculsus
681 4522 794 4587 acerbo,
987 4521 1182 4593 Pontificisque
1195 4521 1320 4595 madum,
1333 4519 1440 4592 populis
1448 4527 1477 4575 et
1487 4534 1551 4591 rege
1564 4526 1691 4583 coaetus,

147 4614 255 4684 Perque
266 4615 325 4670 dies
336 4613 436 4670 multos
448 4615 537 4671 valido
549 4623 689 4671 crescente
701 4615 810 4679 dolore,
987 4614 1154 4686 Quandoque
1164 4613 1286 4685 suscepit
1297 4613 1404 4669 nanctis
1416 4611 1558 4667 orantibus
1570 4610 1647 4666 illum
1660 4624 1668 4678 ;

147 4705 231 4761 Venit
241 4705 274 4761 ad
287 4714 437 4761 extremum
450 4705 575 4762 coufeuo
587 4720 701 4777 corpore
712 4705 792 4760 finem
805 4744 813 4771 ,
987 4709 1122 4767 Nobiliter
1136 4707 1208 4765 binis
1221 4707 1300 4777 digne
1312 4718 1393 4775 quent
1406 4703 1478 4759 rexit
1488 4703 1515 4759 iu
1528 4703 1623 4769 annis,

146 4796 196 4853 Bis
208 4796 338 4867 binosque
349 4796 408 4851 dies
419 4810 500 4852 sensu
510 4796 569 4852 tine
582 4795 705 4866 001110ῐί8
719 4793 792 4850 omni
988 4803 1108 4858 Plurima
1122 4797 1286 4868 conquirens
1303 4794 1455 4851 animarum
1465 4793 1541 4850 lucra
1556 4792 1688 4861 Tonanti,

146 4888 290 4946 exanimis
303 4889 389 4961 jacan
403 4904 481 4961 pene,
500 4897 528 4945 er
542 4888 699 4960 spiraminis
709 4895 814 4952 extors.
987 4893 1104 4951 urbem
1116 4887 1290 4946 conatuum
1303 4884 1412 4943 sibimet
1426 4884 1644 4953 emansores,

148 4980 224 5036 Vtioe
235 4995 342 5047 tareni,
354 4979 537 5049 membrisque
547 4986 669 5050 ⁸¹⁰Pffl8·
678 4977 706 5033 1¹¹
714 4984 825 5048 11001018
836 4983 938 5032 uatum
989 4981 1028 5038 lie
1040 4982 1119 5052 lupus
1130 4977 1261 5034 insidians
1273 4974 1375 5032 Christi
1385 4975 1528 5032 deroderet
1541 4987 1635 5047 agros.

147 5071 260 5143 Frigida
271 5071 318 5127 vix
331 5073 406 5128 teum
418 5072 495 5127 duxit
507 5070 624 5143 suspiria
638 5069 713 5124 flatu.
990 5071 1044 5130 Sed
1056 5086 1122 5129 mox
1134 5069 1262 5126 mundani
1276 5066 1383 5124 culmen
1397 5067 1491 5123 vitarit
1504 5067 1631 5134 honoris,

147 5162 279 5234 Discipuli
294 5163 361 5220 socii
373 5162 482 5219 stabant
493 5162 558 5219 hinc
570 5161 632 5218 inde
646 5168 798 5234 gementes,
988 5165 1048 5237 lpse
1058 5171 1155 5235 petens
1171 5163 1271 5221 iterum
1280 5159 1353 5217 soliti
1364 5168 1468 5218 secreta
1481 5159 1592 5226 cubilis;

188 5296 265 5354 l'ers.
283 5294 346 5355 bal.
1578 5292 1657 5350 Pers
1675 5292 1738 5349 611.

189 5434 287 5491 ·Deda
299 5435 361 5493 libr.
375 5453 413 5501 ιι,
428 5450 488 5562 ceg.
500 5435 527 5490 5.
578 5503 584 5514 .
901 5503 906 5514 Ι
1024 5431 1376 5502 ᾶΒοᾶιιΙίὴι.ι,οιιι.1θ.
1455 5500 1462 5513 ⁹
1579 5499 1615 5512 ..

171 5504 357 5575 &wilfridus
380 5505 430 5577 Ep.
475 5505 536 5575 ujus
559 5510 642 5558 utam
666 5502 727 5558 vide
746 5516 761 5556 a
782 5500 817 5557 ud
839 5501 938 5557 llabut.
1027 5503 1211 5559 ecatttertaa
1230 5502 1281 5574 Ep.
1298 5501 1359 5557 Tuta
1377 5508 1405 5556 et
1426 5499 1554 5557 miracula
1578 5498 1650 5556 alitus
1664 5511 1697 5553 ex
1711 5512 1774 5553 ren.

148 5575 212 5634 Act
228 5574 280 5631 SS.
293 5576 392 5632 Dened.
412 5590 474 5632 saee.
494 5591 542 5641 ιιι,
559 5581 630 5645 part.
647 5589 666 5628 ι.
681 5571 741 5626 vid.
793 5572 826 5627 da
840 5571 858 5625 1.
872 5573 938 5637 cit,
989 5575 1070 5639 ltcda,
1081 5583 1147 5629 tom.
1157 5571 1483 5644 luperameamtogte
1494 5579 1557 5628 tom.
1570 5568 1661 5627 xciv.
1674 5566 1774 5627 biabiif.

148 5661 213 5717 cap.
230 5648 256 5699 5.
989 5660 1052 5702 sec.
1067 5661 1086 5699 ιι
1099 5643 1199 5700 Dened.
1211 5650 1284 5712 part.
1299 5658 1318 5697 ι.

187 5715 283 5772 ‘brea
301 5715 362 5770 libr.
380 5732 417 5779 tr,
431 5730 489 5785 cap.
508 5714 549 5768 lu.

1840 504 1856 535 0
