3780 6120
134 251 187 310 Si'l

497 251 733 310 meascmtca.
754 283 789 292 -
808 250 1013 309 ursrurarro
1031 236 1151 307 eicitur
1170 249 1243 308 cett
1261 250 1398 310 ammo.

1706 255 1759 312 958

166 364 200 420 P.
215 364 285 433 Quid
296 372 359 421 suut
369 381 429 420 ossa
440 367 452 419 ‘i
462 396 498 406 -
512 366 545 419 A.
559 365 702 422 Fortitudo
712 365 845 436 eorporis.
931 365 1014 424 Aras
1029 372 1054 416 ¹.
1066 361 1142 417 Luna
1154 362 1221 417 duos
1232 361 1291 417 dics
1305 371 1333 417 et
1345 369 1407 417 octo
1423 363 1513 425 boras,
1537 371 1571 418 et·
1590 362 1663 420 bisse
1676 366 1756 421 unius

167 454 201 511 P.
218 456 288 523 Quid
302 464 366 511 surrt
378 471 453 512 coxae
463 457 475 510 ι
487 487 521 497 -
532 457 564 510 A.
579 455 711 527 Epistylia
722 454 919 510 columnarum.

166 543 202 602 P.
216 546 286 615 Quid
299 556 362 602 sunt
375 561 456 602 crura
467 547 522 600 ι-
536 547 568 600 A.
583 546 721 602 Columnae
733 544 866 613 eorporis.

166 635 201 693 P.
215 636 285 705 Quid
295 647 359 692 sunt
368 639 451 708 pedes
463 640 475 691 ι
488 669 523 679 -
534 637 568 692 A.
582 638 681 695 liubila
703 638 918 694 tundamentum.

166 731 200 786 P.
217 731 286 799 Quid
297 740 340 789 est
356 732 464 804 sanguis
476 733 488 786 l
502 762 537 772 -
554 733 586 786 A.
606 731 711 787 Humor
724 745 863 794 venarum,
877 730 919 783 ri·

129 832 165 881 tae
180 823 350 879 alimentum.

166 913 201 969 P.
219 914 290 983 erid
303 922 366 970 sunt
376 929 452 970 renue
463 914 475 967 ‘l
487 945 523 955 -
537 916 569 968 A.
584 913 685 970 Fontes
699 915 800 969 carnis.

167 1005 202 1062 P.
217 1005 288 1074 Quid
301 1013 345 1061 est
355 1005 453 1061 caelum
466 1007 478 1060 ‘l
489 1036 523 1046 —
534 1005 567 1058 A.
580 1004 691 1075 Splraera
703 1005 838 1070 volubilis,
852 1003 920 1076 [eul-

130 1112 194 1154 men
211 1095 396 1167 immensum].
869 1118 872 1122 ,

166 1186 199 1243 P.
213 1187 283 1256 Quid
296 1195 339 1243 est
352 1186 399 1242 lux
411 1188 423 1241 ι
435 1218 470 1228 -
482 1190 516 1242 A.
531 1187 627 1243 Facies
636 1188 756 1243 omnium
770 1203 872 1242 rerum.

165 1277 199 1333 P.
211 1277 281 1346 Quid
292 1286 336 1334 est
345 1277 423 1333 diesi
443 1308 476 1318 -
488 1277 521 1330 A.
536 1278 744 1333 incitamentum
758 1278 869 1334 laboris.

166 1366 199 1423 P.
216 1367 286 1436 Quid
301 1375 343 1423 est
356 1367 464 1423 solt-
477 1368 510 1421 A.
525 1367 658 1436 Splendor
671 1367 758 1433 orbis,
783 1368 845 1423 coeli
859 1364 919 1438 pul·

129 1462 265 1526 ebritudo,
292 1468 397 1515 naturae
421 1458 519 1531 gratia,
535 1460 623 1515 bonor
637 1458 700 1523 diei,
717 1460 846 1514 horarum
860 1458 917 1514 dis·

130 1551 258 1606 tributor.

166 1637 200 1692 P.
211 1638 281 1707 Quid
295 1646 337 1694 est
355 1637 416 1692 luna
428 1639 439 1693 ‘l
450 1667 484 1679 -
498 1639 530 1693 A.
543 1637 643 1695 Oculus
657 1640 755 1705 noctis,
776 1639 846 1695 roris
861 1640 915 1693 lar·

129 1745 173 1801 ga,
187 1743 307 1800 praesaga
320 1736 522 1798 tempestatum.

169 1818 200 1873 P.
216 1818 284 1887 Quid
293 1826 355 1874 sunt
370 1819 453 1874 stella
463 1820 474 1872 l
485 1850 521 1860 -
531 1820 564 1873 A.
578 1821 687 1876 Pictura
698 1822 833 1887 culminis,
848 1837 915 1878 nau-

129 1918 220 1966 tarum
235 1911 438 1982 gubematorcs‚
456 1913 543 1968 noetis
557 1915 647 1970 decor.

169 2002 200 2056 P.
216 2002 287 2071 Quid
300 2011 341 2058 cst
356 2003 467 2073 pluria?
481 2034 516 2045 -
527 2006 559 2059 A.
581 2005 727 2076 conceptio
744 2016 841 2073 terrae,
862 2008 918 2063 iru-

129 2111 193 2168 gum
204 2095 331 2167 genitrix.

165 2186 198 2241 P.
211 2184 281 2253 Quid
299 2195 341 2242 est
353 2185 451 2242 nebula
460 2187 472 2241 i
482 2218 516 2227 -
532 2189 564 2242 A.
580 2187 638 2244 Nox
650 2189 679 2243 in
692 2188 748 2256 die,
761 2190 838 2248 labor
851 2206 915 2247 ocu-

128 2273 227 2332 lorum.

164 2366 198 2423 P.
212 2368 281 2437 Quid
297 2378 338 2424 εει
351 2376 447 2424 uentus
459 2369 470 2422 ι
482 2400 517 2409 -
528 2369 561 2422 A.
575 2370 655 2426 Aeris
664 2373 843 2441 perturbatio,
863 2388 919 2430 mo-

127 2458 220 2516 bilitas
231 2474 374 2530 aqnamm,
395 2459 506 2514 siccitas
520 2466 608 2514 terraer

163 2547 198 2605 P.
212 2549 284 2618 Quid
297 2558 339 2607 est
359 2559 431 2606 terra
441 2552 497 2605 ‘i-
509 2552 543 2605 A.
560 2551 647 2607 Mater
661 2555 853 2620 crescentium,
866 2573 917 2612 nu-

127 2642 183 2698 trix
198 2643 359 2706 viventium,
371 2642 512 2698 cellarium
529 2643 604 2709 ritae,
618 2644 774 2700 devoratrix
785 2647 916 2703 omnium.

164 2731 197 2788 P.
214 2732 283 2802 Quid
293 2742 416 2789 estmare
426 2734 478 2787 i-
487 2733 520 2786 A.
532 2734 708 2790 Audaciaeuia
719 2733 794 2806 [ils.‚
806 2737 919 2792 audacia

125 2825 212 2898 citrei,
227 2825 306 2881 limes
320 2834 409 2889 terrae,
422 2825 686 2895 diuisorregionum,
704 2828 854 2898 hospitium
868 2827 919 2884 du-

123 2918 244 2981 riomm,
259 2913 471 2971 lonsimbrium.
482 2914 617 2987 retugium
630 2915 657 2970 in
665 2917 815 2987 periculis,
831 2919 918 2990 gratia

123 3010 155 3065 in'
163 3006 355 3077 voluptatibus.

163 3095 198 3153 P.
217 3097 286 3166 Quid
301 3106 364 3154 sunt
384 3096 563 3153 dumiual-
575 3099 608 3154 A.
628 3098 731 3156 Cursus
747 3099 917 3166 indeficiens,

123 3188 241 3247 relectio
255 3188 330 3253 solia,
343 3188 467 3258 irrigatio
479 3196 570 3245 terra.

163 3278 198 3336 P.
207 3280 278 3349 Quid
292 3288 336 3336 est
354 3294 424 3349 aqua
435 3281 447 3333 ‘l
458 3311 492 3320 -
504 3280 537 3334 A.
552 3279 707 3337 Subsidium
721 3282 801 3347 ritae,
817 3282 920 3340 ablutio

123 3372 259 3430 sordium.

163 3461 198 3518 P.
210 3463 281 3532 Quid
300 3471 342 3519 est
353 3462 488 3533 ignisi-
502 3463 534 3518 A.
559 3461 640 3519 Calor
651 3463 766 3528 nimius,
782 3462 854 3519 lotus
873 3478 921 3518 na-

127 3555 277 3618 sccntium,
290 3553 436 3608 maturitas
448 3552 567 3623 lengum.

973 455 1056 509 borae.

1007 544 1041 600 P.
1057 546 1193 616 Magister,
1210 551 1291 601 timeo
1303 547 1384 601 altum
1400 547 1487 602 ire.-
1500 551 1531 601 A.
1544 547 1610 615 Quis
1632 557 1657 604 te
1678 550 1756 605 duxit

972 636 1000 692 in
1011 637 1094 692 altum
1105 639 1119 691 ι

1008 727 1040 782 P.
1057 727 1216 783 curiositas.
1233 756 1267 767 -
1281 726 1314 781 A.
1330 725 1358 783 st
1376 728 1467 794 times,
1493 729 1653 784 descendam
1678 728 1756 802 [ida.

970 816 1188 888 descendamusl.
1205 817 1311 887 Sequm
1323 832 1483 887 quocunque
1500 818 1572 874 ieris.

1008 908 1040 964 P.
1053 908 1082 964 st
1097 909 1196 964 scirem
1218 908 1282 979 quid
1305 917 1377 965 esset
1397 911 1484 971 naris.
1498 924 1683 980 praepararem
1696 911 1755 974 tibi,

970 1009 1001 1058 ut
1011 1003 1121 1056 venires
1140 1001 1173 1055 ad
1188 1005 1330 1056 ure-A.
1346 1000 1427 1056 Navis
1450 1010 1492 1056 cst
1511 1003 1607 1058 domus
1630 1003 1758 1067 erratim,

970 1094 1248 1165 ubilibetbospitium
1263 1094 1351 1150 riatur
1362 1095 1420 1150 sinc
1436 1096 1567 1166 vestigiis,
1580 1096 1668 1152 vicina
1679 1093 1757 1169 [Aa.

969 1186 1086 1259 ricinus]
1102 1201 1202 1243 arenae.

1006 1274 1040 1331 P.
1055 1275 1124 1344 Quid
1139 1285 1181 1330 est
1197 1277 1301 1332 arena?
1315 1307 1349 1318 -
1359 1278 1392 1330 A.
1407 1277 1497 1333 liturus
1508 1288 1596 1333 terrm.

1005 1366 1039 1424 P.
1055 1368 1124 1438 Quid
1140 1377 1182 1424 εει
1194 1369 1278 1424 herba
1288 1369 1300 1422 i
1312 1399 1349 1410 -
1362 1368 1394 1422 A.
1415 1369 1506 1425 Vestis
1519 1378 1607 1424 terrac.

1005 1458 1039 1516 P.
1052 1459 1123 1528 Quid
1150 1467 1213 1515 sunt
1234 1458 1334 1515 olera?
1351 1490 1387 1500 -
1400 1459 1432 1512 A.
1460 1458 1546 1514 Amici
1573 1459 1756 1515 medicemur.

968 1551 1199 1622 lauscoquorum.

1007 1643 1040 1699 P.
1055 1641 1127 1711 Quid
1135 1651 1187 1708 est,
1211 1641 1283 1712 quod
1304 1657 1395 1696 antara
1410 1641 1497 1697 dulcia
1512 1641 1576 1696 lacit
1590 1642 1647 1694 i-
1659 1640 1690 1695 A.
1707 1639 1758 1696 F'a-

933 1716 1038 1791 Bmes.

1005 1821 1038 1877 P.
1053 1822 1123 1891 Quid
1136 1831 1188 1890 est,
1204 1823 1275 1893 quod
1286 1823 1426 1877 bominem
1441 1838 1493 1878 non
1508 1823 1610 1878 lassum
1623 1821 1713 1879 laert
1725 1847 1760 1860 -

968 1912 1001 1968 A.
1014 1913 1145 1970 Lucrum.

1004 2006 1086 2080 354
1097 2005 1130 2062 P.
1153 2006 1222 2075 Quid
1242 2015 1284 2062 est
1295 2006 1416 2079 vigilanti
1437 2007 1568 2061 somnus?
1584 2007 1661 2060 -A.
1680 2003 1757 2076 Spes.

1005 2097 1038 2153 P.
1053 2098 1123 2166 Quid
1132 2107 1174 2156 est
1183 2113 1246 2170 spes
1259 2099 1271 2152 l
1283 2129 1319 2140 -
1329 2097 1361 2152 A.
1374 2097 1554 2169 Refrigerium
1565 2098 1682 2162 laboris,
1696 2097 1757 2170 [du-

968 2191 1030 2247 bius
1044 2188 1179 2263 erentusl.

1006 2279 1039 2336 P.
1055 2281 1125 2351 Quid
1138 2289 1180 2337 est
1194 2281 1335 2337 amicitia?
1348 2311 1384 2322 -
1399 2280 1430 2333 A.
1445 2279 1598 2350 AEqualitas
1609 2281 1764 2336 amicorum·

971 2372 1047 2446 [ιιι.
1060 2372 1236 2446 εείιεοεεει].

1005 2459 1039 2518 P.
1052 2461 1122 2530 Quid
1135 2472 1178 2519 est
1203 2461 1269 2519 fides
1279 2473 1333 2516 r-
1347 2461 1379 2515 A.
1401 2462 1499 2531 ignotae
1521 2463 1566 2517 rci'
1584 2472 1611 2518 ει
1626 2464 1755 2520 miranda

970 2555 1113 2612 certitudo.

1006 2645 1039 2704 P.
1057 2645 1127 2716 Quid
1141 2653 1183 2701 est
1205 2646 1304 2701 mlmm
1315 2645 1327 2699 i
1339 2675 1372 2685 -
1386 2644 1419 2698 A.
1434 2643 1526 2715 Nuper
1547 2646 1600 2701 ridi
1623 2645 1760 2701 bominem

970 2746 1106 2801 staulam,
1134 2744 1270 2792 mortuum
1287 2736 1470 2792 ambulantem
1494 2735 1579 2809 lile,
1606 2736 1760 2793 molientem

971 2827 1178 2900 ambulantem,
1194 2827 1240 2898 qui
1253 2842 1391 2898 nunquam
1407 2809 1486 2882 suits

1009 2917 1042 2975 P.
1061 2919 1202 2988 Quomodo
1211 2927 1300 2991 potest
1313 2932 1373 2975 esse
1387 2960 1394 2984 ,
1409 2919 1496 2989 pande
1509 2919 1637 2974 mibil-
1649 2919 1681 2974 A.
1694 2919 1762 2976 imas

930 3063 954 3126 c
971 3027 1006 3084 go
1015 3012 1044 3066 in
1055 3024 1136 3081 aqua.

1006 3098 1040 3154 P.
1052 3098 1107 3156 Cur
1123 3099 1176 3155 hoe
1186 3113 1246 3154 non·
1254 3099 1375 3155 intellexi
1386 3115 1436 3170 per
1449 3113 1502 3164 me,
1518 3101 1582 3156 dum
1608 3102 1687 3157 toties
1697 3103 1763 3158 ridi·

971 3191 1056 3266 [bunc
1077 3192 1169 3264 ipsum·
1188 3192 1336 3266 hominem]
1350 3194 1362 3247 t
1376 3223 1411 3234 -
1429 3195 1461 3248 A.
1478 3193 1547 3262 Quia
1569 3194 1757 3252 bonae-indolis

970 3282 1117 3353 satureris
1130 3289 1158 3338 et
1172 3281 1305 3337 naturalis
1319 3282 1440 3354 ingenii,
1454 3298 1605 3355 proponam
1620 3283 1668 3340 tibi
1681 3301 1756 3356 quae·

972 3376 1034 3435 dam
1042 3376 1093 3432 alia
1100 3375 1168 3431 mira
1183 3383 1288 3441 ;teuta‚
1303 3375 1326 3430 si
1339 3390 1389 3445 per
1398 3375 1511 3445 teipsum
1524 3377 1613 3448 possis
1623 3378 1759 3442 coniicere

970 3466 1026 3524 illa.

1007 3556 1041 3613 P.
1057 3558 1166 3615 Faciam
1182 3557 1258 3629 [lla.‚
1279 3557 1420 3631 sacremus]
1434 3575 1441 3625 ;
1458 3567 1547 3615 tamen
1564 3560 1612 3626 ita,
1629 3576 1651 3616 st
1667 3574 1756 3624 secus,

165 3643 199 3701 P.
219 3643 291 3713 Quid
313 3652 355 3698 est
377 3641 466 3712 lrigus
479 3642 490 3695 i
503 3672 538 3682 -
550 3640 589 3696 A..
610 3642 763 3699 Febricitas
786 3645 922 3702 ntembro·
970 3665 1052 3720 quam
1062 3656 1114 3714 est,
1127 3648 1223 3711 dicam,
1237 3649 1359 3719 corrigas
1370 3663 1424 3704 me.
1436 3678 1473 3691 -
1485 3646 1518 3702 A.
1532 3648 1654 3715 Faciam,
1666 3651 1759 3705 utris.

126 3755 201 3889 ¹⁰¹3·
215 3831 284 3900 Quid
309 3839 350 3887 est
376 3829 506 3901 gelul-
533 3829 564 3881 A.
592 3826 749 3883 Persecutio
763 3828 919 3891 berbamm,

126 3924 245 3997 perditio
266 3922 345 3995 [ila.
368 3927 537 3992 persecutor.
560 3958 567 3972 .
590 3957 597 3972 .
617 3917 751 3991 perditor]
773 3917 919 3987 loliorum,

127 4016 266 4075 rmeulum
279 4026 369 4080 terrac,
385 4015 444 4069 lons
458 4029 600 4083 aquarum.

165 4106 199 4162 P.
212 4107 282 4177 Quid
291 4114 333 4162 est
345 4107 390 4160 nix
401 4106 413 4159 ‘l
426 4135 462 4145 -
473 4106 505 4159 A.
520 4103 597 4174 Aqua
609 4103 692 4159 sicca.

166 4197 199 4254 P.
212 4198 283 4267 Quid
295 4205 337 4253 est
351 4197 457 4252 hiems?
469 4226 504 4237 -
520 4194 553 4248 A.
565 4192 682 4249 AEstatis
692 4193 779 4247 exsul.

166 4292 199 4347 P.
218 4291 287 4360 Quid
300 4298 343 4347 cst
356 4289 425 4344 rect
438 4318 473 4328 —
487 4288 519 4341 A.
533 4287 625 4342 Pictor
636 4295 727 4341 terrac.

167 4380 201 4438 P.
212 4380 283 4450 Quid
296 4386 339 4436 est
351 4386 432 4434 aestas
442 4377 455 4430 l
465 4406 500 4416 -
516 4376 548 4429 A.
561 4374 688 4431 lievestio
700 4381 791 4440 terrae,
808 4375 921 4431 maturia

130 4476 169 4531 tio
182 4473 300 4546 imgum.

167 4564 201 4621 P.
215 4563 286 4632 Quid
299 4571 342 4620 est
354 4570 500 4617 autumnus
513 4560 525 4614 i
538 4591 574 4602 -
584 4561 617 4615 A.
632 4560 767 4617 Horreum
783 4562 862 4617 anni..

167 4654 201 4710 P.
213 4654 283 4723 Quid
295 4662 337 4709 εει
349 4669 437 4708 annus
449 4653 460 4706 ἰ
471 4683 504 4692 -
519 4654 551 4706 A.
564 4652 700 4724 Quadriga
711 4655 813 4710 mundi.

972 3739 1088 3809 Quidam
1101 3740 1210 3811 ignotus
1221 3754 1326 3794 mecum
1342 3740 1402 3795 sine
1419 3739 1509 3810 lingua
1525 3749 1552 3794 ει
1567 3755 1634 3796 uoce
1649 3739 1756 3797 loeutus

972 3842 1024 3899 est,
1050 3832 1097 3902 qui
1113 3844 1251 3901 nunquam
1271 3838 1334 3884 arite
1359 3829 1429 3895 luit,
1455 3845 1505 3886 nee
1527 3839 1621 3902 postea
1641 3833 1693 3888 erit
1710 3848 1717 3898 ;
1733 3840 1763 3887 ct

971 3940 1052 3995 quem
1063 3940 1117 3980 non
1127 3922 1279 3986 audiebam,
1291 3936 1343 3976 nee
1356 3921 1428 3977 nori.

999 4014 1042 4077 .P.
1054 4014 1196 4069 Somnium
1216 4021 1243 4068 te
1256 4010 1350 4083 [torte]
1377 4011 1641 4082 fatigaritmragister
1655 4016 1666 4068 i
1679 4046 1714 4057 -
1726 4015 1767 4069 Aa

972 4105 1072 4170 litium,
1097 4102 1146 4157 flli.
1161 4101 1230 4156 Audi
1249 4108 1276 4156 et
1294 4100 1388 4155 aliud:
1407 4099 1467 4156 tim
1491 4109 1613 4158 mortuns
1627 4118 1760 4177 generare

971 4201 1073 4264 riuum,
1084 4206 1113 4254 et
1126 4212 1192 4253 aura
1204 4195 1258 4250 rivi
1273 4195 1425 4266 consumpti
1438 4203 1501 4251 sunt
1510 4196 1619 4253 mortui.

1009 4288 1042 4343 P.
1061 4289 1100 4344 lle
1111 4286 1254 4342 fricatione
1274 4286 1402 4340 arborum
1411 4285 1482 4355 iguis
1494 4294 1577 4342 natus
1589 4295 1631 4343 est
1644 4328 1653 4353 ,
1665 4302 1763 4345 cousu-

973 4400 1049 4441 mens
1065 4379 1210 4455 [arboresl.
1225 4410 1262 4422 —
1275 4378 1308 4433 A.
1332 4378 1502 4434 Verumest.
1521 4377 1618 4436 Audiri
1639 4388 1761 4438 mortuos

973 4475 1058 4531 multa
1071 4475 1223 4546 loquentes.

1010 4567 1045 4623 P.
1061 4563 1297 4636 Nunquam-bene,
1317 4560 1369 4616 nisi
1381 4559 1580 4630 suspendantur
1601 4560 1629 4616 in
1642 4574 1716 4616 aere.
1726 4590 1764 4605 -

977 4656 1005 4714 t.
1017 4654 1097 4711 llere.
1110 4652 1171 4711 Vidi
1188 4651 1278 4722 ignem
1300 4649 1493 4704 inexstinctum
1512 4650 1762 4722 pausare-inagna.

166 4746 200 4802 P.
219 4747 286 4816 Quis
297 4747 372 4802 ducit
386 4744 488 4819 [samii
501 4777 537 4786 -
551 4746 583 4801 A.
599 4745 658 4802 Nox
674 4756 701 4801 ει
713 4746 782 4814 dies,
797 4745 882 4817 frigus
896 4757 929 4803 ct
1009 4744 1042 4800 P.
1062 4743 1172 4800 silicem
1191 4740 1232 4814 [in
1251 4755 1321 4810 agua
1341 4739 1495 4810 signidcare
1513 4742 1565 4808 ris,
1581 4743 1665 4818 reor].
1680 4743 1760 4799 -A'.

130 4841 287 4999 calffQub
303 4937 346 4985 est
360 4931 453 5000 auriga
470 4929 596 4998 ejust—
609 4930 642 4983 A.
658 4928 704 4985 Sol
719 4937 748 4984 ει
756 4928 828 4984 luna.

169 5023 203 5080 P.
217 5023 289 5091 Quot
303 5021 494 5092 babetpalatia
506 5021 518 5076 l
531 5051 566 5061 -
578 5021 610 5074 A.
622 5018 779 5076 lluodecim.

168 5113 203 5170 P.
221 5114 272 5181 Qui
286 5123 349 5171 sunt
371 5122 501 5184 praetores
523 5112 686 5184 palatiorum
699 5112 711 5166 l
726 5141 763 5153 -
775 5111 808 5168 A.
828 5112 922 5180 Aries,

132 5207 252 5272 Taurus,
269 5205 387 5271 Gemini,
401 5204 515 5271 Cancer,
536 5203 602 5270 Leo,
620 5204 713 5277 Virgo,
731 5204 823 5269 bibra,
844 5205 922 5262 Scor·

132 5299 219 5371 pius,
242 5297 403 5353 Arcitenens
432 5296 508 5369 [ιιι.
524 5296 711 5371 Sagittarius],
729 5296 923 5369 Capricornus,

131 5390 282 5465 Aquarius,
297 5389 400 5444 Pisces.

974 4835 1010 4893 Ut
1024 4835 1106 4900 reris,
1129 4833 1170 4889 sic
1180 4839 1232 4888 εει.
1250 4828 1309 4886 Vidi
1325 4839 1462 4886 mortuum
1473 4833 1611 4889 sedentem
1631 4851 1714 4907 super.
1725 4836 1769 4893 ui·

972 4943 1047 4992 rum,
1060 4924 1123 4981 etin
1138 4924 1195 4979 risu
1205 4921 1435 4978 mortuimortuus
1445 4931 1487 4979 est
1499 4924 1577 4981 uirus
1588 4922 1668 4998 [ds.
1679 4925 1764 4983 morl·

975 5025 1019 5074 tur
1029 5013 1129 5087 rivus].

1011 5105 1114 5161 P.lloe
1137 5105 1195 5160 cnei
1222 5103 1298 5177 [ire.
1327 5101 1418 5177 coqui]
1443 5106 1532 5161 nostri
1560 5108 1760 5164 uomet-A.

976 5195 1108 5271 [norunt].
1127 5194 1181 5251 Sed
1191 5209 1260 5267 pone
1273 5194 1390 5266 digitum
1401 5209 1483 5266 super
1498 5211 1539 5263 os,
1564 5211 1600 5253 ne
1619 5199 1696 5271 pueri
1710 5200 1763 5256 boo

977 5292 1095 5354 audiant,
1108 5286 1173 5361 qrrid
1185 5287 1229 5343 sit.
1244 5286 1295 5341 Fui
1312 5288 1340 5342 ia
1356 5289 1499 5344 uenatione
1510 5304 1571 5345 cum
1584 5289 1655 5358 aliis,
1669 5294 1697 5349 in
1709 5306 1764 5364 qua

976 5383 1000 5437 ai
1013 5380 1077 5452 quid
1087 5379 1219 5450 cepimus,
1236 5376 1303 5433 nibil
1318 5377 1460 5434 nobiseum
1476 5381 1644 5451 portavimus
1659 5399 1667 5450 ;
1680 5398 1761 5456 quem

169 5478 205 5534 P.
220 5478 292 5547 Quot
307 5479 367 5535 dies
389 5477 583 5555 habitat[llr.,
597 5479 735 5552 habitant]
756 5481 785 5536 iu
804 5494 928 5550 unoquo·
977 5487 1031 5528 ¹¹⁰n
1054 5469 1192 5542 P⁰²¹¹5¹¹¹l¹⁸
1208 5481 1321 5540 “Pelea
1346 5467 1456 5526 d⁰¹¹¹¹⁸¹²¹
1479 5471 1651 5542 Wiilimlli
1673 5474 1764 5531 midi·

133 5570 357 5647 quepalatinl-
368 5570 400 5623 A.
416 5568 462 5626 Sol
473 5585 527 5625 mx
542 5569 648 5642 [disset
660 5569 752 5626 decem
765 5568 860 5643 semis]
873 5570 922 5628 bo·

170 5698 185 5729 ·
196 5684 257 5742 tit.
273 5685 352 5758 epist.
365 5683 470 5742 Alouiui
483 5683 528 5743 83.

976 5578 1047 5620 cttm.
