3764 6120
186 351 240 408 bi?

609 343 638 398 D.
657 342 688 399 li.
706 341 818 399 metat
838 341 902 400 SEU
922 340 1059 399 llclllttt
1076 341 1217 400 orbabat
1237 340 1327 397 PARS
1346 338 1390 394 tt.

1756 340 1809 398 480

187 469 262 522 tiam.
273 463 407 521 illuminet
418 475 461 517 rue
485 459 602 530 Spiritus
612 466 733 522 sanetus,
745 456 882 528 indulgeat
903 456 969 511 milri
984 455 1147 527 Armeniam
1166 456 1256 511 suavis
1279 462 1321 510 est
1344 453 1527 508 misericordia
1551 462 1606 507 tua.
1629 451 1728 510 Libera
1753 473 1809 521 nte,

173 559 317 628 ,Dominus
328 556 418 614 omnia
429 563 539 626 peccata
549 567 609 608 mea
623 551 668 607 hie
681 559 708 605 et
722 551 749 605 in
760 547 860 604 tuturo.
875 547 969 603 lmen.

548 661 615 726 vlt.

217 793 257 852 ln
271 788 494 852 tentationibus
509 784 738 846 immundorum
755 780 937 858 rptrtraam.

223 913 383 969 Consolatur
394 924 443 964 nos
453 909 480 962 in
494 904 687 961 tentationibus
701 901 872 957 demoniacis
894 915 973 972 egre-

189 1004 249 1075 gius
263 1001 432 1072 praedicator,
458 996 570 1052 dicens:
594 990 694 1047 Feretri
716 1001 802 1045 nartem
822 990 903 1055 Deire,
929 992 974 1062 qai

170 1101 172 1106 ’
189 1111 241 1150 aon
259 1093 371 1164 patietur
385 1106 427 1144 ror
441 1085 537 1142 tentari
547 1099 626 1154 repra
638 1099 718 1154 qaam
731 1081 856 1153 courtier
879 1081 925 1134 red
933 1081 975 1150 [a-

189 1185 238 1237 eiet
255 1197 313 1234 cam
332 1179 472 1233 tentatione
488 1177 566 1230 etiam
579 1173 695 1237 exitam,
712 1180 740 1224 ιιι
762 1171 867 1241 possitis
894 1171 974 1225 rasti-

190 1271 283 1344 nere(l
295 1268 357 1326 Cor.
375 1285 403 1335 x,
419 1267 482 1340 la),
499 1265 630 1333 Quocirca
643 1263 781 1320 sciendum
799 1271 849 1326 est,
862 1261 976 1334 quiajo-

189 1363 253 1420 aicit
261 1361 492 1418 occultimensura
501 1357 700 1427 est,etquando
708 1354 865 1411 tentationis
874 1356 977 1426 proeel-

190 1453 216 1507 la
223 1451 358 1522 prosiliat,
369 1458 398 1504 et
420 1448 528 1518 quando
541 1445 726 1515 conquiescat.
739 1445 820 1500 Certe
829 1445 976 1516 Evangelio

190 1545 334 1592 attestante
347 1535 519 1598 describitur,
533 1534 604 1602 qnod
612 1548 663 1587 nee
672 1547 782 1587 manere
810 1532 836 1586 ln
863 1533 976 1590 obsesso

190 1631 300 1687 bairaine
317 1627 417 1698 potuit,
428 1641 479 1681 nee
489 1641 583 1680 rursus
597 1624 725 1679 inuadere
746 1624 824 1678 bruta
848 1623 975 1678 animalia

189 1722 242 1777 nisi
255 1718 348 1788 jussus
361 1717 540 1790 praesumpsit,
551 1717 663 1771 dicens:
680 1715 710 1770 st
728 1715 802 1785 ejicis
826 1730 884 1782 rrcr,
903 1715 976 1768 mitte

191 1814 385 1883 rroriagreoenr
398 1824 537 1881 percaram
559 1808 666 1880 (llattlr.
689 1824 749 1871 rrrr,
774 1808 830 1879 31).
861 1804 1013 1873 QuandoB

190 1902 378 1972 ergoistesna
395 1908 491 1970 sponte
503 1913 600 1954 necere
613 1896 692 1953 saetis
707 1896 740 1951 ad
764 1896 812 1950 Dei
830 1896 974 1966 imaginem

191 1995 344 2050 haminibus
353 1994 474 2056 auderet,
490 1992 532 2047 eui
547 1992 570 2047 si
589 1998 709 2062 potestas
722 2003 826 2044 samma
838 1987 975 2043 licentiam

191 2101 245 2143 noa
272 2087 413 2157 praeberet,
427 2085 546 2158 grassari
558 2098 608 2138 nee
622 2084 648 2137 in
663 2097 760 2152 porcos
769 2080 888 2136 ualeret?
898 2078 976 2135 Nullo

143 2181 148 2191 '
191 2195 257 2251 crgo
272 2180 352 2234 modo
375 2177 563 2248 ambigendum
591 2183 644 2239 est,
668 2173 800 2244 permissu
827 2170 975 2240 aequissimi

188 2269 297 2340 palleis,
309 2267 336 2322 in
350 2268 449 2323 eleetos
459 2266 492 2321 ad
510 2274 616 2336 tempus
628 2262 764 2319 diabolum
785 2260 906 2316 tentandi
931 2274 977 2315 ae·

191 2363 282 2431 cipere
295 2366 476 2430 potestatem:
493 2358 539 2413 sed
553 2357 766 2412 misericorditer
784 2355 865 2424 judex
881 2368 977 2409 eonce-

192 2449 242 2512 dit,
258 2449 329 2518 quod
343 2447 487 2504 crudeliter
500 2446 674 2516 bostiscapit.
692 2444 896 2512 llineest,quod
905 2441 976 2497 fideli

179 2523 292 2591 ¹l'aruulc
304 2537 440 2611 decadem
451 2537 580 2591 Dominus
592 2536 658 2590 dicit
671 2552 678 2588 :
692 2533 753 2588 Non
763 2535 839 2604 quari
862 2532 976 2587 erudelis

191 2627 389 2682 suscitaboeaar
406 2627 477 2698 (iob.
496 2643 552 2692 rat,
576 2627 610 2697 l).
643 2626 710 2681 llinc
735 2625 841 2681 ddcleru
859 2626 977 2679 animam

192 2719 531 2790 tentationibuslatigataru
551 2719 656 2774 blandis
677 2719 907 2775 consolationibus
934 2736 977 2775 re-

192 2807 272 2870 feret,
287 2807 380 2863 dicens
394 2826 400 2860 :
415 2807 488 2863 Dixit
503 2808 631 2863 Dominus
651 2808 722 2862 Deae
745 2818 805 2862 taras
825 2808 889 2862 :Ad
911 2827 977 2880 pan-

191 2908 262 2953 ettrm
272 2898 300 2952 in
314 2898 415 2953 modico
428 2897 552 2970 dereliqui
566 2910 600 2964 te,
612 2909 635 2953 et
652 2902 679 2954 ia
693 2901 905 2955 miserationibus
922 2919 977 2956 nra-

191 2989 248 3059 gair
263 2988 422 3060 eonpreqaio
434 2998 468 3044 te.
480 2991 546 3045 ltem
561 2991 615 3045 ibi:
631 2992 760 3046 discendi
775 2992 870 3062 [rreiem
893 3009 975 3046 meam

191 3089 442 3151 prorumpentem
473 3081 501 3134 r'n
515 3082 697 3136 arrisera'cordr'a
711 3083 869 3154 rerrrpr'terrra
884 3084 977 3136 miser-

192 3177 234 3222 trrr
247 3170 353 3222 temtari
369 3169 445 3243 (irai.
466 3186 521 3234 ιιι,
535 3171 561 3235 7,
575 3170 613 3238 8).
630 3169 697 3225 Cum
712 3186 776 3242 ergo
794 3172 820 3226 irr
836 3172 978 3226 tentatoris
992 3161 1014 3223 C

191 3260 357 3316 voluntatem
368 3261 402 3316 ad
414 3270 517 3332 tempas
530 3263 685 3328 incidimus,
699 3264 857 3333 priusquam
879 3262 905 3315 in
932 3263 978 3316 de-

191 3349 343 3404 lectationis
356 3357 403 3404 aut
416 3353 489 3421 prari
502 3368 652 3408 consensus
673 3353 726 3424 31
751 3353 876 3408 labantur
899 3369 978 3407 rora·

192 3438 455 3507 gluem;elamemus
479 3439 642 3507 medulliter,
671 3442 818 3497 clamemus
845 3443 977 3507 ralcnter,

192 3528 243 3584 laos
252 3529 420 3585 decantando
429 3529 569 3599 psalmos:
592 3531 673 3597 Dee'r,
693 3531 765 3587 Deae
787 3550 868 3595 aneas,
882 3534 978 3602 respice

192 3621 222 3674 ia
236 3637 294 3686 me,
308 3621 398 3686 Dares,
414 3621 424 3674 i
429 3639 445 3675 rr
462 3623 565 3676 nornine
577 3632 639 3688 trro,·
650 3622 842 3690 llirereremei,
855 3624 976 3688 Domine,

192 3713 317 3782 qtrorriam
333 3713 561 3780 conculcaverant·
575 3716 645 3770 Derrs
657 3718 684 3770 irr
695 3716 856 3786 adjutoriam
872 3733 977 3778 meum:

193 3801 304 3858 Domine
317 3804 389 3860 Detrr
401 3805 494 3860 salutis
510 3824 591 3872 aare·
618 3808 698 3878 Eripe
716 3824 773 3873 me,
797 3807 926 3871 Dorrrr'rre,
946 3807 977 3859 ab

194 3894 296 3950 domine
310 3896 391 3952 atala.

312 4003 374 4060 Post
395 4008 547 4064 Orationem
560 4011 726 4065 Domirricarrt
747 4027 855 4065 uersor:

228 4118 341 4185 Exaudi,
359 4120 439 4189 Deus,
462 4124 612 4180 orationem
627 4141 724 4191 meam,
740 4141 800 4181 euru
820 4128 978 4193 tribulor,a

194 4211 290 4268 timore
316 4213 417 4270 inimici
437 4217 511 4287 eripe
531 4218 647 4271 animam
662 4234 759 4273 aream.
781 4220 979 4274 Trilrulaticnes

1022 561 1149 618 quomam
1168 561 1270 618 egenus
1294 561 1365 611 sum,
1388 554 1414 600 et
1439 561 1540 616 pauper
1561 562 1621 601 snm
1646 562 1706 624 ego,
1720 556 1747 602 et
1763 565 1811 604 eor

1023 651 1112 691 meum
1131 636 1374 692 conturbatumest
1396 636 1423 690 in
1439 651 1491 690 me.
1508 634 1547 690 Ne
1558 635 1704 692 tradideris
1723 654 1766 693 me
1783 641 1809 694 in

1023 725 1127 779 animas
1146 724 1364 795 persequentium
1392 739 1445 789 me,
1461 725 1586 794 qnoniam
1604 725 1811 786 insurrexerant

1023 816 1050 869 in
1066 829 1110 870 me
1130 823 1212 869 testes
1226 814 1321 884 iniqui.
1341 814 1469 885 Disperge
1487 814 1547 869 illos
1561 814 1588 869 ia
1604 816 1705 871 virtute
1716 827 1773 885 tua,
1786 830 1813 875 et

1023 906 1134 960 destrue
1156 921 1203 960 eos
1216 913 1355 976 protector
1368 920 1452 967 naeus,
1470 905 1591 960 Domine.
1608 905 1724 974 ddjntor
1737 926 1813 968 meus

1023 1004 1050 1051 et
1073 995 1201 1051 liberator
1221 1012 1297 1052 naeus
1315 1004 1384 1059 esto,
1398 995 1520 1059 Domine,
1535 1011 1570 1052 ue
1585 997 1745 1054 tardaveris
1760 1001 1813 1057 Sed

1024 1095 1052 1140 et
1064 1086 1153 1157 lingtra
1166 1102 1226 1142 mea
1241 1087 1415 1142 meditabitur
1420 1085 1554 1156 justitiam
1566 1094 1651 1154 tuam,
1668 1090 1732 1146 dnm
1750 1108 1814 1149 eon·

1025 1176 1112 1231 tusiet
1127 1177 1234 1231 reveriti
1258 1176 1366 1240 luerint,
1382 1177 1428 1247 qui
1448 1185 1571 1248 quaerunt
1587 1179 1657 1234 mala
1676 1181 1753 1237 milri.
1773 1184 1819 1263 stt,

1025 1283 1123 1322 nomen
1136 1267 1241 1322 Domini
1256 1269 1437 1333 benedictum,
1454 1284 1488 1324 er
1503 1269 1555 1325 hoe
1566 1280 1674 1327 nuncet
1688 1289 1775 1344 usque
1786 1277 1818 1360 iq

1025 1359 1162 1414 scenam.
1177 1359 1288 1415 Domine
1312 1361 1382 1417 Deus
1408 1361 1549 1427 virtutum,
1567 1374 1696 1422 converte
1712 1383 1773 1433 nos,
1787 1379 1818 1446 et,

1024 1449 1136 1505 ostende
1150 1447 1245 1504 tactem
1259 1459 1343 1516 tuam,
1366 1460 1394 1508 et
1404 1451 1470 1507 salvi
1493 1453 1603 1509 erimus.
1618 1455 1750 1530 Exsurge,
1764 1454 1815 1514 Do

1026 1536 1107 1601 minc,
1134 1538 1230 1607 adirrra
1256 1554 1315 1603 nos,
1339 1548 1368 1594 et
1395 1539 1479 1595 libera
1504 1557 1553 1596 nos
1578 1552 1690 1614 propter
1717 1563 1815 1603 uorrrerr

1027 1637 1112 1683 tuum.
1811 1623 1817 1634 ⁴

1367 1720 1470 1775 Oratio.

1062 1858 1164 1913 Praesta
1179 1858 1254 1922 milli,
1270 1858 1391 1923 Domine,
1405 1860 1555 1930 profectum
1578 1864 1715 1932 querendi
1729 1863 1815 1934 legent

1027 1960 1112 2012 tuam,
1130 1958 1158 2006 et
1171 1960 1345 2021 peceatorum
1364 1953 1485 2007 omnium
1503 1954 1704 2019 remissionem,
1727 1963 1757 2009 ut
1769 1959 1817 2026 qai

1027 2042 1162 2096 desiderio
1189 2057 1286 2112 ruagno
1313 2043 1346 2097 atl
1360 2043 1449 2099 lunren
1477 2045 1681 2116 seripturarum
1709 2055 1818 2102 trramm

1027 2133 1168 2202 persentire
1191 2133 1280 2203 capio,
1303 2132 1384 2188 mallis
1413 2144 1584 2204 pcccatorum
1611 2137 1818 2209 caligationibus

1027 2224 1098 2279 oculi
1118 2225 1171 2279 roei
1195 2226 1384 2281 obscurentur.
1404 2227 1518 2283 Attralre
1541 2231 1640 2285 moad
1667 2238 1694 2285 te
1719 2231 1820 2288 aarum

1028 2319 1309 2387 omnipotentiorem.
1331 2319 1389 2373 Nou
1409 2336 1452 2375 me
1473 2321 1644 2392 derelinquas
1658 2323 1686 2378 iu
1708 2326 1819 2394 propria

1027 2408 1165 2464 volrratate
1178 2411 1282 2480 vagari,
1296 2426 1377 2480 qrrem
1388 2413 1507 2480 pretioso
1523 2415 1653 2484 sanguine
1668 2415 1818 2471 redemisti.

1027 2496 1173 2568 lmaginem
1190 2505 1263 2553 tuam
1276 2500 1302 2554 in
1320 2516 1363 2556 me
1384 2516 1436 2556 non
1452 2503 1526 2558 sinas
1539 2504 1694 2571 obscurari;
1721 2521 1783 2575 que
1795 2510 1820 2578 si

1028 2592 1054 2640 te
1067 2595 1212 2656 praestante
1226 2588 1396 2654 defendatur,
1425 2607 1531 2662 semper
1552 2593 1660 2665 egregia
1684 2604 1737 2651 est.
1760 2596 1820 2652 Non

1027 2679 1134 2736 diabolo
1143 2681 1224 2738 liceat
1234 2692 1279 2737 tua
1292 2684 1360 2738 dona
1371 2684 1538 2752 subvertere,
1551 2686 1615 2757 quia
1626 2694 1715 2742 totum
1723 2686 1821 2760 tragile

1027 2778 1077 2836 est,
1090 2772 1220 2841 quidquid
1236 2772 1282 2827 tibi
1298 2775 1393 2829 nititur
1411 2776 1531 2831 obviare.
1547 2775 1618 2831 andr
1632 2792 1688 2842 me,
1699 2777 1744 2847 pie
1760 2790 1819 2835 rex.

1027 2863 1189 2920 clanraatem
1212 2882 1261 2935 pro
1284 2869 1401 2936 peccatis
1425 2869 1499 2931 meis,
1526 2878 1555 2923 ct
1576 2868 1653 2938 prius
1674 2868 1721 2922 illa
1747 2883 1821 2923 arae

1028 2969 1147 3020 remora,
1171 2970 1255 3023 quam
1269 2972 1317 3025 pro
1327 2958 1429 3012 eisdem
1440 2958 1468 3012 in
1479 2967 1523 3012 tua
1542 2958 1746 3014 examinatione
1755 2973 1820 3014 eon-

1027 3047 1147 3101 tleruner.
1173 3046 1242 3114 Quia
1257 3050 1322 3103 mibi
1345 3065 1404 3104 ntea
1427 3050 1569 3104 insidiatur
1586 3051 1737 3120 iniquitas?
1750 3049 1821 3118 outa

1030 3146 1123 3194 eontra
1136 3154 1179 3194 me
1199 3140 1297 3195 delleta
1316 3157 1375 3196 mea
1386 3142 1534 3214 conligant
1548 3143 1732 3200 lCreaturam
1745 3153 1821 3200 tuan

1028 3236 1150 3282 evertere
1171 3228 1292 3297 cupiant,
1317 3246 1377 3299 quae
1401 3231 1474 3287 nrrlla
1504 3233 1662 3289 substantiae
1688 3233 1822 3290 firmitate

1029 3320 1188 3375 subsistunt.
1200 3320 1277 3376 Dicat
1291 3331 1364 3377 certe
1384 3321 1517 3388 diobolae,
1529 3340 1578 3379 cur
1591 3340 1634 3379 rae
1648 3325 1820 3380 insaturabili

1029 3409 1121 3464 dolore
1145 3411 1333 3479 prosequitur?
1358 3412 1484 3483 Numquid
1506 3430 1555 3485 ego
1567 3415 1604 3470 itti
1622 3415 1697 3480 deal,
1711 3423 1742 3471 ut
1760 3415 1820 3480 tibi,

1029 3499 1152 3565 Domine,
1166 3501 1298 3570 superbus
1317 3502 1456 3568 existeret,
1474 3513 1501 3558 et
1515 3505 1547 3560 de
1560 3504 1728 3562 beatitudine
1739 3506 1823 3562 eollo-

1029 3602 1088 3646 cata
1098 3594 1219 3659 caderet,
1234 3609 1296 3649 eum
1308 3604 1389 3650 tantae
1402 3597 1511 3651 virtutis
1523 3597 1637 3667 insignia
1652 3598 1823 3666 possideret?

1030 3681 1149 3738 Sullreiat
1171 3684 1217 3749 illi,
1235 3686 1306 3755 quod
1320 3701 1363 3742 me
1378 3686 1404 3741 in
1422 3688 1506 3742 Adam
1523 3688 1662 3758 perdidit:
1681 3704 1768 3759 quare
1779 3704 1822 3743 me

1029 3777 1193 3845 quotidianis
1212 3778 1414 3848 deceptionibus
1440 3782 1537 3850 irnpius
1549 3783 1732 3838 calumniator
1751 3784 1820 3838 inse·

1029 3869 1135 3937 quitum
1148 3877 1175 3924 et
1186 3869 1257 3925 sicut
1267 3870 1336 3927 illea
1349 3873 1435 3941 gratia
1449 3879 1494 3927 tua
1512 3888 1560 3942 per
1569 3874 1675 3943 cnlpam
1686 3891 1765 3931 suam
1777 3892 1822 3930 ee·

1029 3958 1105 4023 cidit,
1133 3976 1176 4015 me
1189 3977 1306 4030 quoque,
1323 3971 1351 4016 ut
1374 3963 1408 4016 ab
1427 3965 1522 4030 eadem
1546 3973 1663 4035 separet,
1683 3967 1823 4037 exquirit?

1029 4045 1152 4103 Concede
1173 4048 1250 4114 milri,
1272 4048 1393 4114 Domine,
1407 4062 1502 4106 eontra
1530 4053 1635 4108 bostem
1659 4056 1819 4110 erudelissi-

1029 4123 1115 4203 mum,
1138 4136 1211 4206 pium
1226 4145 1279 4193 tute
1297 4138 1461 4194 detensionis
1481 4142 1626 4207 atrxiliunr;
1648 4151 1679 4196 ut
1693 4143 1764 4199 sieut
1778 4143 1824 4197 ille

1029 4227 1203 4301 fragilitatem
1225 4247 1311 4286 meatu
1337 4247 1390 4287 non
1405 4233 1504 4289 desinit
1527 4235 1695 4305 impugnare,
1716 4236 1755 4290 ita
1770 4236 1823 4290 tnis

193 4304 283 4359 cordis
293 4304 345 4359 mei
359 4304 478 4360 dilatare
488 4316 559 4372 sunt,
571 4308 604 4361 de
615 4309 819 4363 necessitatibus
830 4310 897 4363 aneis
907 4310 979 4378 eripe
1029 4331 1142 4394 cogam,
1158 4324 1260 4380 ,tisibus
1273 4323 1401 4381 confusus
1414 4329 1569 4383 ,bscegem
1590 4328 1647 4383 No„
1663 4331 1820 4399 permina„

177 4409 247 4470 me.
263 4392 384 4449 Statuisti
402 4396 430 4450 in
443 4395 502 4455 loco
515 4397 633 4465 spatioso
646 4397 728 4466 pedes
748 4414 831 4463 rrreos,
850 4399 980 4454 adserere
1029 4411 1099 4467 bone
1112 4429 1169 4478 reg,
1183 4413 1209 4467 ῑῃ
1224 4430 1267 4469 mc
1278 4417 1455 4472 saevissimum
1469 4418 1572 4473 bostem
1596 4434 1644 4473 sug
1663 4430 1728 4475 popa
1747 4436 1822 4476 com.

194 4484 256 4546 'fflv
290 4485 412 4552 Domine,
439 4487 566 4556 (limiam
596 4486 719 4541 ‘ilbfllffli
745 4489 877 4558 E¹⁸¹¹lll⁰=
895 4506 979 4559 quare
993 4500 1113 4578 oplere,
1128 4503 1174 4572 qui
1187 4512 1213 4557 te
1226 4504 1344 4572 graviter
1355 4504 1437 4576 elegit
1448 4506 1593 4561 offendere.
1609 4507 1680 4575 Quid
1692 4523 1737 4563 mc
1749 4508 1823 4563 sient

193 4573 340 4640 obdormis
352 4576 480 4632 Domine?
493 4576 623 4647 Exstrrge,
638 4586 666 4632 ct
678 4592 712 4632 ne
726 4578 839 4648 repellas
852 4594 937 4647 usque
952 4581 979 4634 in

194 4661 285 4718 daem.
305 4663 343 4720 lte
359 4668 447 4723 tradas
460 4684 503 4724 me
516 4683 531 4723 a
546 4669 680 4723 desiderio
691 4684 752 4724 areo
771 4669 918 4740 peccatori,
932 4685 979 4724 co·

193 4754 347 4824 gitaremrrt
359 4759 499 4815 adversum
513 4775 566 4826 me,
582 4777 616 4816 ne
627 4760 799 4831 derelinquas
813 4777 866 4826 ate,
880 4775 914 4815 ne
927 4778 978 4816 un·

193 4861 275 4916 quam
292 4847 451 4904 exaltemur.
466 4851 597 4922 Exsurge,
624 4852 746 4917 Domine,
761 4868 815 4907 nou
837 4852 979 4922 praevaleat

195 4938 284 5005 bomo,
296 4938 452 5008 judicentur
463 4952 556 5013 gentes
568 4943 597 4998 in
611 4952 754 5014 conspeetu
768 4952 823 4998 tuo.
847 4944 978 5015 Exsurge,

195 5023 307 5084 Domine
319 5030 389 5086 Deus
406 5046 492 5098 meus,
506 5034 639 5088 exaltetur
653 5050 749 5090 tatanus
762 5041 819 5100 toa,
836 5052 869 5090 nc
882 5036 978 5091 oblivi-

193 5119 278 5174 scaris
287 5120 414 5191 pauperis
424 5121 450 5176 in
460 5121 550 5177 daem.
562 5123 601 5176 Τιι
612 5131 712 5189 autern,
725 5124 847 5189 Domine,
861 5127 978 5196 nelongc

194 5209 278 5267 lacius
301 5213 432 5269 auxilium
444 5223 547 5271 tauma
566 5230 618 5279 me,
637 5216 670 5270 ad
691 5216 874 5273 defensionem
891 5233 977 5273 meam

195 5302 294 5370 aspice.
313 5303 413 5360 Emitte
426 5321 535 5361 manum
561 5314 634 5361 tuam
650 5307 683 5362 de
696 5306 761 5373 alto,
786 5309 860 5378 eripe
880 5324 932 5372 are,
951 5319 979 5363 et

195 5387 278 5446 libera
292 5409 335 5448 me
347 5394 380 5449 de
393 5397 470 5466 aquis
483 5396 585 5463 multis,
600 5406 629 5451 et
642 5397 675 5452 de
689 5413 769 5452 artanu
782 5398 898 5453 illiorum
911 5399 976 5454 alie-

195 5496 300 5535 norum.
314 5484 445 5550 Quoniam
460 5487 541 5543 alieni
558 5490 762 5545 insurrexerunt
777 5491 804 5545 in
817 5506 869 5557 rue,
884 5501 912 5547 et
924 5491 978 5546 lor-

194 5578 236 5624 tes
246 5574 408 5638 quaesieram
417 5578 534 5634 animam
547 5595 635 5634 meam
652 5599 658 5632 :
676 5589 702 5634 et
715 5597 768 5634 non
782 5590 979 5650 proposuerunt

192 5658 338 5714 ilorainum
363 5670 425 5718 aute
448 5677 622 5736 conspectum
639 5684 727 5725 suurn.
747 5669 782 5724 Et
801 5679 841 5736 to,
857 5670 977 5734 Domine,

194 5758 237 5807 tac
259 5764 364 5810 raecum
389 5754 601 5812 miscricordiam
633 5767 743 5828 prrqrter
766 5775 862 5816 nomen
892 5767 978 5824 tunm,

1031 4590 1073 4645 leo
1085 4592 1194 4660 ragiens
1207 4593 1312 4654 circuit,
1327 4594 1392 4663 qaid
1406 4611 1449 4650 me
1460 4597 1590 4652 devorare
1600 4598 1756 4652 contendit?
1771 4597 1821 4653 Sc

1031 4682 1085 4738 mel
1105 4684 1142 4738 illl
1162 4685 1190 4738 in
1209 4685 1372 4755 baptismate
1385 4703 1464 4743 sacro
1488 4690 1650 4755 renuntiavi,
1670 4688 1754 4744 serael
1770 4689 1821 4745 tibi

1032 4770 1145 4828 Domino
1159 4773 1271 4830 eredere
1283 4775 1422 4845 protessus
1433 4793 1503 4832 sum.
1517 4777 1610 4833 Talem
1631 4793 1675 4833 mc
1688 4787 1821 4848 perpetua

1031 4862 1188 4918 delensIoue
1212 4865 1330 4921 concede
1356 4865 1469 4930 serrarl,
1494 4867 1600 4936 qualern
1616 4884 1658 4923 mc
1684 4868 1744 4924 steri
1772 4883 1823 4939 per

1031 4969 1129 5024 aquam
1162 4957 1382 5026 regenerationis,
1407 4956 1520 5015 Creator
1550 4959 1690 5024 altissime,
1714 4960 1822 5029 praesti·

1030 5045 1095 5099 tisri.
1110 5047 1143 5100 Et
1155 5048 1218 5115 quia
1241 5055 1303 5103 tuus
1321 5063 1381 5103 esse
1399 5050 1480 5118 eoepi,
1503 5049 1586 5104 alitam
1610 5049 1749 5104 dominum
1774 5067 1822 5106 ne·

1029 5134 1130 5200 seiam;
1156 5144 1187 5191 ut
1213 5138 1275 5205 quia
1306 5147 1352 5192 tua
1375 5139 1461 5208 gloria
1488 5140 1643 5209 redemptus
1667 5155 1738 5204 sum,
1775 5150 1821 5195 tua

1029 5229 1153 5282 mandatu
1170 5237 1195 5283 te
1218 5230 1335 5284 donante
1357 5229 1463 5285 luciam.
1485 5230 1598 5297 Quodsi
1617 5246 1661 5285 me
1677 5230 1820 5301 relinquis,

1028 5317 1118 5370 statim
1133 5317 1176 5373 ille
1192 5320 1381 5387 tergiversator·
1397 5320 1509 5384 intendit,
1521 5321 1567 5390 qui
1582 5320 1735 5376 indefessus
1751 5321 1820 5391 llll„

1030 5404 1190 5479 indefectas]
1206 5416 1288 5476 atqrm
1313 5409 1454 5477 irrrprrdens
1481 5425 1588 5479 serrrper
1613 5410 1727 5472 assistit,
1743 5409 1820 5463 luera

1030 5511 1077 5549 sua
1091 5504 1249 5564 corriputans
1263 5498 1393 5553 butaartas
1407 5500 1509 5554 ruinas.
1529 5500 1580 5566 Qut
1600 5499 1661 5554 ideo
1681 5497 1820 5553 blanditur

1029 5591 1059 5637 ut
1083 5583 1137 5654 32
1151 5584 1276 5656 decipiat,
1303 5587 1362 5643 ideo
1388 5588 1498 5660 instigat
1508 5598 1538 5642 ut
1552 5590 1676 5658 perimat.
1700 5588 1820 5644 llarime

1030 5687 1078 5742 per
1100 5688 1196 5743 corpus
1220 5684 1340 5732 nostrrnn
1357 5678 1461 5734 animas
1475 5687 1580 5734 nostras
1601 5678 1711 5748 decipit,
1730 5665 1819 5734 'etita

1031 5777 1079 5831 per·
1102 5762 1232 5820 desideria
1264 5767 1380 5823 hnmana
1407 5767 1571 5825 diffunditur.
1597 5777 1625 5822 at
1649 5768 1720 5824 rrrrlla
1748 5780 1816 5838 perte
