<?xml version="1.0" encoding="UTF-8"?>
<!DOCTYPE html PUBLIC "-//W3C//DTD XHTML 1.0 Transitional//EN"
    "http://www.w3.org/TR/xhtml1/DTD/xhtml1-transitional.dtd">
<html xmlns="http://www.w3.org/1999/xhtml" xml:lang="en" lang="en">
 <head>
  <title>
</title>
<meta http-equiv="Content-Type" content="text/html;charset=utf-8" />
  <meta name='ocr-system' content='tesseract 3.04.00' />
  <meta name='ocr-capabilities' content='ocr_page ocr_carea ocr_par ocr_line ocrx_word'/>
</head>
<body>
  <div class='ocr_page' id='page_1' title='image "./patrologiaecurs25goog/patrologiaecurs25goog_0184.png"; bbox 0 0 3780 6120; ppageno 0'>
   <div class='ocr_carea' id='block_1_1' title="bbox 126 244 1751 307">
    <p class='ocr_par' dir='ltr' id='par_1_1' title="bbox 126 244 1751 307">
     <span class='ocr_line' id='line_1_1' title="bbox 126 244 1751 307; baseline 0.001 -3"><span class='ocrx_word' id='word_1_1' title='bbox 126 244 184 305; x_wconf 75' lang='lat'>557</span> <span class='ocrx_word' id='word_1_2' title='bbox 452 246 636 303; x_wconf 67' lang='lat' dir='ltr'>battt&#39;bnhu</span> <span class='ocrx_word' id='word_1_3' title='bbox 657 247 810 303; x_wconf 70' lang='lat' dir='ltr'>bissena.</span> <span class='ocrx_word' id='word_1_4' title='bbox 830 248 873 303; x_wconf 79' lang='lat' dir='ltr'>ab</span> <span class='ocrx_word' id='word_1_5' title='bbox 892 246 1030 303; x_wconf 79' lang='lat' dir='ltr'>llAEllESl</span> <span class='ocrx_word' id='word_1_6' title='bbox 1050 244 1206 301; x_wconf 78' lang='lat' dir='ltr'>Etteah&#39;bt</span> <span class='ocrx_word' id='word_1_7' title='bbox 1225 246 1269 302; x_wconf 79' lang='grc' dir='ltr'>ΕΤ</span> <span class='ocrx_word' id='word_1_8' title='bbox 1288 248 1426 305; x_wconf 76' lang='lat' dir='ltr'>talleis.</span> <span class='ocrx_word' id='word_1_9' title='bbox 1698 249 1751 307; x_wconf 75' lang='lat'>358</span> 
     </span>
    </p>
   </div>
   <div class='ocr_carea' id='block_1_2' title="bbox 103 357 1756 4685">
    <p class='ocr_par' dir='ltr' id='par_1_2' title="bbox 103 357 1756 4685">
     <span class='ocr_line' id='line_1_2' title="bbox 126 357 1749 432; baseline -0.001 -13"><span class='ocrx_word' id='word_1_10' title='bbox 126 364 138 419; x_wconf 93' lang='lat' dir='ltr'>i</span> <span class='ocrx_word' id='word_1_11' title='bbox 200 361 381 431; x_wconf 75' lang='lat' dir='ltr'>praecesserit.</span> <span class='ocrx_word' id='word_1_12' title='bbox 402 358 453 415; x_wconf 86' lang='lat' dir='ltr'>‹ln</span> <span class='ocrx_word' id='word_1_13' title='bbox 475 376 528 429; x_wconf 91' lang='lat' dir='ltr'>qno</span> <span class='ocrx_word' id='word_1_14' title='bbox 553 359 671 432; x_wconf 88' lang='lat' dir='ltr'>(rursum</span> <span class='ocrx_word' id='word_1_15' title='bbox 696 360 783 429; x_wconf 92' lang='lat' dir='ltr'>inquit</span> <span class='ocrx_word' id='word_1_16' title='bbox 806 368 915 414; x_wconf 89' lang='lat' dir='ltr'>sauctus</span> <span class='ocrx_word' id='word_1_17' title='bbox 929 365 951 421; x_wconf 75' lang='grc' dir='ltr'>Α</span> <span class='ocrx_word' id='word_1_18' title='bbox 965 357 1124 424; x_wconf 89' lang='lat' dir='ltr'>dubensem,</span> <span class='ocrx_word' id='word_1_19' title='bbox 1140 374 1200 428; x_wconf 80' lang='lat' dir='ltr'>qua.</span> <span class='ocrx_word' id='word_1_20' title='bbox 1215 359 1329 413; x_wconf 90' lang='lat' dir='ltr'>habetur</span> <span class='ocrx_word' id='word_1_21' title='bbox 1344 368 1408 413; x_wconf 90' lang='lat' dir='ltr'>tom.</span> <span class='ocrx_word' id='word_1_22' title='bbox 1427 359 1461 413; x_wconf 84' lang='lat' dir='ltr'>lil</span> <span class='ocrx_word' id='word_1_23' title='bbox 1485 358 1618 431; x_wconf 80' lang='lat' dir='ltr'>llispaniae</span> <span class='ocrx_word' id='word_1_24' title='bbox 1638 357 1749 427; x_wconf 80' lang='lat' dir='ltr'>Saorae;</span> 
     </span>
     <span class='ocr_line' id='line_1_3' title="bbox 126 378 1752 502; baseline 0.001 -17"><span class='ocrx_word' id='word_1_25' title='bbox 126 378 186 491; x_wconf 52' lang='grc' dir='ltr'>ιρὲ</span> <span class='ocrx_word' id='word_1_26' title='bbox 229 430 393 486; x_wconf 73' lang='lat' dir='ltr'>halanorum</span> <span class='ocrx_word' id='word_1_27' title='bbox 422 429 605 502; x_wconf 76' lang='lat' dir='ltr'>suffragantur</span> <span class='ocrx_word' id='word_1_28' title='bbox 626 431 712 483; x_wconf 88' lang='lat' dir='ltr'>errori</span> <span class='ocrx_word' id='word_1_29' title='bbox 745 430 913 485; x_wconf 76' lang='lat' dir='ltr'><strong>dicentium:</strong></span> <span class='ocrx_word' id='word_1_30' title='bbox 965 437 1059 497; x_wconf 90' lang='lat' dir='ltr'>estque</span> <span class='ocrx_word' id='word_1_31' title='bbox 1071 445 1144 483; x_wconf 87' lang='lat' dir='ltr'>nrrrn.</span> <span class='ocrx_word' id='word_1_32' title='bbox 1158 429 1192 483; x_wconf 68' lang='lat' dir='ltr'>li</span> <span class='ocrx_word' id='word_1_33' title='bbox 1204 444 1266 499; x_wconf 78' lang='lat' dir='ltr'>pag.</span> <span class='ocrx_word' id='word_1_34' title='bbox 1282 428 1342 493; x_wconf 74' lang='lat' dir='ltr'>toa,</span> <span class='ocrx_word' id='word_1_35' title='bbox 1354 430 1399 483; x_wconf 92' lang='lat' dir='ltr'>ubi</span> <span class='ocrx_word' id='word_1_36' title='bbox 1414 429 1510 485; x_wconf 88' lang='lat' dir='ltr'>Saulus</span> <span class='ocrx_word' id='word_1_37' title='bbox 1522 440 1631 500; x_wconf 77' lang='lat' dir='ltr'>tangere</span> <span class='ocrx_word' id='word_1_38' title='bbox 1645 432 1752 487; x_wconf 88' lang='lat' dir='ltr'>ridetur</span> 
     </span>
     <span class='ocr_line' id='line_1_4' title="bbox 148 498 1751 570; baseline -0.001 -13"><span class='ocrx_word' id='word_1_39' title='bbox 148 520 166 557; x_wconf 95' lang='lat' dir='ltr'>u</span> <span class='ocrx_word' id='word_1_40' title='bbox 212 501 293 557; x_wconf 82' lang='lat' dir='ltr'>Pater</span> <span class='ocrx_word' id='word_1_41' title='bbox 304 501 371 556; x_wconf 83' lang='lat' dir='ltr'>Filio</span> <span class='ocrx_word' id='word_1_42' title='bbox 383 501 457 570; x_wconf 90' lang='lat' dir='ltr'>prior</span> <span class='ocrx_word' id='word_1_43' title='bbox 469 502 516 565; x_wconf 92' lang='lat' dir='ltr'>sit,</span> <span class='ocrx_word' id='word_1_44' title='bbox 528 501 591 570; x_wconf 89' lang='lat' dir='ltr'>quia</span> <span class='ocrx_word' id='word_1_45' title='bbox 607 498 687 554; x_wconf 87' lang='lat' dir='ltr'>lrrcrit</span> <span class='ocrx_word' id='word_1_46' title='bbox 700 498 844 567; x_wconf 89' lang='lat' dir='ltr'>aliqnando</span> <span class='ocrx_word' id='word_1_47' title='bbox 857 499 915 554; x_wconf 88' lang='lat' dir='ltr'>sine</span> <span class='ocrx_word' id='word_1_48' title='bbox 965 513 1085 553; x_wconf 89' lang='lat' dir='ltr'>errorem</span> <span class='ocrx_word' id='word_1_49' title='bbox 1108 500 1308 553; x_wconf 83' lang='lat' dir='ltr'>Donatistarum</span> <span class='ocrx_word' id='word_1_50' title='bbox 1322 501 1489 567; x_wconf 80' lang='lat' dir='ltr'>negantium,</span> <span class='ocrx_word' id='word_1_51' title='bbox 1506 500 1645 554; x_wconf 88' lang='lat' dir='ltr'>ministros</span> <span class='ocrx_word' id='word_1_52' title='bbox 1666 502 1751 557; x_wconf 92' lang='lat' dir='ltr'>malos</span> 
     </span>
     <span class='ocr_line' id='line_1_5' title="bbox 125 518 1749 639; baseline -0.004 -8"><span class='ocrx_word' id='word_1_53' title='bbox 125 518 215 638; x_wconf 46' lang='lat' dir='ltr'>attio,</span> <span class='ocrx_word' id='word_1_54' title='bbox 236 580 265 625; x_wconf 87' lang='lat' dir='ltr'>et</span> <span class='ocrx_word' id='word_1_55' title='bbox 287 579 351 625; x_wconf 94' lang='lat' dir='ltr'>tuuc</span> <span class='ocrx_word' id='word_1_56' title='bbox 368 570 449 625; x_wconf 86' lang='lat' dir='ltr'>Pater</span> <span class='ocrx_word' id='word_1_57' title='bbox 463 586 522 625; x_wconf 90' lang='lat' dir='ltr'>esse</span> <span class='ocrx_word' id='word_1_58' title='bbox 540 586 582 625; x_wconf 86' lang='lat' dir='ltr'>coe</span> <span class='ocrx_word' id='word_1_59' title='bbox 600 570 662 634; x_wconf 89' lang='lat' dir='ltr'>erit,</span> <span class='ocrx_word' id='word_1_60' title='bbox 686 569 794 638; x_wconf 92' lang='lat' dir='ltr'>quando</span> <span class='ocrx_word' id='word_1_61' title='bbox 816 568 915 623; x_wconf 83' lang='lat' dir='ltr'>Filium</span> <span class='ocrx_word' id='word_1_62' title='bbox 964 567 1052 623; x_wconf 78' lang='lat' dir='ltr'>valide</span> <span class='ocrx_word' id='word_1_63' title='bbox 1067 570 1254 625; x_wconf 88' lang='lat' dir='ltr'>administrare</span> <span class='ocrx_word' id='word_1_64' title='bbox 1271 577 1449 634; x_wconf 87' lang='lat' dir='ltr'>sacramenta,</span> <span class='ocrx_word' id='word_1_65' title='bbox 1467 570 1538 639; x_wconf 92' lang='lat' dir='ltr'>quod</span> <span class='ocrx_word' id='word_1_66' title='bbox 1551 578 1629 624; x_wconf 88' lang='lat' dir='ltr'>antea</span> <span class='ocrx_word' id='word_1_67' title='bbox 1650 569 1677 625; x_wconf 94' lang='lat' dir='ltr'>in</span> <span class='ocrx_word' id='word_1_68' title='bbox 1692 573 1749 639; x_wconf 89' lang='lat' dir='ltr'>epi·</span> 
     </span>
     <span class='ocr_line' id='line_1_6' title="bbox 125 586 1748 722; baseline -0.002 -24"><span class='ocrx_word' id='word_1_69' title='bbox 125 642 263 713; x_wconf 75' lang='lat' dir='ltr'>genuerit.</span> <span class='ocrx_word' id='word_1_70' title='bbox 281 661 290 691; x_wconf 80' lang='lat' dir='ltr'>r</span> <span class='ocrx_word' id='word_1_71' title='bbox 310 639 339 694; x_wconf 78' lang='lat'>3·</span> <span class='ocrx_word' id='word_1_72' title='bbox 354 640 479 703; x_wconf 81' lang='lat' dir='ltr'>lleruum,</span> <span class='ocrx_word' id='word_1_73' title='bbox 491 640 561 722; x_wconf 81' lang='lat' dir='ltr'>quod</span> <span class='ocrx_word' id='word_1_74' title='bbox 576 586 702 701; x_wconf 48' lang='lat' dir='ltr'>affixerint,</span> <span class='ocrx_word' id='word_1_75' title='bbox 717 638 778 693; x_wconf 92' lang='lat' dir='ltr'>ideo</span> <span class='ocrx_word' id='word_1_76' title='bbox 792 638 914 707; x_wconf 86' lang='lat' dir='ltr'>unigeni·</span> <span class='ocrx_word' id='word_1_77' title='bbox 964 636 1033 691; x_wconf 85' lang='lat' dir='ltr'>stola</span> <span class='ocrx_word' id='word_1_78' title='bbox 1048 637 1081 692; x_wconf 88' lang='lat' dir='ltr'>tb</span> <span class='ocrx_word' id='word_1_79' title='bbox 1094 639 1214 709; x_wconf 90' lang='lat' dir='ltr'>pluribus</span> <span class='ocrx_word' id='word_1_80' title='bbox 1236 637 1383 703; x_wconf 57' lang='lat' dir='ltr'>retuleram</span> <span class='ocrx_word' id='word_1_81' title='bbox 1398 648 1426 693; x_wconf 87' lang='lat' dir='ltr'>et</span> <span class='ocrx_word' id='word_1_82' title='bbox 1444 641 1550 694; x_wconf 92' lang='lat' dir='ltr'>taudem</span> <span class='ocrx_word' id='word_1_83' title='bbox 1572 641 1599 693; x_wconf 93' lang='lat' dir='ltr'>in</span> <span class='ocrx_word' id='word_1_84' title='bbox 1619 640 1748 708; x_wconf 75' lang='lat' dir='ltr'>predicta</span> 
     </span>
     <span class='ocr_line' id='line_1_7' title="bbox 129 707 1751 780; baseline -0.001 -13"><span class='ocrx_word' id='word_1_85' title='bbox 129 711 252 769; x_wconf 83' lang='lat' dir='ltr'>armdici</span> <span class='ocrx_word' id='word_1_86' title='bbox 269 708 439 771; x_wconf 66' lang='lat' dir='ltr'>filiumdei,</span> <span class='ocrx_word' id='word_1_87' title='bbox 458 708 604 779; x_wconf 82' lang='lat' dir='ltr'>quiasolus</span> <span class='ocrx_word' id='word_1_88' title='bbox 618 709 743 763; x_wconf 87' lang='lat' dir='ltr'>situatas</span> <span class='ocrx_word' id='word_1_89' title='bbox 757 724 789 763; x_wconf 81' lang='lat' dir='ltr'>ex</span> <span class='ocrx_word' id='word_1_90' title='bbox 801 708 913 778; x_wconf 82' lang='lat' dir='ltr'>virgine.</span> <span class='ocrx_word' id='word_1_91' title='bbox 964 707 1077 775; x_wconf 89' lang='lat' dir='ltr'>epistola</span> <span class='ocrx_word' id='word_1_92' title='bbox 1098 709 1132 762; x_wconf 70' lang='lat' dir='ltr'>li</span> <span class='ocrx_word' id='word_1_93' title='bbox 1157 710 1197 763; x_wconf 91' lang='lat' dir='ltr'>sic</span> <span class='ocrx_word' id='word_1_94' title='bbox 1220 709 1332 762; x_wconf 77' lang='lat' dir='ltr'><strong>scribit:</strong></span> <span class='ocrx_word' id='word_1_95' title='bbox 1350 725 1359 758; x_wconf 88' lang='lat' dir='ltr'>r</span> <span class='ocrx_word' id='word_1_96' title='bbox 1375 710 1427 764; x_wconf 81' lang='lat' dir='ltr'>Sed</span> <span class='ocrx_word' id='word_1_97' title='bbox 1449 709 1528 780; x_wconf 89' lang='lat' dir='ltr'>plane</span> <span class='ocrx_word' id='word_1_98' title='bbox 1556 709 1658 774; x_wconf 89' lang='lat' dir='ltr'>neseio,</span> <span class='ocrx_word' id='word_1_99' title='bbox 1683 725 1751 778; x_wconf 89' lang='lat' dir='ltr'>qnos</span> 
     </span>
     <span class='ocr_line' id='line_1_8' title="bbox 132 776 1750 849; baseline -0.001 -13"><span class='ocrx_word' id='word_1_100' title='bbox 132 801 143 836; x_wconf 80' lang='lat' dir='ltr'>a</span> <span class='ocrx_word' id='word_1_101' title='bbox 160 780 237 848; x_wconf 82' lang='lat' dir='ltr'>Quod</span> <span class='ocrx_word' id='word_1_102' title='bbox 250 780 344 849; x_wconf 89' lang='lat' dir='ltr'>utique</span> <span class='ocrx_word' id='word_1_103' title='bbox 357 794 409 832; x_wconf 82' lang='lat' dir='ltr'>nora</span> <span class='ocrx_word' id='word_1_104' title='bbox 423 782 552 833; x_wconf 74' lang='lat' dir='ltr'>auderent</span> <span class='ocrx_word' id='word_1_105' title='bbox 565 779 654 834; x_wconf 81' lang='lat' dir='ltr'>dicere</span> <span class='ocrx_word' id='word_1_106' title='bbox 666 777 758 849; x_wconf 87' lang='lat' dir='ltr'>(rerba</span> <span class='ocrx_word' id='word_1_107' title='bbox 772 787 835 832; x_wconf 85' lang='lat' dir='ltr'>sunt</span> <span class='ocrx_word' id='word_1_108' title='bbox 854 794 916 833; x_wconf 87' lang='lat' dir='ltr'>san-</span> <span class='ocrx_word' id='word_1_109' title='bbox 965 776 1146 846; x_wconf 79' lang='lat' dir='ltr'>salsuginosas</span> <span class='ocrx_word' id='word_1_110' title='bbox 1169 778 1302 841; x_wconf 89' lang='lat' dir='ltr'>asseritis,</span> <span class='ocrx_word' id='word_1_111' title='bbox 1322 786 1349 831; x_wconf 92' lang='lat' dir='ltr'>et</span> <span class='ocrx_word' id='word_1_112' title='bbox 1363 794 1447 849; x_wconf 81' lang='lat' dir='ltr'><strong>prope</strong></span> <span class='ocrx_word' id='word_1_113' title='bbox 1461 778 1637 849; x_wconf 78' lang='lat' dir='ltr'>lligentianos</span> <span class='ocrx_word' id='word_1_114' title='bbox 1661 779 1750 834; x_wconf 81' lang='lat' dir='ltr'>Dona-</span> 
     </span>
     <span class='ocr_line' id='line_1_9' title="bbox 127 845 1749 919; baseline -0.004 -10"><span class='ocrx_word' id='word_1_115' title='bbox 127 852 166 909; x_wconf 83' lang='lat' dir='ltr'>cti</span> <span class='ocrx_word' id='word_1_116' title='bbox 181 849 292 919; x_wconf 76' lang='lat' dir='ltr'>Leonis)</span> <span class='ocrx_word' id='word_1_117' title='bbox 307 849 360 904; x_wconf 85' lang='lat' dir='ltr'>nisi</span> <span class='ocrx_word' id='word_1_118' title='bbox 384 847 459 902; x_wconf 89' lang='lat' dir='ltr'>Pauli</span> <span class='ocrx_word' id='word_1_119' title='bbox 479 848 646 903; x_wconf 76' lang='lat' dir='ltr'>samosateni</span> <span class='ocrx_word' id='word_1_120' title='bbox 671 854 699 902; x_wconf 92' lang='lat' dir='ltr'>et</span> <span class='ocrx_word' id='word_1_121' title='bbox 722 846 828 903; x_wconf 87' lang='lat' dir='ltr'>Photiui</span> <span class='ocrx_word' id='word_1_122' title='bbox 843 848 916 902; x_wconf 88' lang='lat' dir='ltr'>virus</span> <span class='ocrx_word' id='word_1_123' title='bbox 965 845 1094 912; x_wconf 90' lang='lat' dir='ltr'>tistas,·et</span> <span class='ocrx_word' id='word_1_124' title='bbox 1117 847 1302 904; x_wconf 85' lang='lat' dir='ltr'>hucilerianos</span> <span class='ocrx_word' id='word_1_125' title='bbox 1327 850 1435 903; x_wconf 87' lang='lat' dir='ltr'>notatis.</span> <span class='ocrx_word' id='word_1_126' title='bbox 1460 850 1524 904; x_wconf 77' lang='lat' dir='ltr'>alit</span> <span class='ocrx_word' id='word_1_127' title='bbox 1551 864 1643 905; x_wconf 83' lang='lat' dir='ltr'>reuera</span> <span class='ocrx_word' id='word_1_128' title='bbox 1666 851 1749 904; x_wconf 89' lang='lat' dir='ltr'>etiam</span> 
     </span>
     <span class='ocr_line' id='line_1_10' title="bbox 128 914 1749 999; baseline -0.004 -21"><span class='ocrx_word' id='word_1_129' title='bbox 128 920 301 983; x_wconf 85' lang='lat' dir='ltr'>hausissent;</span> <span class='ocrx_word' id='word_1_130' title='bbox 321 915 367 988; x_wconf 84' lang='lat' dir='ltr'>qrii</span> <span class='ocrx_word' id='word_1_131' title='bbox 387 918 522 981; x_wconf 85' lang='lat' dir='ltr'>dixerunt,</span> <span class='ocrx_word' id='word_1_132' title='bbox 540 918 679 972; x_wconf 83' lang='lat' dir='ltr'>Dominum</span> <span class='ocrx_word' id='word_1_133' title='bbox 691 926 811 973; x_wconf 90' lang='lat' dir='ltr'>nostmm</span> <span class='ocrx_word' id='word_1_134' title='bbox 822 917 915 973; x_wconf 82' lang='lat' dir='ltr'>lesum</span> <span class='ocrx_word' id='word_1_135' title='bbox 964 914 1111 987; x_wconf 89' lang='lat' dir='ltr'>Elipandus</span> <span class='ocrx_word' id='word_1_136' title='bbox 1127 918 1234 999; x_wconf 68' lang='lat' dir='ltr'>lliqetio</span> <span class='ocrx_word' id='word_1_137' title='bbox 1249 917 1301 973; x_wconf 89' lang='lat' dir='ltr'>tale</span> <span class='ocrx_word' id='word_1_138' title='bbox 1316 918 1462 987; x_wconf 81' lang='lat' dir='ltr'>quidquam</span> <span class='ocrx_word' id='word_1_139' title='bbox 1479 920 1587 991; x_wconf 87' lang='lat' dir='ltr'>objecit,</span> <span class='ocrx_word' id='word_1_140' title='bbox 1605 919 1749 989; x_wconf 77' lang='lat' dir='ltr'>inquiens:</span> 
     </span>
     <span class='ocr_line' id='line_1_11' title="bbox 126 985 1752 1059; baseline -0.002 -12"><span class='ocrx_word' id='word_1_141' title='bbox 126 989 282 1051; x_wconf 84' lang='lat' dir='ltr'>Christum,</span> <span class='ocrx_word' id='word_1_142' title='bbox 295 996 438 1056; x_wconf 85' lang='lat' dir='ltr'>antequam</span> <span class='ocrx_word' id='word_1_143' title='bbox 460 996 616 1043; x_wconf 87' lang='lat' dir='ltr'>nasceretur</span> <span class='ocrx_word' id='word_1_144' title='bbox 636 1001 669 1040; x_wconf 86' lang='lat' dir='ltr'>ex</span> <span class='ocrx_word' id='word_1_145' title='bbox 692 987 797 1057; x_wconf 76' lang='lat' dir='ltr'>virgine</span> <span class='ocrx_word' id='word_1_146' title='bbox 820 987 914 1050; x_wconf 79' lang='lat' dir='ltr'>diaria,</span> <span class='ocrx_word' id='word_1_147' title='bbox 968 1001 978 1032; x_wconf 76' lang='lat' dir='ltr'>t</span> <span class='ocrx_word' id='word_1_148' title='bbox 994 985 1032 1041; x_wconf 83' lang='lat' dir='ltr'>De</span> <span class='ocrx_word' id='word_1_149' title='bbox 1045 988 1227 1042; x_wconf 86' lang='lat' dir='ltr'>sacerdotdms</span> <span class='ocrx_word' id='word_1_150' title='bbox 1239 1003 1314 1051; x_wconf 87' lang='lat' dir='ltr'>rero,</span> <span class='ocrx_word' id='word_1_151' title='bbox 1329 990 1399 1057; x_wconf 93' lang='lat' dir='ltr'>quod</span> <span class='ocrx_word' id='word_1_152' title='bbox 1413 991 1522 1053; x_wconf 90' lang='lat' dir='ltr'>asseris,</span> <span class='ocrx_word' id='word_1_153' title='bbox 1533 1005 1582 1044; x_wconf 87' lang='lat' dir='ltr'>crrr</span> <span class='ocrx_word' id='word_1_154' title='bbox 1594 1004 1752 1059; x_wconf 86' lang='lat' dir='ltr'>sepronun-</span> 
     </span>
     <span class='ocr_line' id='line_1_12' title="bbox 125 1055 1752 1125; baseline -0.002 -8"><span class='ocrx_word' id='word_1_155' title='bbox 125 1077 182 1117; x_wconf 87' lang='lat' dir='ltr'>non</span> <span class='ocrx_word' id='word_1_156' title='bbox 194 1058 288 1115; x_wconf 84' lang='lat' dir='ltr'>luisse.</span> <span class='ocrx_word' id='word_1_157' title='bbox 303 1057 332 1112; x_wconf 88' lang='lat' dir='ltr'>Si</span> <span class='ocrx_word' id='word_1_158' title='bbox 345 1065 435 1112; x_wconf 91' lang='lat' dir='ltr'>autem</span> <span class='ocrx_word' id='word_1_159' title='bbox 447 1057 491 1111; x_wconf 90' lang='lat' dir='ltr'>isti</span> <span class='ocrx_word' id='word_1_160' title='bbox 505 1057 578 1111; x_wconf 82' lang='lat' dir='ltr'>alind</span> <span class='ocrx_word' id='word_1_161' title='bbox 592 1057 624 1110; x_wconf 91' lang='lat' dir='ltr'>de</span> <span class='ocrx_word' id='word_1_162' title='bbox 643 1070 725 1111; x_wconf 91' lang='lat' dir='ltr'>sensu</span> <span class='ocrx_word' id='word_1_163' title='bbox 739 1072 788 1112; x_wconf 91' lang='lat' dir='ltr'>suo</span> <span class='ocrx_word' id='word_1_164' title='bbox 803 1057 915 1125; x_wconf 76' lang='lat' dir='ltr'>intelligi</span> <span class='ocrx_word' id='word_1_165' title='bbox 965 1055 1034 1111; x_wconf 87' lang='lat' dir='ltr'>tient</span> <span class='ocrx_word' id='word_1_166' title='bbox 1047 1065 1212 1124; x_wconf 79' lang='lat' dir='ltr'>peccatores,</span> <span class='ocrx_word' id='word_1_167' title='bbox 1226 1057 1249 1112; x_wconf 85' lang='lat' dir='ltr'>si</span> <span class='ocrx_word' id='word_1_168' title='bbox 1263 1072 1325 1112; x_wconf 89' lang='lat' dir='ltr'>rere</span> <span class='ocrx_word' id='word_1_169' title='bbox 1344 1058 1519 1114; x_wconf 80' lang='lat' dir='ltr'>sanctisunt?</span> <span class='ocrx_word' id='word_1_170' title='bbox 1540 1070 1586 1115; x_wconf 90' lang='lat' dir='ltr'>aut</span> <span class='ocrx_word' id='word_1_171' title='bbox 1598 1060 1621 1115; x_wconf 92' lang='lat' dir='ltr'>si</span> <span class='ocrx_word' id='word_1_172' title='bbox 1635 1070 1708 1115; x_wconf 88' lang='lat' dir='ltr'>certe</span> <span class='ocrx_word' id='word_1_173' title='bbox 1721 1075 1752 1114; x_wconf 88' lang='lat' dir='ltr'>se</span> 
     </span>
     <span class='ocr_line' id='line_1_13' title="bbox 126 1125 1751 1198; baseline 0.001 -15"><span class='ocrx_word' id='word_1_174' title='bbox 126 1131 233 1194; x_wconf 82' lang='lat' dir='ltr'>uolunt,</span> <span class='ocrx_word' id='word_1_175' title='bbox 252 1142 339 1198; x_wconf 88' lang='lat' dir='ltr'>neque</span> <span class='ocrx_word' id='word_1_176' title='bbox 362 1127 524 1197; x_wconf 89' lang='lat' dir='ltr'>principium</span> <span class='ocrx_word' id='word_1_177' title='bbox 542 1127 575 1181; x_wconf 91' lang='lat' dir='ltr'>de</span> <span class='ocrx_word' id='word_1_178' title='bbox 598 1135 683 1180; x_wconf 89' lang='lat' dir='ltr'>matre</span> <span class='ocrx_word' id='word_1_179' title='bbox 706 1127 771 1180; x_wconf 89' lang='lat' dir='ltr'>dant</span> <span class='ocrx_word' id='word_1_180' title='bbox 791 1125 914 1192; x_wconf 89' lang='lat' dir='ltr'>Christo;</span> <span class='ocrx_word' id='word_1_181' title='bbox 964 1135 1121 1194; x_wconf 86' lang='lat' dir='ltr'>peccatores</span> <span class='ocrx_word' id='word_1_182' title='bbox 1132 1142 1192 1182; x_wconf 89' lang='lat' dir='ltr'>esse</span> <span class='ocrx_word' id='word_1_183' title='bbox 1211 1125 1339 1190; x_wconf 74' lang='lat' dir='ltr'>lateratus,</span> <span class='ocrx_word' id='word_1_184' title='bbox 1355 1143 1403 1182; x_wconf 91' lang='lat' dir='ltr'>cur</span> <span class='ocrx_word' id='word_1_185' title='bbox 1418 1128 1452 1181; x_wconf 92' lang='lat' dir='ltr'>ad</span> <span class='ocrx_word' id='word_1_186' title='bbox 1474 1129 1654 1183; x_wconf 90' lang='lat' dir='ltr'>ministerium</span> <span class='ocrx_word' id='word_1_187' title='bbox 1674 1144 1751 1185; x_wconf 87' lang='lat' dir='ltr'>acce·</span> 
     </span>
     <span class='ocr_line' id='line_1_14' title="bbox 126 1194 1750 1267; baseline -0.002 -10"><span class='ocrx_word' id='word_1_188' title='bbox 126 1209 264 1262; x_wconf 79' lang='lat' dir='ltr'>asserant,</span> <span class='ocrx_word' id='word_1_189' title='bbox 273 1212 382 1253; x_wconf 85' lang='lat' dir='ltr'>necesse</span> <span class='ocrx_word' id='word_1_190' title='bbox 393 1204 505 1261; x_wconf 68' lang='lat' dir='ltr'>estnon</span> <span class='ocrx_word' id='word_1_191' title='bbox 518 1212 600 1250; x_wconf 89' lang='lat' dir='ltr'>unum</span> <span class='ocrx_word' id='word_1_192' title='bbox 613 1210 672 1249; x_wconf 87' lang='lat' dir='ltr'>esse</span> <span class='ocrx_word' id='word_1_193' title='bbox 686 1195 705 1249; x_wconf 87' lang='lat' dir='ltr'>F</span> <span class='ocrx_word' id='word_1_194' title='bbox 708 1195 783 1252; x_wconf 90' lang='lat' dir='ltr'>ilium</span> <span class='ocrx_word' id='word_1_195' title='bbox 798 1196 856 1261; x_wconf 86' lang='lat' dir='ltr'>bei,</span> <span class='ocrx_word' id='word_1_196' title='bbox 869 1196 917 1250; x_wconf 90' lang='lat' dir='ltr'>sed</span> <span class='ocrx_word' id='word_1_197' title='bbox 965 1194 1028 1249; x_wconf 89' lang='lat' dir='ltr'>dere</span> <span class='ocrx_word' id='word_1_198' title='bbox 1036 1206 1216 1265; x_wconf 84' lang='lat' dir='ltr'>praesumunt:</span> <span class='ocrx_word' id='word_1_199' title='bbox 1229 1212 1261 1251; x_wconf 88' lang='lat' dir='ltr'>eo</span> <span class='ocrx_word' id='word_1_200' title='bbox 1270 1199 1341 1266; x_wconf 91' lang='lat' dir='ltr'>qnod</span> <span class='ocrx_word' id='word_1_201' title='bbox 1353 1198 1410 1267; x_wconf 88' lang='lat' dir='ltr'>ipse</span> <span class='ocrx_word' id='word_1_202' title='bbox 1421 1199 1549 1253; x_wconf 79' lang='lat' dir='ltr'>hominus</span> <span class='ocrx_word' id='word_1_203' title='bbox 1559 1200 1646 1253; x_wconf 88' lang='lat' dir='ltr'>dicat:</span> <span class='ocrx_word' id='word_1_204' title='bbox 1658 1199 1750 1253; x_wconf 85' lang='lat' dir='ltr'>Estote</span> 
     </span>
     <span class='ocr_line' id='line_1_15' title="bbox 126 1264 1752 1338; baseline 0.004 -20"><span class='ocrx_word' id='word_1_205' title='bbox 126 1270 361 1338; x_wconf 76' lang='lat' dir='ltr'>aliosqnoquccx</span> <span class='ocrx_word' id='word_1_206' title='bbox 376 1281 481 1320; x_wconf 92' lang='lat' dir='ltr'>summo</span> <span class='ocrx_word' id='word_1_207' title='bbox 502 1264 581 1318; x_wconf 88' lang='lat' dir='ltr'>Patre</span> <span class='ocrx_word' id='word_1_208' title='bbox 603 1265 719 1334; x_wconf 68' lang='lat' dir='ltr'>genitos</span> <span class='ocrx_word' id='word_1_209' title='bbox 740 1280 854 1335; x_wconf 91' lang='lat' dir='ltr'>quorum</span> <span class='ocrx_word' id='word_1_210' title='bbox 872 1267 917 1320; x_wconf 92' lang='lat' dir='ltr'>hie</span> <span class='ocrx_word' id='word_1_211' title='bbox 965 1267 1062 1329; x_wconf 89' lang='lat' dir='ltr'>sancti,</span> <span class='ocrx_word' id='word_1_212' title='bbox 1075 1268 1138 1336; x_wconf 91' lang='lat' dir='ltr'>quia</span> <span class='ocrx_word' id='word_1_213' title='bbox 1160 1275 1187 1322; x_wconf 93' lang='lat' dir='ltr'>et</span> <span class='ocrx_word' id='word_1_214' title='bbox 1199 1282 1248 1337; x_wconf 77' lang='lat' dir='ltr'>ego</span> <span class='ocrx_word' id='word_1_215' title='bbox 1264 1275 1373 1322; x_wconf 78' lang='lat' dir='ltr'>sanictos</span> <span class='ocrx_word' id='word_1_216' title='bbox 1396 1284 1455 1322; x_wconf 91' lang='lat' dir='ltr'>sum</span> <span class='ocrx_word' id='word_1_217' title='bbox 1474 1268 1603 1323; x_wconf 84' lang='lat' dir='ltr'>[lominus</span> <span class='ocrx_word' id='word_1_218' title='bbox 1617 1268 1687 1323; x_wconf 86' lang='lat' dir='ltr'>Deus</span> <span class='ocrx_word' id='word_1_219' title='bbox 1708 1284 1752 1324; x_wconf 85' lang='lat' dir='ltr'>ve·</span> 
     </span>
     <span class='ocr_line' id='line_1_16' title="bbox 126 1334 1750 1406; baseline -0.001 -11"><span class='ocrx_word' id='word_1_220' title='bbox 126 1355 201 1395; x_wconf 86' lang='lat' dir='ltr'>unns</span> <span class='ocrx_word' id='word_1_221' title='bbox 211 1338 247 1392; x_wconf 88' lang='lat' dir='ltr'>sit</span> <span class='ocrx_word' id='word_1_222' title='bbox 263 1346 342 1391; x_wconf 91' lang='lat' dir='ltr'>natus</span> <span class='ocrx_word' id='word_1_223' title='bbox 360 1334 513 1396; x_wconf 79' lang='lat' dir='ltr'>eufemius,</span> <span class='ocrx_word' id='word_1_224' title='bbox 529 1343 555 1389; x_wconf 92' lang='lat' dir='ltr'>et</span> <span class='ocrx_word' id='word_1_225' title='bbox 568 1335 602 1389; x_wconf 93' lang='lat' dir='ltr'>ob</span> <span class='ocrx_word' id='word_1_226' title='bbox 617 1335 668 1388; x_wconf 93' lang='lat' dir='ltr'>hoc</span> <span class='ocrx_word' id='word_1_227' title='bbox 685 1350 700 1388; x_wconf 93' lang='lat' dir='ltr'>a</span> <span class='ocrx_word' id='word_1_228' title='bbox 721 1335 834 1403; x_wconf 79' lang='lat' dir='ltr'>pelletur</span> <span class='ocrx_word' id='word_1_229' title='bbox 854 1336 915 1389; x_wconf 91' lang='lat' dir='ltr'>uui·</span> <span class='ocrx_word' id='word_1_230' title='bbox 965 1341 1031 1390; x_wconf 87' lang='lat' dir='ltr'>ster.</span> <span class='ocrx_word' id='word_1_231' title='bbox 1046 1356 1056 1386; x_wconf 78' lang='grc' dir='ltr'><strong>ι</strong></span> <span class='ocrx_word' id='word_1_232' title='bbox 1069 1336 1129 1391; x_wconf 92' lang='lat' dir='ltr'>lusu</span> <span class='ocrx_word' id='word_1_233' title='bbox 1150 1351 1180 1391; x_wconf 87' lang='lat' dir='ltr'>er</span> <span class='ocrx_word' id='word_1_234' title='bbox 1193 1347 1220 1391; x_wconf 90' lang='lat' dir='ltr'>et</span> <span class='ocrx_word' id='word_1_235' title='bbox 1233 1337 1319 1390; x_wconf 92' lang='lat' dir='ltr'>innuit</span> <span class='ocrx_word' id='word_1_236' title='bbox 1341 1353 1415 1391; x_wconf 90' lang='lat' dir='ltr'>num.</span> <span class='ocrx_word' id='word_1_237' title='bbox 1439 1337 1482 1401; x_wconf 77' lang='lat' dir='ltr'>ta,</span> <span class='ocrx_word' id='word_1_238' title='bbox 1497 1338 1634 1406; x_wconf 72' lang='lat' dir='ltr'>hlipetium</span> <span class='ocrx_word' id='word_1_239' title='bbox 1657 1338 1750 1393; x_wconf 87' lang='lat' dir='ltr'>Eccle-</span> 
     </span>
     <span class='ocr_line' id='line_1_17' title="bbox 164 1350 1752 1476; baseline -0.001 -13"><span class='ocrx_word' id='word_1_240' title='bbox 164 1408 238 1463; x_wconf 88' lang='lat' dir='ltr'>nitus</span> <span class='ocrx_word' id='word_1_241' title='bbox 264 1425 270 1460; x_wconf 91' lang='lat'><strong>:</strong></span> <span class='ocrx_word' id='word_1_242' title='bbox 295 1407 358 1476; x_wconf 90' lang='lat' dir='ltr'>quia</span> <span class='ocrx_word' id='word_1_243' title='bbox 394 1405 464 1459; x_wconf 84' lang='lat' dir='ltr'>banc</span> <span class='ocrx_word' id='word_1_244' title='bbox 482 1403 610 1458; x_wconf 88' lang='lat' dir='ltr'>nascendi</span> <span class='ocrx_word' id='word_1_245' title='bbox 640 1350 820 1459; x_wconf 59' lang='lat' dir='ltr'>conrfltionem</span> <span class='ocrx_word' id='word_1_246' title='bbox 848 1404 916 1459; x_wconf 91' lang='lat' dir='ltr'>alius</span> <span class='ocrx_word' id='word_1_247' title='bbox 965 1406 1032 1459; x_wconf 88' lang='lat' dir='ltr'>siam</span> <span class='ocrx_word' id='word_1_248' title='bbox 1056 1406 1082 1461; x_wconf 94' lang='lat' dir='ltr'>in</span> <span class='ocrx_word' id='word_1_249' title='bbox 1104 1351 1240 1461; x_wconf 51' lang='lat' dir='ltr'>soYaurbc</span> <span class='ocrx_word' id='word_1_250' title='bbox 1258 1406 1752 1474; x_wconf 81' lang='lat' dir='ltr'>llomaconclnsissr,qualortesen-</span> 
     </span>
     <span class='ocr_line' id='line_1_18' title="bbox 125 1422 1749 1545; baseline -0.001 -12"><span class='ocrx_word' id='word_1_251' title='bbox 125 1422 261 1533; x_wconf 58' lang='lat' dir='ltr'>ffiliomm</span> <span class='ocrx_word' id='word_1_252' title='bbox 284 1474 334 1531; x_wconf 84' lang='lat' dir='ltr'>bet</span> <span class='ocrx_word' id='word_1_253' title='bbox 359 1488 439 1529; x_wconf 89' lang='lat' dir='ltr'>nemo</span> <span class='ocrx_word' id='word_1_254' title='bbox 462 1473 621 1542; x_wconf 79' lang='lat' dir='ltr'>susceperit.</span> <span class='ocrx_word' id='word_1_255' title='bbox 651 1492 660 1524; x_wconf 80' lang='lat' dir='ltr'>r</span> <span class='ocrx_word' id='word_1_256' title='bbox 688 1473 819 1529; x_wconf 69' lang='lat' dir='ltr'>Praeterea</span> <span class='ocrx_word' id='word_1_257' title='bbox 845 1474 916 1529; x_wconf 90' lang='lat' dir='ltr'>idem</span> <span class='ocrx_word' id='word_1_258' title='bbox 966 1475 1049 1530; x_wconf 90' lang='lat' dir='ltr'>tiendi</span> <span class='ocrx_word' id='word_1_259' title='bbox 1074 1477 1177 1531; x_wconf 90' lang='lat' dir='ltr'>ratione</span> <span class='ocrx_word' id='word_1_260' title='bbox 1199 1491 1306 1530; x_wconf 90' lang='lat' dir='ltr'>rursum</span> <span class='ocrx_word' id='word_1_261' title='bbox 1325 1475 1469 1545; x_wconf 91' lang='lat' dir='ltr'>quidquam</span> <span class='ocrx_word' id='word_1_262' title='bbox 1489 1478 1522 1531; x_wconf 85' lang='lat' dir='ltr'>de</span> <span class='ocrx_word' id='word_1_263' title='bbox 1546 1477 1749 1532; x_wconf 83' lang='lat' dir='ltr'>Donatistarum</span> 
     </span>
     <span class='ocr_line' id='line_1_19' title="bbox 126 1542 1751 1669; baseline -0.002 -65"><span class='ocrx_word' id='word_1_264' title='bbox 126 1557 241 1604; x_wconf 79' lang='lat' dir='ltr'>sanctus</span> <span class='ocrx_word' id='word_1_265' title='bbox 250 1546 304 1600; x_wconf 83' lang='lat' dir='ltr'>Leo</span> <span class='ocrx_word' id='word_1_266' title='bbox 317 1559 376 1613; x_wconf 91' lang='lat' dir='ltr'>cap.</span> <span class='ocrx_word' id='word_1_267' title='bbox 388 1543 419 1596; x_wconf 84' lang='lat' dir='ltr'>ll</span> <span class='ocrx_word' id='word_1_268' title='bbox 433 1543 551 1613; x_wconf 84' lang='lat' dir='ltr'>ejusdem</span> <span class='ocrx_word' id='word_1_269' title='bbox 565 1542 685 1624; x_wconf 69' lang='lat' dir='ltr'>epistolae</span> <span class='ocrx_word' id='word_1_270' title='bbox 697 1543 916 1610; x_wconf 87' lang='lat' dir='ltr'>testatur,hlani·</span> <span class='ocrx_word' id='word_1_271' title='bbox 965 1552 1112 1615; x_wconf 77' lang='lat' dir='ltr'>systemate</span> <span class='ocrx_word' id='word_1_272' title='bbox 1124 1546 1305 1669; x_wconf 48' lang='grc' dir='ltr'>ρανιίοἰίηνίι,</span> <span class='ocrx_word' id='word_1_273' title='bbox 1319 1545 1364 1614; x_wconf 92' lang='lat' dir='ltr'>qui</span> <span class='ocrx_word' id='word_1_274' title='bbox 1384 1560 1476 1599; x_wconf 85' lang='lat' dir='ltr'>reram</span> <span class='ocrx_word' id='word_1_275' title='bbox 1489 1547 1631 1601; x_wconf 87' lang='lat' dir='ltr'>ecclesiam</span> <span class='ocrx_word' id='word_1_276' title='bbox 1645 1547 1672 1600; x_wconf 90' lang='lat' dir='ltr'>in</span> <span class='ocrx_word' id='word_1_277' title='bbox 1694 1547 1751 1603; x_wconf 88' lang='lat' dir='ltr'>sola</span> 
     </span>
     <span class='ocr_line' id='line_1_20' title="bbox 125 1613 1749 1683; baseline -0.002 -11"><span class='ocrx_word' id='word_1_278' title='bbox 125 1618 266 1683; x_wconf 73' lang='lat' dir='ltr'>chaaosae</span> <span class='ocrx_word' id='word_1_279' title='bbox 280 1613 498 1669; x_wconf 83' lang='lat' dir='ltr'>Priscillianistas</span> <span class='ocrx_word' id='word_1_280' title='bbox 517 1613 646 1682; x_wconf 79' lang='lat' dir='ltr'>sacrilego</span> <span class='ocrx_word' id='word_1_281' title='bbox 669 1629 749 1668; x_wconf 92' lang='lat' dir='ltr'>sensu</span> <span class='ocrx_word' id='word_1_282' title='bbox 775 1613 812 1667; x_wconf 88' lang='lat' dir='ltr'>ita</span> <span class='ocrx_word' id='word_1_283' title='bbox 834 1614 917 1667; x_wconf 89' lang='lat' dir='ltr'>simu·</span> <span class='ocrx_word' id='word_1_284' title='bbox 965 1614 1056 1668; x_wconf 83' lang='lat' dir='ltr'>dirica</span> <span class='ocrx_word' id='word_1_285' title='bbox 1079 1623 1106 1668; x_wconf 91' lang='lat' dir='ltr'>et</span> <span class='ocrx_word' id='word_1_286' title='bbox 1126 1623 1202 1683; x_wconf 88' lang='lat' dir='ltr'>parte</span> <span class='ocrx_word' id='word_1_287' title='bbox 1247 1615 1318 1669; x_wconf 91' lang='lat' dir='ltr'>onati</span> <span class='ocrx_word' id='word_1_288' title='bbox 1343 1615 1505 1669; x_wconf 80' lang='lat' dir='ltr'>remansisse</span> <span class='ocrx_word' id='word_1_289' title='bbox 1524 1614 1749 1670; x_wconf 79' lang='lat' dir='ltr'>vociferabantur.</span> 
     </span>
     <span class='ocr_line' id='line_1_21' title="bbox 127 1681 1748 1762; baseline 0 -24"><span class='ocrx_word' id='word_1_290' title='bbox 127 1686 220 1750; x_wconf 75' lang='lat' dir='ltr'>hasa,</span> <span class='ocrx_word' id='word_1_291' title='bbox 250 1685 333 1755; x_wconf 78' lang='grc'>956</span> <span class='ocrx_word' id='word_1_292' title='bbox 355 1698 384 1738; x_wconf 93' lang='lat' dir='ltr'>se</span> <span class='ocrx_word' id='word_1_293' title='bbox 407 1681 544 1737; x_wconf 85' lang='lat' dir='ltr'>Christum</span> <span class='ocrx_word' id='word_1_294' title='bbox 568 1683 711 1747; x_wconf 88' lang='lat' dir='ltr'>confiteri,</span> <span class='ocrx_word' id='word_1_295' title='bbox 737 1691 767 1737; x_wconf 91' lang='lat' dir='ltr'>ut</span> <span class='ocrx_word' id='word_1_296' title='bbox 793 1683 916 1738; x_wconf 91' lang='lat' dir='ltr'>incarna-</span> <span class='ocrx_word' id='word_1_297' title='bbox 933 1706 953 1762; x_wconf 71' lang='lat' dir='ltr'>B</span> <span class='ocrx_word' id='word_1_298' title='bbox 967 1685 1019 1739; x_wconf 81' lang='lat' dir='ltr'>Sed</span> <span class='ocrx_word' id='word_1_299' title='bbox 1032 1685 1161 1757; x_wconf 88' lang='lat' dir='ltr'>quidquid</span> <span class='ocrx_word' id='word_1_300' title='bbox 1174 1684 1224 1738; x_wconf 88' lang='lat' dir='ltr'>hac</span> <span class='ocrx_word' id='word_1_301' title='bbox 1239 1685 1271 1738; x_wconf 90' lang='lat' dir='ltr'>de</span> <span class='ocrx_word' id='word_1_302' title='bbox 1292 1699 1321 1739; x_wconf 91' lang='lat' dir='ltr'>re</span> <span class='ocrx_word' id='word_1_303' title='bbox 1334 1685 1379 1748; x_wconf 89' lang='lat' dir='ltr'>sit,</span> <span class='ocrx_word' id='word_1_304' title='bbox 1393 1699 1452 1752; x_wconf 85' lang='lat' dir='ltr'>quae</span> <span class='ocrx_word' id='word_1_305' title='bbox 1466 1699 1515 1739; x_wconf 91' lang='lat' dir='ltr'>nos</span> <span class='ocrx_word' id='word_1_306' title='bbox 1538 1700 1632 1753; x_wconf 88' lang='lat' dir='ltr'>parum</span> <span class='ocrx_word' id='word_1_307' title='bbox 1654 1688 1748 1756; x_wconf 78' lang='lat' dir='ltr'>tangit,</span> 
     </span>
     <span class='ocr_line' id='line_1_22' title="bbox 125 1751 1749 1824; baseline -0.002 -11"><span class='ocrx_word' id='word_1_308' title='bbox 125 1757 212 1813; x_wconf 81' lang='lat' dir='ltr'>tioms</span> <span class='ocrx_word' id='word_1_309' title='bbox 230 1771 263 1811; x_wconf 87' lang='lat' dir='ltr'>ac</span> <span class='ocrx_word' id='word_1_310' title='bbox 281 1754 387 1818; x_wconf 82' lang='lat' dir='ltr'>martis,</span> <span class='ocrx_word' id='word_1_311' title='bbox 407 1760 434 1807; x_wconf 90' lang='lat' dir='ltr'>et</span> <span class='ocrx_word' id='word_1_312' title='bbox 449 1751 656 1808; x_wconf 88' lang='lat' dir='ltr'>resurrectionis</span> <span class='ocrx_word' id='word_1_313' title='bbox 670 1753 810 1808; x_wconf 78' lang='lat' dir='ltr'>ueritatem</span> <span class='ocrx_word' id='word_1_314' title='bbox 825 1762 915 1808; x_wconf 88' lang='lat' dir='ltr'>sustu·</span> <span class='ocrx_word' id='word_1_315' title='bbox 967 1763 1069 1808; x_wconf 89' lang='lat' dir='ltr'>eertum</span> <span class='ocrx_word' id='word_1_316' title='bbox 1084 1770 1144 1809; x_wconf 89' lang='lat' dir='ltr'>esse</span> <span class='ocrx_word' id='word_1_317' title='bbox 1155 1755 1269 1818; x_wconf 87' lang='lat' dir='ltr'>ridetur,</span> <span class='ocrx_word' id='word_1_318' title='bbox 1285 1753 1420 1824; x_wconf 80' lang='lat' dir='ltr'>lliqetium</span> <span class='ocrx_word' id='word_1_319' title='bbox 1433 1754 1506 1809; x_wconf 89' lang='lat' dir='ltr'>cirea</span> <span class='ocrx_word' id='word_1_320' title='bbox 1517 1754 1678 1810; x_wconf 83' lang='lat' dir='ltr'>Trinitatem</span> <span class='ocrx_word' id='word_1_321' title='bbox 1688 1771 1749 1810; x_wconf 89' lang='lat' dir='ltr'>cum</span> 
     </span>
     <span class='ocr_line' id='line_1_23' title="bbox 128 1821 1433 1885; baseline -0.005 -2"><span class='ocrx_word' id='word_1_322' title='bbox 128 1826 225 1885; x_wconf 72' lang='lat' dir='ltr'>lecim.</span> <span class='ocrx_word' id='word_1_323' title='bbox 967 1821 1083 1878; x_wconf 88' lang='lat' dir='ltr'>Sabrllio</span> <span class='ocrx_word' id='word_1_324' title='bbox 1097 1835 1126 1879; x_wconf 87' lang='lat' dir='ltr'>et</span> <span class='ocrx_word' id='word_1_325' title='bbox 1139 1824 1308 1879; x_wconf 89' lang='lat' dir='ltr'>Priscilliauo</span> <span class='ocrx_word' id='word_1_326' title='bbox 1318 1839 1433 1879; x_wconf 88' lang='lat' dir='ltr'>errasse.</span> 
     </span>
     <span class='ocr_line' id='line_1_24' title="bbox 166 1891 1749 1964; baseline -0.001 -13"><span class='ocrx_word' id='word_1_327' title='bbox 166 1893 252 1951; x_wconf 74' lang='lat' dir='ltr'>XXX.</span> <span class='ocrx_word' id='word_1_328' title='bbox 263 1891 321 1948; x_wconf 83' lang='lat' dir='ltr'>iam</span> <span class='ocrx_word' id='word_1_329' title='bbox 336 1907 412 1955; x_wconf 79' lang='lat' dir='ltr'>sero,</span> <span class='ocrx_word' id='word_1_330' title='bbox 430 1893 451 1946; x_wconf 92' lang='lat' dir='ltr'>si</span> <span class='ocrx_word' id='word_1_331' title='bbox 467 1907 498 1945; x_wconf 90' lang='lat' dir='ltr'>ca</span> <span class='ocrx_word' id='word_1_332' title='bbox 510 1892 660 1962; x_wconf 79' lang='lat' dir='ltr'>quaepaulo</span> <span class='ocrx_word' id='word_1_333' title='bbox 671 1901 734 1947; x_wconf 91' lang='lat' dir='ltr'>ante</span> <span class='ocrx_word' id='word_1_334' title='bbox 749 1908 781 1947; x_wconf 81' lang='lat' dir='ltr'>er</span> <span class='ocrx_word' id='word_1_335' title='bbox 801 1893 914 1962; x_wconf 84' lang='lat' dir='ltr'>epistola</span> <span class='ocrx_word' id='word_1_336' title='bbox 1002 1893 1109 1948; x_wconf 77' lang='lat' dir='ltr'>illlhll.</span> <span class='ocrx_word' id='word_1_337' title='bbox 1125 1894 1246 1963; x_wconf 80' lang='lat' dir='ltr'>llipetiru</span> <span class='ocrx_word' id='word_1_338' title='bbox 1259 1895 1359 1947; x_wconf 86' lang='lat' dir='ltr'>ridetur</span> <span class='ocrx_word' id='word_1_339' title='bbox 1370 1910 1476 1964; x_wconf 81' lang='lat' dir='ltr'>nepusse</span> <span class='ocrx_word' id='word_1_340' title='bbox 1486 1894 1645 1949; x_wconf 74' lang='lat' dir='ltr'>diuinitatem</span> <span class='ocrx_word' id='word_1_341' title='bbox 1663 1891 1749 1950; x_wconf 77' lang='lat' dir='ltr'>Varii.</span> 
     </span>
     <span class='ocr_line' id='line_1_25' title="bbox 125 1961 1749 2035; baseline -0.002 -13"><span class='ocrx_word' id='word_1_342' title='bbox 125 1966 239 2023; x_wconf 71' lang='lat' dir='ltr'>Adriani</span> <span class='ocrx_word' id='word_1_343' title='bbox 249 1964 359 2018; x_wconf 85' lang='lat' dir='ltr'>recitata</span> <span class='ocrx_word' id='word_1_344' title='bbox 370 1961 453 2023; x_wconf 86' lang='lat' dir='ltr'>lucre,</span> <span class='ocrx_word' id='word_1_345' title='bbox 468 1971 689 2030; x_wconf 87' lang='lat' dir='ltr'>specterrrus‚non</span> <span class='ocrx_word' id='word_1_346' title='bbox 704 1963 841 2019; x_wconf 89' lang='lat' dir='ltr'>inanisest</span> <span class='ocrx_word' id='word_1_347' title='bbox 851 1979 915 2018; x_wconf 92' lang='lat' dir='ltr'>con-</span> <span class='ocrx_word' id='word_1_348' title='bbox 965 1993 1000 2002; x_wconf 95' lang='lat'>-·</span> <span class='ocrx_word' id='word_1_349' title='bbox 1015 1963 1149 2017; x_wconf 77' lang='lat' dir='ltr'>Praeterea</span> <span class='ocrx_word' id='word_1_350' title='bbox 1170 1978 1233 2018; x_wconf 90' lang='lat' dir='ltr'>rem</span> <span class='ocrx_word' id='word_1_351' title='bbox 1255 1963 1277 2017; x_wconf 92' lang='lat' dir='ltr'>is</span> <span class='ocrx_word' id='word_1_352' title='bbox 1305 1964 1384 2017; x_wconf 89' lang='lat' dir='ltr'>aliam</span> <span class='ocrx_word' id='word_1_353' title='bbox 1412 1964 1470 2018; x_wconf 83' lang='lat' dir='ltr'>Filii</span> <span class='ocrx_word' id='word_1_354' title='bbox 1494 1964 1577 2018; x_wconf 85' lang='lat' dir='ltr'>diriui</span> <span class='ocrx_word' id='word_1_355' title='bbox 1607 1979 1749 2035; x_wconf 87' lang='lat' dir='ltr'>personam</span> 
     </span>
     <span class='ocr_line' id='line_1_26' title="bbox 123 2031 1748 2107; baseline -0.002 -15"><span class='ocrx_word' id='word_1_356' title='bbox 123 2036 242 2107; x_wconf 79' lang='lat' dir='ltr'>iectura,</span> <span class='ocrx_word' id='word_1_357' title='bbox 260 2047 366 2087; x_wconf 88' lang='lat' dir='ltr'>errores</span> <span class='ocrx_word' id='word_1_358' title='bbox 380 2032 489 2086; x_wconf 90' lang='lat' dir='ltr'>hoscea</span> <span class='ocrx_word' id='word_1_359' title='bbox 512 2031 545 2085; x_wconf 92' lang='lat' dir='ltr'>lli</span> <span class='ocrx_word' id='word_1_360' title='bbox 565 2032 714 2087; x_wconf 84' lang='lat' dir='ltr'>etiolnisse</span> <span class='ocrx_word' id='word_1_361' title='bbox 729 2034 913 2096; x_wconf 88' lang='lat' dir='ltr'>resuscitatos,</span> <span class='ocrx_word' id='word_1_362' title='bbox 967 2033 1038 2089; x_wconf 90' lang='lat' dir='ltr'>haud</span> <span class='ocrx_word' id='word_1_363' title='bbox 1064 2033 1181 2102; x_wconf 80' lang='lat' dir='ltr'>agnorit,</span> <span class='ocrx_word' id='word_1_364' title='bbox 1209 2032 1304 2088; x_wconf 87' lang='lat' dir='ltr'>saltem</span> <span class='ocrx_word' id='word_1_365' title='bbox 1328 2034 1351 2088; x_wconf 87' lang='lat' dir='ltr'>si</span> <span class='ocrx_word' id='word_1_366' title='bbox 1378 2034 1507 2102; x_wconf 86' lang='lat' dir='ltr'>Elipando</span> <span class='ocrx_word' id='word_1_367' title='bbox 1520 2037 1555 2089; x_wconf 82' lang='lat' dir='ltr'>s³t</span> <span class='ocrx_word' id='word_1_368' title='bbox 1570 2034 1645 2098; x_wconf 74' lang='lat' dir='ltr'>ludes,</span> <span class='ocrx_word' id='word_1_369' title='bbox 1668 2050 1748 2103; x_wconf 91' lang='lat' dir='ltr'>quam</span> 
     </span>
     <span class='ocr_line' id='line_1_27' title="bbox 126 2048 1748 2179; baseline 0 -19"><span class='ocrx_word' id='word_1_370' title='bbox 126 2114 221 2179; x_wconf 81' lang='lat' dir='ltr'>utpote</span> <span class='ocrx_word' id='word_1_371' title='bbox 239 2119 320 2174; x_wconf 86' lang='lat' dir='ltr'>quem</span> <span class='ocrx_word' id='word_1_372' title='bbox 341 2103 430 2173; x_wconf 81' lang='lat' dir='ltr'>arguit</span> <span class='ocrx_word' id='word_1_373' title='bbox 444 2048 598 2172; x_wconf 53' lang='lat' dir='ltr'>Elipancfus,</span> <span class='ocrx_word' id='word_1_374' title='bbox 615 2102 686 2171; x_wconf 91' lang='lat' dir='ltr'>quod</span> <span class='ocrx_word' id='word_1_375' title='bbox 709 2111 765 2158; x_wconf 88' lang='lat' dir='ltr'>tres</span> <span class='ocrx_word' id='word_1_376' title='bbox 778 2103 805 2157; x_wconf 93' lang='lat' dir='ltr'>in</span> <span class='ocrx_word' id='word_1_377' title='bbox 819 2103 915 2158; x_wconf 80' lang='lat' dir='ltr'>divini·</span> <span class='ocrx_word' id='word_1_378' title='bbox 966 2103 1108 2171; x_wconf 76' lang='lat' dir='ltr'>quaefacta</span> <span class='ocrx_word' id='word_1_379' title='bbox 1130 2112 1172 2157; x_wconf 87' lang='lat' dir='ltr'>est</span> <span class='ocrx_word' id='word_1_380' title='bbox 1190 2117 1223 2156; x_wconf 87' lang='lat' dir='ltr'>ex</span> <span class='ocrx_word' id='word_1_381' title='bbox 1246 2102 1348 2157; x_wconf 91' lang='lat' dir='ltr'>semiue</span> <span class='ocrx_word' id='word_1_382' title='bbox 1361 2103 1443 2159; x_wconf 84' lang='lat' dir='ltr'>David</span> <span class='ocrx_word' id='word_1_383' title='bbox 1460 2104 1605 2159; x_wconf 90' lang='lat' dir='ltr'>secundum</span> <span class='ocrx_word' id='word_1_384' title='bbox 1619 2120 1748 2169; x_wconf 89' lang='lat' dir='ltr'>caruem;</span> 
     </span>
     <span class='ocr_line' id='line_1_28' title="bbox 126 2171 1753 2246; baseline -0.001 -17"><span class='ocrx_word' id='word_1_385' title='bbox 126 2184 185 2233; x_wconf 84' lang='lat' dir='ltr'>tate</span> <span class='ocrx_word' id='word_1_386' title='bbox 209 2187 341 2246; x_wconf 84' lang='lat' dir='ltr'>personas</span> <span class='ocrx_word' id='word_1_387' title='bbox 362 2187 506 2242; x_wconf 86' lang='lat' dir='ltr'>corporeas</span> <span class='ocrx_word' id='word_1_388' title='bbox 528 2172 692 2235; x_wconf 67' lang='lat' dir='ltr'>sinceriter</span> <span class='ocrx_word' id='word_1_389' title='bbox 714 2188 778 2242; x_wconf 93' lang='lat' dir='ltr'>qno,</span> <span class='ocrx_word' id='word_1_390' title='bbox 795 2173 822 2227; x_wconf 91' lang='lat' dir='ltr'>ni</span> <span class='ocrx_word' id='word_1_391' title='bbox 835 2174 916 2226; x_wconf 84' lang='lat' dir='ltr'>vehe-</span> <span class='ocrx_word' id='word_1_392' title='bbox 967 2172 1073 2227; x_wconf 85' lang='lat' dir='ltr'>undeet</span> <span class='ocrx_word' id='word_1_393' title='bbox 1088 2172 1145 2242; x_wconf 84' lang='lat' dir='ltr'>ipsc</span> <span class='ocrx_word' id='word_1_394' title='bbox 1165 2187 1227 2226; x_wconf 90' lang='lat' dir='ltr'>cum</span> <span class='ocrx_word' id='word_1_395' title='bbox 1249 2171 1461 2228; x_wconf 86' lang='lat' dir='ltr'>Priscillianistis</span> <span class='ocrx_word' id='word_1_396' title='bbox 1477 2182 1523 2228; x_wconf 87' lang='lat' dir='ltr'>aut</span> <span class='ocrx_word' id='word_1_397' title='bbox 1545 2174 1691 2229; x_wconf 88' lang='lat' dir='ltr'>secundum</span> <span class='ocrx_word' id='word_1_398' title='bbox 1711 2191 1753 2228; x_wconf 81' lang='lat' dir='ltr'>as-</span> 
     </span>
     <span class='ocr_line' id='line_1_29' title="bbox 127 2240 1749 2311; baseline -0.002 -9"><span class='ocrx_word' id='word_1_399' title='bbox 127 2252 235 2302; x_wconf 82' lang='lat' dir='ltr'>meutcr</span> <span class='ocrx_word' id='word_1_400' title='bbox 251 2242 385 2307; x_wconf 80' lang='lat' dir='ltr'>fallamur,</span> <span class='ocrx_word' id='word_1_401' title='bbox 412 2242 511 2296; x_wconf 80' lang='lat' dir='ltr'>inferre</span> <span class='ocrx_word' id='word_1_402' title='bbox 528 2242 606 2306; x_wconf 89' lang='lat' dir='ltr'>licet,</span> <span class='ocrx_word' id='word_1_403' title='bbox 622 2242 758 2311; x_wconf 72' lang='lat' dir='ltr'>hliqetium</span> <span class='ocrx_word' id='word_1_404' title='bbox 775 2257 865 2297; x_wconf 88' lang='lat' dir='ltr'>veram</span> <span class='ocrx_word' id='word_1_405' title='bbox 888 2242 915 2296; x_wconf 93' lang='lat' dir='ltr'>in</span> <span class='ocrx_word' id='word_1_406' title='bbox 966 2251 1038 2296; x_wconf 89' lang='lat' dir='ltr'>serta</span> <span class='ocrx_word' id='word_1_407' title='bbox 1060 2242 1134 2296; x_wconf 86' lang='lat' dir='ltr'>Pauli</span> <span class='ocrx_word' id='word_1_408' title='bbox 1157 2240 1335 2303; x_wconf 88' lang='lat' dir='ltr'>Samosateni,</span> <span class='ocrx_word' id='word_1_409' title='bbox 1354 2249 1382 2296; x_wconf 91' lang='lat' dir='ltr'>et</span> <span class='ocrx_word' id='word_1_410' title='bbox 1403 2242 1508 2299; x_wconf 80' lang='lat' dir='ltr'>l‘lrotini</span> <span class='ocrx_word' id='word_1_411' title='bbox 1529 2243 1665 2298; x_wconf 85' lang='lat' dir='ltr'>Christum</span> <span class='ocrx_word' id='word_1_412' title='bbox 1688 2253 1749 2298; x_wconf 92' lang='lat' dir='ltr'>ante</span> 
     </span>
     <span class='ocr_line' id='line_1_30' title="bbox 127 2311 1752 2383; baseline -0.002 -12"><span class='ocrx_word' id='word_1_413' title='bbox 127 2331 180 2371; x_wconf 86' lang='lat' dir='ltr'>nna</span> <span class='ocrx_word' id='word_1_414' title='bbox 202 2315 313 2370; x_wconf 83' lang='lat' dir='ltr'>deitatis</span> <span class='ocrx_word' id='word_1_415' title='bbox 330 2312 479 2368; x_wconf 86' lang='lat' dir='ltr'>substantia</span> <span class='ocrx_word' id='word_1_416' title='bbox 493 2327 669 2382; x_wconf 90' lang='lat' dir='ltr'>personarum</span> <span class='ocrx_word' id='word_1_417' title='bbox 688 2312 848 2367; x_wconf 86' lang='lat' dir='ltr'>Trinitatem</span> <span class='ocrx_word' id='word_1_418' title='bbox 869 2328 916 2375; x_wconf 84' lang='lat' dir='ltr'>nc·</span> <span class='ocrx_word' id='word_1_419' title='bbox 967 2312 1103 2380; x_wconf 80' lang='lat' dir='ltr'>Virginem</span> <span class='ocrx_word' id='word_1_420' title='bbox 1130 2320 1244 2367; x_wconf 90' lang='lat' dir='ltr'>matrem</span> <span class='ocrx_word' id='word_1_421' title='bbox 1268 2311 1405 2366; x_wconf 82' lang='lat' dir='ltr'>exstitisse</span> <span class='ocrx_word' id='word_1_422' title='bbox 1428 2314 1554 2382; x_wconf 77' lang='lat' dir='ltr'>negavit,</span> <span class='ocrx_word' id='word_1_423' title='bbox 1581 2323 1627 2367; x_wconf 89' lang='lat' dir='ltr'>ant</span> <span class='ocrx_word' id='word_1_424' title='bbox 1660 2314 1752 2383; x_wconf 92' lang='lat' dir='ltr'>plures</span> 
     </span>
     <span class='ocr_line' id='line_1_31' title="bbox 146 2381 1751 2452; baseline -0.001 -13"><span class='ocrx_word' id='word_1_425' title='bbox 146 2399 218 2450; x_wconf 86' lang='lat' dir='ltr'>asse,</span> <span class='ocrx_word' id='word_1_426' title='bbox 241 2385 377 2451; x_wconf 79' lang='lat' dir='ltr'>uerbaque</span> <span class='ocrx_word' id='word_1_427' title='bbox 398 2382 500 2437; x_wconf 84' lang='lat' dir='ltr'>Christi</span> <span class='ocrx_word' id='word_1_428' title='bbox 525 2381 649 2447; x_wconf 84' lang='lat' dir='ltr'>llornini,</span> <span class='ocrx_word' id='word_1_429' title='bbox 672 2383 719 2451; x_wconf 95' lang='lat' dir='ltr'>qui</span> <span class='ocrx_word' id='word_1_430' title='bbox 743 2381 868 2437; x_wconf 87' lang='lat' dir='ltr'>dePatre</span> <span class='ocrx_word' id='word_1_431' title='bbox 890 2391 916 2436; x_wconf 89' lang='lat' dir='ltr'>et</span> <span class='ocrx_word' id='word_1_432' title='bbox 966 2381 1048 2446; x_wconf 83' lang='lat' dir='ltr'>lilios,</span> <span class='ocrx_word' id='word_1_433' title='bbox 1065 2398 1113 2437; x_wconf 90' lang='lat' dir='ltr'>seu</span> <span class='ocrx_word' id='word_1_434' title='bbox 1135 2382 1249 2437; x_wconf 85' lang='lat' dir='ltr'>rirtntes</span> <span class='ocrx_word' id='word_1_435' title='bbox 1269 2382 1352 2436; x_wconf 76' lang='lat' dir='ltr'>alico</span> <span class='ocrx_word' id='word_1_436' title='bbox 1368 2384 1544 2451; x_wconf 81' lang='lat' dir='ltr'>procedentes</span> <span class='ocrx_word' id='word_1_437' title='bbox 1566 2382 1664 2452; x_wconf 91' lang='lat' dir='ltr'>illoque</span> <span class='ocrx_word' id='word_1_438' title='bbox 1684 2383 1751 2437; x_wconf 88' lang='lat' dir='ltr'>inlc-</span> 
     </span>
     <span class='ocr_line' id='line_1_32' title="bbox 128 2402 1751 2525; baseline -0.002 -14"><span class='ocrx_word' id='word_1_439' title='bbox 128 2402 233 2525; x_wconf 47' lang='lat' dir='ltr'>§piritu</span> <span class='ocrx_word' id='word_1_440' title='bbox 245 2464 341 2509; x_wconf 89' lang='lat' dir='ltr'>sancto</span> <span class='ocrx_word' id='word_1_441' title='bbox 355 2452 452 2521; x_wconf 83' lang='lat' dir='ltr'>saepins</span> <span class='ocrx_word' id='word_1_442' title='bbox 465 2450 592 2521; x_wconf 88' lang='lat' dir='ltr'>loquitur,</span> <span class='ocrx_word' id='word_1_443' title='bbox 610 2451 643 2505; x_wconf 91' lang='lat' dir='ltr'>de</span> <span class='ocrx_word' id='word_1_444' title='bbox 665 2450 765 2506; x_wconf 79' lang='lat' dir='ltr'>baside</span> <span class='ocrx_word' id='word_1_445' title='bbox 779 2451 862 2522; x_wconf 90' lang='lat' dir='ltr'>ipsius</span> <span class='ocrx_word' id='word_1_446' title='bbox 875 2468 917 2507; x_wconf 89' lang='lat' dir='ltr'>se·</span> <span class='ocrx_word' id='word_1_447' title='bbox 966 2453 1053 2509; x_wconf 81' lang='lat' dir='ltr'>riores</span> <span class='ocrx_word' id='word_1_448' title='bbox 1071 2467 1105 2507; x_wconf 81' lang='lat' dir='ltr'>cu</span> <span class='ocrx_word' id='word_1_449' title='bbox 1131 2461 1219 2506; x_wconf 88' lang='lat' dir='ltr'>moute</span> <span class='ocrx_word' id='word_1_450' title='bbox 1244 2452 1403 2506; x_wconf 81' lang='lat' dir='ltr'>drianorum</span> <span class='ocrx_word' id='word_1_451' title='bbox 1429 2452 1616 2521; x_wconf 66' lang='lat' dir='ltr'>admisitque</span> <span class='ocrx_word' id='word_1_452' title='bbox 1643 2454 1751 2522; x_wconf 90' lang='lat' dir='ltr'>quidem</span> 
     </span>
     <span class='ocr_line' id='line_1_33' title="bbox 128 2519 1752 2592; baseline -0.001 -13"><span class='ocrx_word' id='word_1_453' title='bbox 128 2526 246 2579; x_wconf 81' lang='lat' dir='ltr'>curidum</span> <span class='ocrx_word' id='word_1_454' title='bbox 263 2537 372 2578; x_wconf 91' lang='lat' dir='ltr'>caruem</span> <span class='ocrx_word' id='word_1_455' title='bbox 385 2532 471 2592; x_wconf 87' lang='lat' dir='ltr'>patre,</span> <span class='ocrx_word' id='word_1_456' title='bbox 488 2537 520 2575; x_wconf 89' lang='lat' dir='ltr'>ac</span> <span class='ocrx_word' id='word_1_457' title='bbox 533 2520 566 2575; x_wconf 89' lang='lat' dir='ltr'>de</span> <span class='ocrx_word' id='word_1_458' title='bbox 579 2520 673 2585; x_wconf 84' lang='lat' dir='ltr'>Paulo,</span> <span class='ocrx_word' id='word_1_459' title='bbox 688 2521 733 2591; x_wconf 93' lang='lat' dir='ltr'>qui</span> <span class='ocrx_word' id='word_1_460' title='bbox 756 2535 785 2576; x_wconf 89' lang='lat' dir='ltr'>se</span> <span class='ocrx_word' id='word_1_461' title='bbox 806 2530 917 2592; x_wconf 88' lang='lat' dir='ltr'>aposto·</span> <span class='ocrx_word' id='word_1_462' title='bbox 966 2531 1081 2591; x_wconf 89' lang='lat' dir='ltr'>utroque</span> <span class='ocrx_word' id='word_1_463' title='bbox 1107 2538 1187 2576; x_wconf 87' lang='lat' dir='ltr'>sensu</span> <span class='ocrx_word' id='word_1_464' title='bbox 1213 2519 1350 2575; x_wconf 85' lang='lat' dir='ltr'>Christum</span> <span class='ocrx_word' id='word_1_465' title='bbox 1377 2537 1512 2591; x_wconf 91' lang='lat' dir='ltr'>nunquam</span> <span class='ocrx_word' id='word_1_466' title='bbox 1534 2530 1563 2575; x_wconf 91' lang='lat' dir='ltr'>ut</span> <span class='ocrx_word' id='word_1_467' title='bbox 1583 2537 1691 2588; x_wconf 82' lang='lat' dir='ltr'>rerum,</span> <span class='ocrx_word' id='word_1_468' title='bbox 1705 2525 1752 2578; x_wconf 90' lang='lat' dir='ltr'>sed</span> 
     </span>
     <span class='ocr_line' id='line_1_34' title="bbox 130 2590 1748 2662; baseline -0.003 -13"><span class='ocrx_word' id='word_1_469' title='bbox 130 2594 184 2651; x_wconf 90' lang='lat' dir='ltr'>lum</span> <span class='ocrx_word' id='word_1_470' title='bbox 196 2594 264 2649; x_wconf 89' lang='lat' dir='ltr'>dicit</span> <span class='ocrx_word' id='word_1_471' title='bbox 282 2608 336 2647; x_wconf 92' lang='lat' dir='ltr'>non</span> <span class='ocrx_word' id='word_1_472' title='bbox 358 2593 392 2646; x_wconf 87' lang='lat' dir='ltr'>ab</span> <span class='ocrx_word' id='word_1_473' title='bbox 406 2591 570 2655; x_wconf 88' lang='lat' dir='ltr'>hominibus,</span> <span class='ocrx_word' id='word_1_474' title='bbox 586 2606 672 2659; x_wconf 89' lang='lat' dir='ltr'>neque</span> <span class='ocrx_word' id='word_1_475' title='bbox 696 2605 746 2660; x_wconf 90' lang='lat' dir='ltr'>per</span> <span class='ocrx_word' id='word_1_476' title='bbox 768 2591 913 2655; x_wconf 90' lang='lat' dir='ltr'>hominem,</span> <span class='ocrx_word' id='word_1_477' title='bbox 966 2591 1121 2661; x_wconf 78' lang='lat' dir='ltr'>adoptivum</span> <span class='ocrx_word' id='word_1_478' title='bbox 1136 2591 1303 2645; x_wconf 78' lang='lat' dir='ltr'>solummodo</span> <span class='ocrx_word' id='word_1_479' title='bbox 1321 2590 1367 2645; x_wconf 85' lang='lat' dir='ltr'>bet</span> <span class='ocrx_word' id='word_1_480' title='bbox 1384 2590 1480 2647; x_wconf 84' lang='lat' dir='ltr'>Filium</span> <span class='ocrx_word' id='word_1_481' title='bbox 1502 2592 1636 2660; x_wconf 85' lang='lat' dir='ltr'>respicere</span> <span class='ocrx_word' id='word_1_482' title='bbox 1652 2594 1748 2662; x_wconf 90' lang='lat' dir='ltr'>potuit.</span> 
     </span>
     <span class='ocr_line' id='line_1_35' title="bbox 129 2660 1752 2734; baseline -0.001 -16"><span class='ocrx_word' id='word_1_483' title='bbox 129 2664 175 2720; x_wconf 84' lang='lat' dir='ltr'>sed</span> <span class='ocrx_word' id='word_1_484' title='bbox 189 2678 238 2734; x_wconf 86' lang='lat' dir='ltr'>per</span> <span class='ocrx_word' id='word_1_485' title='bbox 253 2660 345 2717; x_wconf 86' lang='lat' dir='ltr'>lesum</span> <span class='ocrx_word' id='word_1_486' title='bbox 359 2661 495 2717; x_wconf 88' lang='lat' dir='ltr'>Christum</span> <span class='ocrx_word' id='word_1_487' title='bbox 507 2661 630 2715; x_wconf 79' lang='lat' dir='ltr'>ellicum</span> <span class='ocrx_word' id='word_1_488' title='bbox 649 2660 768 2726; x_wconf 85' lang='lat' dir='ltr'>Patrem,</span> <span class='ocrx_word' id='word_1_489' title='bbox 786 2662 917 2732; x_wconf 77' lang='lat' dir='ltr'>interque·</span> <span class='ocrx_word' id='word_1_490' title='bbox 966 2660 1000 2716; x_wconf 85' lang='lat' dir='ltr'>Et</span> <span class='ocrx_word' id='word_1_491' title='bbox 1011 2662 1038 2715; x_wconf 89' lang='lat' dir='ltr'>bi</span> <span class='ocrx_word' id='word_1_492' title='bbox 1053 2662 1160 2717; x_wconf 90' lang='lat' dir='ltr'>derurrm</span> <span class='ocrx_word' id='word_1_493' title='bbox 1175 2675 1281 2715; x_wconf 88' lang='lat' dir='ltr'>errores</span> <span class='ocrx_word' id='word_1_494' title='bbox 1294 2660 1411 2726; x_wconf 83' lang='lat' dir='ltr'>literam,</span> <span class='ocrx_word' id='word_1_495' title='bbox 1426 2668 1494 2730; x_wconf 84' lang='lat' dir='ltr'>quos</span> <span class='ocrx_word' id='word_1_496' title='bbox 1514 2662 1541 2715; x_wconf 91' lang='lat' dir='ltr'>in</span> <span class='ocrx_word' id='word_1_497' title='bbox 1560 2660 1666 2731; x_wconf 78' lang='lat' dir='ltr'>lligetio</span> <span class='ocrx_word' id='word_1_498' title='bbox 1680 2663 1752 2717; x_wconf 87' lang='lat' dir='ltr'>relo-</span> 
     </span>
     <span class='ocr_line' id='line_1_36' title="bbox 130 2730 1751 2802; baseline -0.001 -13"><span class='ocrx_word' id='word_1_499' title='bbox 130 2740 215 2789; x_wconf 79' lang='lat' dir='ltr'>tatum</span> <span class='ocrx_word' id='word_1_500' title='bbox 232 2731 326 2798; x_wconf 86' lang='lat' dir='ltr'>luisse,</span> <span class='ocrx_word' id='word_1_501' title='bbox 338 2747 370 2786; x_wconf 90' lang='lat' dir='ltr'>ac</span> <span class='ocrx_word' id='word_1_502' title='bbox 380 2747 412 2785; x_wconf 91' lang='lat' dir='ltr'>co</span> <span class='ocrx_word' id='word_1_503' title='bbox 423 2731 532 2787; x_wconf 89' lang='lat' dir='ltr'>demum</span> <span class='ocrx_word' id='word_1_504' title='bbox 546 2733 677 2785; x_wconf 77' lang='lat' dir='ltr'>duntaxat</span> <span class='ocrx_word' id='word_1_505' title='bbox 697 2746 777 2786; x_wconf 90' lang='lat' dir='ltr'>sensu</span> <span class='ocrx_word' id='word_1_506' title='bbox 799 2732 916 2786; x_wconf 84' lang='lat' dir='ltr'>l&#39;rinita-</span> <span class='ocrx_word' id='word_1_507' title='bbox 967 2731 1061 2786; x_wconf 85' lang='lat' dir='ltr'>tandos</span> <span class='ocrx_word' id='word_1_508' title='bbox 1075 2731 1125 2785; x_wconf 86' lang='lat' dir='ltr'>sibi</span> <span class='ocrx_word' id='word_1_509' title='bbox 1138 2739 1289 2800; x_wconf 87' lang='lat' dir='ltr'>sumpserat</span> <span class='ocrx_word' id='word_1_510' title='bbox 1301 2730 1458 2800; x_wconf 86' lang='lat' dir='ltr'>Elipandus,</span> <span class='ocrx_word' id='word_1_511' title='bbox 1470 2739 1498 2786; x_wconf 91' lang='lat' dir='ltr'>et</span> <span class='ocrx_word' id='word_1_512' title='bbox 1515 2731 1548 2786; x_wconf 89' lang='lat' dir='ltr'>de</span> <span class='ocrx_word' id='word_1_513' title='bbox 1561 2747 1675 2801; x_wconf 91' lang='lat' dir='ltr'>qnorum</span> <span class='ocrx_word' id='word_1_514' title='bbox 1687 2749 1751 2802; x_wconf 92' lang='lat' dir='ltr'>sup·</span> 
     </span>
     <span class='ocr_line' id='line_1_37' title="bbox 130 2799 1749 2924; baseline -0.002 -66"><span class='ocrx_word' id='word_1_515' title='bbox 130 2812 183 2858; x_wconf 83' lang='lat' dir='ltr'>tem</span> <span class='ocrx_word' id='word_1_516' title='bbox 194 2804 341 2873; x_wconf 90' lang='lat' dir='ltr'>quamdam</span> <span class='ocrx_word' id='word_1_517' title='bbox 352 2801 433 2856; x_wconf 83' lang='lat' dir='ltr'>ueluti</span> <span class='ocrx_word' id='word_1_518' title='bbox 449 2801 661 2881; x_wconf 88' lang='lat' dir='ltr'>metaphoricam</span> <span class='ocrx_word' id='word_1_519' title='bbox 678 2802 828 2856; x_wconf 86' lang='lat' dir='ltr'>admisisse.</span> <span class='ocrx_word' id='word_1_520' title='bbox 844 2801 915 2857; x_wconf 93' lang='lat' dir='ltr'>Con-</span> <span class='ocrx_word' id='word_1_521' title='bbox 965 2803 1105 2924; x_wconf 64' lang='lat' dir='ltr'>pressione</span> <span class='ocrx_word' id='word_1_522' title='bbox 1118 2801 1145 2855; x_wconf 93' lang='lat' dir='ltr'>in</span> <span class='ocrx_word' id='word_1_523' title='bbox 1158 2808 1274 2865; x_wconf 91' lang='lat' dir='ltr'>tantum,</span> <span class='ocrx_word' id='word_1_524' title='bbox 1294 2801 1332 2854; x_wconf 91' lang='lat' dir='ltr'>nti</span> <span class='ocrx_word' id='word_1_525' title='bbox 1344 2800 1473 2864; x_wconf 70' lang='lat' dir='ltr'>diurnus,</span> <span class='ocrx_word' id='word_1_526' title='bbox 1490 2799 1667 2871; x_wconf 80' lang='lat' dir='ltr'>gloriabatur.</span> <span class='ocrx_word' id='word_1_527' title='bbox 1687 2801 1749 2856; x_wconf 93' lang='lat' dir='ltr'>Col-</span> 
     </span>
     <span class='ocr_line' id='line_1_38' title="bbox 132 2870 1753 2941; baseline -0.002 -13"><span class='ocrx_word' id='word_1_528' title='bbox 132 2872 274 2928; x_wconf 77' lang='lat' dir='ltr'>demantur</span> <span class='ocrx_word' id='word_1_529' title='bbox 286 2874 337 2927; x_wconf 87' lang='lat' dir='ltr'>ista</span> <span class='ocrx_word' id='word_1_530' title='bbox 362 2872 396 2925; x_wconf 82' lang='lat' dir='ltr'>er</span> <span class='ocrx_word' id='word_1_531' title='bbox 419 2872 500 2926; x_wconf 90' lang='lat' dir='ltr'>citata</span> <span class='ocrx_word' id='word_1_532' title='bbox 519 2886 576 2938; x_wconf 83' lang='lat' dir='ltr'>Jam</span> <span class='ocrx_word' id='word_1_533' title='bbox 592 2871 715 2939; x_wconf 87' lang='lat' dir='ltr'>superius</span> <span class='ocrx_word' id='word_1_534' title='bbox 729 2871 842 2940; x_wconf 91' lang='lat' dir='ltr'>epistola</span> <span class='ocrx_word' id='word_1_535' title='bbox 856 2872 916 2940; x_wconf 92' lang='lat' dir='ltr'>cpi·</span> <span class='ocrx_word' id='word_1_536' title='bbox 976 2871 1058 2941; x_wconf 77' lang='lat' dir='ltr'>igitur</span> <span class='ocrx_word' id='word_1_537' title='bbox 1081 2871 1106 2926; x_wconf 92' lang='lat' dir='ltr'>id</span> <span class='ocrx_word' id='word_1_538' title='bbox 1131 2886 1164 2925; x_wconf 84' lang='lat' dir='ltr'>ex</span> <span class='ocrx_word' id='word_1_539' title='bbox 1188 2870 1247 2940; x_wconf 85' lang='lat' dir='ltr'>ejus</span> <span class='ocrx_word' id='word_1_540' title='bbox 1271 2870 1402 2941; x_wconf 81' lang='lat' dir='ltr'>symbolo,</span> <span class='ocrx_word' id='word_1_541' title='bbox 1417 2873 1488 2941; x_wconf 92' lang='lat' dir='ltr'>quod</span> <span class='ocrx_word' id='word_1_542' title='bbox 1513 2871 1610 2926; x_wconf 83' lang='lat' dir='ltr'>beatus</span> <span class='ocrx_word' id='word_1_543' title='bbox 1628 2880 1656 2926; x_wconf 91' lang='lat' dir='ltr'>et</span> <span class='ocrx_word' id='word_1_544' title='bbox 1673 2871 1753 2925; x_wconf 85' lang='lat' dir='ltr'>Ethe-</span> 
     </span>
     <span class='ocr_line' id='line_1_39' title="bbox 131 2939 1750 3014; baseline -0.001 -17"><span class='ocrx_word' id='word_1_545' title='bbox 131 2958 272 3014; x_wconf 84' lang='lat' dir='ltr'>tenpomm</span> <span class='ocrx_word' id='word_1_546' title='bbox 282 2941 417 3010; x_wconf 74' lang='lat' dir='ltr'>llispauiae</span> <span class='ocrx_word' id='word_1_547' title='bbox 426 2942 460 2996; x_wconf 91' lang='lat' dir='ltr'>ad</span> <span class='ocrx_word' id='word_1_548' title='bbox 474 2942 613 3009; x_wconf 86' lang='lat' dir='ltr'>episcopos</span> <span class='ocrx_word' id='word_1_549' title='bbox 626 2939 727 3004; x_wconf 73' lang='lat' dir='ltr'>Calliae,</span> <span class='ocrx_word' id='word_1_550' title='bbox 746 2947 810 3004; x_wconf 78' lang='lat' dir='ltr'>cte,</span> <span class='ocrx_word' id='word_1_551' title='bbox 824 2942 917 3010; x_wconf 90' lang='lat' dir='ltr'>inqua</span> <span class='ocrx_word' id='word_1_552' title='bbox 966 2942 1023 2997; x_wconf 89' lang='lat' dir='ltr'>rius</span> <span class='ocrx_word' id='word_1_553' title='bbox 1042 2942 1069 2999; x_wconf 93' lang='lat' dir='ltr'>in</span> <span class='ocrx_word' id='word_1_554' title='bbox 1091 2941 1175 2996; x_wconf 91' lang='lat' dir='ltr'>citato</span> <span class='ocrx_word' id='word_1_555' title='bbox 1198 2940 1321 3009; x_wconf 89' lang='lat' dir='ltr'>superius</span> <span class='ocrx_word' id='word_1_556' title='bbox 1340 2956 1421 3009; x_wconf 89' lang='lat' dir='ltr'>opere</span> <span class='ocrx_word' id='word_1_557' title='bbox 1439 2940 1515 2995; x_wconf 90' lang='lat' dir='ltr'>nobis</span> <span class='ocrx_word' id='word_1_558' title='bbox 1534 2950 1750 3005; x_wconf 86' lang='lat' dir='ltr'>conservarunt,</span> 
     </span>
     <span class='ocr_line' id='line_1_40' title="bbox 133 3009 1752 3084; baseline -0.002 -17"><span class='ocrx_word' id='word_1_559' title='bbox 133 3012 270 3084; x_wconf 79' lang='lat' dir='ltr'>sequentia</span> <span class='ocrx_word' id='word_1_560' title='bbox 280 3012 423 3082; x_wconf 79' lang='lat' dir='ltr'>leguntur:</span> <span class='ocrx_word' id='word_1_561' title='bbox 441 3030 450 3062; x_wconf 85' lang='lat' dir='ltr'>r</span> <span class='ocrx_word' id='word_1_562' title='bbox 467 3010 500 3064; x_wconf 88' lang='lat' dir='ltr'>Et</span> <span class='ocrx_word' id='word_1_563' title='bbox 512 3013 608 3065; x_wconf 89' lang='lat' dir='ltr'>iterum</span> <span class='ocrx_word' id='word_1_564' title='bbox 631 3009 674 3064; x_wconf 89' lang='lat' dir='ltr'>cni</span> <span class='ocrx_word' id='word_1_565' title='bbox 689 3009 803 3063; x_wconf 89' lang='lat' dir='ltr'>similem</span> <span class='ocrx_word' id='word_1_566' title='bbox 818 3010 918 3064; x_wconf 84' lang='lat' dir='ltr'>dixeri·</span> <span class='ocrx_word' id='word_1_567' title='bbox 939 3048 952 3072; x_wconf 71' lang='grc'>,</span> <span class='ocrx_word' id='word_1_568' title='bbox 968 3011 1013 3065; x_wconf 91' lang='lat' dir='ltr'>ubi</span> <span class='ocrx_word' id='word_1_569' title='bbox 1038 3019 1111 3067; x_wconf 88' lang='lat' dir='ltr'>totus</span> <span class='ocrx_word' id='word_1_570' title='bbox 1131 3019 1201 3073; x_wconf 87' lang='lat' dir='ltr'>erat,</span> <span class='ocrx_word' id='word_1_571' title='bbox 1218 3019 1247 3063; x_wconf 93' lang='lat' dir='ltr'>ut</span> <span class='ocrx_word' id='word_1_572' title='bbox 1273 3010 1423 3065; x_wconf 87' lang='lat' dir='ltr'>doctrinam</span> <span class='ocrx_word' id='word_1_573' title='bbox 1447 3011 1481 3064; x_wconf 90' lang='lat' dir='ltr'>de</span> <span class='ocrx_word' id='word_1_574' title='bbox 1502 3010 1633 3066; x_wconf 84' lang='lat' dir='ltr'>Trinitate</span> <span class='ocrx_word' id='word_1_575' title='bbox 1657 3026 1752 3080; x_wconf 88' lang='lat' dir='ltr'>perso-</span> 
     </span>
     <span class='ocr_line' id='line_1_41' title="bbox 133 3056 1754 3153; baseline -0.003 -14"><span class='ocrx_word' id='word_1_576' title='bbox 133 3098 189 3139; x_wconf 76' lang='lat' dir='ltr'>nas</span> <span class='ocrx_word' id='word_1_577' title='bbox 202 3082 400 3151; x_wconf 89' lang='lat' dir='ltr'>antiphrasium</span> <span class='ocrx_word' id='word_1_578' title='bbox 410 3080 543 3153; x_wconf 84' lang='lat' dir='ltr'>(Beatum)</span> <span class='ocrx_word' id='word_1_579' title='bbox 556 3080 606 3134; x_wconf 90' lang='lat' dir='ltr'>nisi</span> <span class='ocrx_word' id='word_1_580' title='bbox 623 3076 916 3148; x_wconf 81' lang='lat' dir='ltr'>lligetioCasiauorum</span> <span class='ocrx_word' id='word_1_581' title='bbox 930 3056 952 3110; x_wconf 56' lang='grc' dir='ltr'>ι’</span> <span class='ocrx_word' id='word_1_582' title='bbox 968 3095 1081 3144; x_wconf 80' lang='lat' dir='ltr'>naraon,</span> <span class='ocrx_word' id='word_1_583' title='bbox 1107 3081 1140 3135; x_wconf 93' lang='lat' dir='ltr'>de</span> <span class='ocrx_word' id='word_1_584' title='bbox 1168 3078 1228 3134; x_wconf 84' lang='lat' dir='ltr'>Filii</span> <span class='ocrx_word' id='word_1_585' title='bbox 1254 3079 1412 3144; x_wconf 82' lang='lat' dir='ltr'>diuinitate,</span> <span class='ocrx_word' id='word_1_586' title='bbox 1432 3078 1542 3149; x_wconf 88' lang='lat' dir='ltr'>ejusque</span> <span class='ocrx_word' id='word_1_587' title='bbox 1568 3079 1754 3135; x_wconf 86' lang='lat' dir='ltr'>incarnatione</span> 
     </span>
     <span class='ocr_line' id='line_1_42' title="bbox 132 3148 1753 3221; baseline -0.006 -10"><span class='ocrx_word' id='word_1_588' title='bbox 132 3152 360 3211; x_wconf 82' lang='lat' dir='ltr'>etSalibanorum</span> <span class='ocrx_word' id='word_1_589' title='bbox 379 3151 537 3219; x_wconf 77' lang='lat' dir='ltr'>magistrum</span> <span class='ocrx_word' id='word_1_590' title='bbox 549 3151 649 3204; x_wconf 89' lang='lat' dir='ltr'>nostris</span> <span class='ocrx_word' id='word_1_591' title='bbox 660 3149 826 3219; x_wconf 89' lang='lat' dir='ltr'>temporibus</span> <span class='ocrx_word' id='word_1_592' title='bbox 836 3164 917 3205; x_wconf 84' lang='lat' dir='ltr'>exor-</span> <span class='ocrx_word' id='word_1_593' title='bbox 968 3158 1124 3220; x_wconf 81' lang='lat' dir='ltr'>exponeret,</span> <span class='ocrx_word' id='word_1_594' title='bbox 1138 3150 1182 3204; x_wconf 92' lang='lat' dir='ltr'>ubi</span> <span class='ocrx_word' id='word_1_595' title='bbox 1193 3157 1220 3204; x_wconf 91' lang='lat' dir='ltr'>et</span> <span class='ocrx_word' id='word_1_596' title='bbox 1235 3148 1451 3204; x_wconf 79' lang='lat' dir='ltr'>manifestissime</span> <span class='ocrx_word' id='word_1_597' title='bbox 1464 3157 1586 3221; x_wconf 90' lang='lat' dir='ltr'>apparet,</span> <span class='ocrx_word' id='word_1_598' title='bbox 1594 3149 1753 3218; x_wconf 83' lang='lat' dir='ltr'>Elipandum</span> 
     </span>
     <span class='ocr_line' id='line_1_43' title="bbox 134 3217 1755 3303; baseline -0.004 -24"><span class='ocrx_word' id='word_1_599' title='bbox 134 3230 196 3286; x_wconf 78' lang='lat' dir='ltr'>hm,</span> <span class='ocrx_word' id='word_1_600' title='bbox 208 3223 257 3292; x_wconf 92' lang='lat' dir='ltr'>qui</span> <span class='ocrx_word' id='word_1_601' title='bbox 271 3222 335 3276; x_wconf 92' lang='lat' dir='ltr'>dum</span> <span class='ocrx_word' id='word_1_602' title='bbox 354 3222 451 3275; x_wconf 87' lang='lat' dir='ltr'>maniae</span> <span class='ocrx_word' id='word_1_603' title='bbox 465 3230 528 3291; x_wconf 79' lang='lat' dir='ltr'>typo</span> <span class='ocrx_word' id='word_1_604' title='bbox 549 3222 576 3275; x_wconf 94' lang='lat' dir='ltr'>in</span> <span class='ocrx_word' id='word_1_605' title='bbox 592 3220 679 3303; x_wconf 88' lang='lat' dir='ltr'>capite</span> <span class='ocrx_word' id='word_1_606' title='bbox 695 3220 917 3281; x_wconf 72' lang='lat' dir='ltr'>cauteriaretura</span> <span class='ocrx_word' id='word_1_607' title='bbox 968 3227 1026 3273; x_wconf 90' lang='lat' dir='ltr'>turn</span> <span class='ocrx_word' id='word_1_608' title='bbox 1041 3221 1148 3273; x_wconf 80' lang='lat' dir='ltr'>denium</span> <span class='ocrx_word' id='word_1_609' title='bbox 1165 3219 1198 3272; x_wconf 90' lang='lat' dir='ltr'>ad</span> <span class='ocrx_word' id='word_1_610' title='bbox 1212 3217 1286 3272; x_wconf 88' lang='lat' dir='ltr'>illam</span> <span class='ocrx_word' id='word_1_611' title='bbox 1310 3219 1343 3275; x_wconf 89' lang='lat' dir='ltr'>de</span> <span class='ocrx_word' id='word_1_612' title='bbox 1368 3219 1512 3299; x_wconf 79' lang='lat' dir='ltr'>artoptione</span> <span class='ocrx_word' id='word_1_613' title='bbox 1533 3220 1695 3274; x_wconf 85' lang='lat' dir='ltr'>sententiam</span> <span class='ocrx_word' id='word_1_614' title='bbox 1709 3220 1755 3273; x_wconf 90' lang='lat' dir='ltr'>de-</span> 
     </span>
     <span class='ocr_line' id='line_1_44' title="bbox 133 3288 1752 3358; baseline -0.003 -11"><span class='ocrx_word' id='word_1_615' title='bbox 133 3293 245 3355; x_wconf 81' lang='lat' dir='ltr'>medico,</span> <span class='ocrx_word' id='word_1_616' title='bbox 262 3305 292 3346; x_wconf 93' lang='lat' dir='ltr'>se</span> <span class='ocrx_word' id='word_1_617' title='bbox 302 3290 415 3345; x_wconf 92' lang='lat' dir='ltr'>similem</span> <span class='ocrx_word' id='word_1_618' title='bbox 429 3290 537 3346; x_wconf 90' lang='lat' dir='ltr'>Christo</span> <span class='ocrx_word' id='word_1_619' title='bbox 549 3291 717 3354; x_wconf 83' lang='lat' dir='ltr'>existimaus,</span> <span class='ocrx_word' id='word_1_620' title='bbox 732 3297 760 3342; x_wconf 92' lang='lat' dir='ltr'>et</span> <span class='ocrx_word' id='word_1_621' title='bbox 776 3289 917 3345; x_wconf 90' lang='lat' dir='ltr'>duodecim</span> <span class='ocrx_word' id='word_1_622' title='bbox 968 3291 1067 3354; x_wconf 88' lang='lat' dir='ltr'>riasse,</span> <span class='ocrx_word' id='word_1_623' title='bbox 1078 3289 1185 3358; x_wconf 87' lang='lat' dir='ltr'>quaudo</span> <span class='ocrx_word' id='word_1_624' title='bbox 1198 3288 1364 3343; x_wconf 83' lang='lat' dir='ltr'>diuinitatem</span> <span class='ocrx_word' id='word_1_625' title='bbox 1376 3288 1436 3343; x_wconf 83' lang='lat' dir='ltr'>Filii</span> <span class='ocrx_word' id='word_1_626' title='bbox 1448 3289 1597 3353; x_wconf 84' lang='lat' dir='ltr'>uindicare,</span> <span class='ocrx_word' id='word_1_627' title='bbox 1613 3304 1644 3345; x_wconf 88' lang='lat' dir='ltr'>ac</span> <span class='ocrx_word' id='word_1_628' title='bbox 1657 3289 1752 3343; x_wconf 89' lang='lat' dir='ltr'>distin-</span> 
     </span>
     <span class='ocr_line' id='line_1_45' title="bbox 196 3357 1755 3430; baseline -0.003 -13"><span class='ocrx_word' id='word_1_629' title='bbox 196 3361 267 3417; x_wconf 87' lang='lat' dir='ltr'>tolos</span> <span class='ocrx_word' id='word_1_630' title='bbox 280 3361 331 3415; x_wconf 93' lang='lat' dir='ltr'>sibi</span> <span class='ocrx_word' id='word_1_631' title='bbox 350 3360 466 3430; x_wconf 79' lang='lat' dir='ltr'>eligens,</span> <span class='ocrx_word' id='word_1_632' title='bbox 489 3362 595 3416; x_wconf 91' lang='lat' dir='ltr'>cuidam</span> <span class='ocrx_word' id='word_1_633' title='bbox 617 3358 781 3415; x_wconf 71' lang='lat' dir='ltr'>mulierculae</span> <span class='ocrx_word' id='word_1_634' title='bbox 804 3375 918 3415; x_wconf 92' lang='lat' dir='ltr'>cernens</span> <span class='ocrx_word' id='word_1_635' title='bbox 969 3360 1085 3414; x_wconf 91' lang='lat' dir='ltr'>ctionem</span> <span class='ocrx_word' id='word_1_636' title='bbox 1100 3359 1240 3427; x_wconf 87' lang='lat' dir='ltr'>utriusque</span> <span class='ocrx_word' id='word_1_637' title='bbox 1255 3358 1282 3412; x_wconf 90' lang='lat' dir='ltr'>in</span> <span class='ocrx_word' id='word_1_638' title='bbox 1295 3357 1404 3413; x_wconf 91' lang='lat' dir='ltr'>Christo</span> <span class='ocrx_word' id='word_1_639' title='bbox 1415 3367 1519 3413; x_wconf 73' lang='lat' dir='ltr'>naturae</span> <span class='ocrx_word' id='word_1_640' title='bbox 1538 3368 1660 3414; x_wconf 87' lang='lat' dir='ltr'>astruere</span> <span class='ocrx_word' id='word_1_641' title='bbox 1681 3367 1755 3412; x_wconf 87' lang='lat' dir='ltr'>sata-</span> 
     </span>
     <span class='ocr_line' id='line_1_46' title="bbox 133 3377 1754 3505; baseline -0.001 -20"><span class='ocrx_word' id='word_1_642' title='bbox 133 3377 234 3505; x_wconf 51' lang='lat' dir='ltr'>ime,</span> <span class='ocrx_word' id='word_1_643' title='bbox 255 3446 372 3495; x_wconf 75' lang='lat' dir='ltr'>cernuae,</span> <span class='ocrx_word' id='word_1_644' title='bbox 385 3440 412 3483; x_wconf 89' lang='lat' dir='ltr'>ut</span> <span class='ocrx_word' id='word_1_645' title='bbox 424 3439 497 3500; x_wconf 83' lang='lat' dir='ltr'>putot</span> <span class='ocrx_word' id='word_1_646' title='bbox 521 3431 632 3484; x_wconf 83' lang='lat' dir='ltr'>illrutris</span> <span class='ocrx_word' id='word_1_647' title='bbox 654 3428 783 3501; x_wconf 70' lang='lat' dir='ltr'>liuidus]</span> <span class='ocrx_word' id='word_1_648' title='bbox 806 3431 916 3494; x_wconf 90' lang='lat' dir='ltr'>astanti,</span> <span class='ocrx_word' id='word_1_649' title='bbox 986 3431 1057 3485; x_wconf 89' lang='lat' dir='ltr'>chat.</span> <span class='ocrx_word' id='word_1_650' title='bbox 1070 3428 1103 3482; x_wconf 83' lang='lat' dir='ltr'>Et</span> <span class='ocrx_word' id='word_1_651' title='bbox 1116 3428 1185 3484; x_wconf 84' lang='lat' dir='ltr'>sorte</span> <span class='ocrx_word' id='word_1_652' title='bbox 1199 3430 1275 3499; x_wconf 92' lang='lat' dir='ltr'>plura</span> <span class='ocrx_word' id='word_1_653' title='bbox 1290 3428 1378 3482; x_wconf 91' lang='lat' dir='ltr'>adhuc</span> <span class='ocrx_word' id='word_1_654' title='bbox 1390 3428 1511 3483; x_wconf 81' lang='lat' dir='ltr'>inuenire</span> <span class='ocrx_word' id='word_1_655' title='bbox 1524 3428 1618 3484; x_wconf 88' lang='lat' dir='ltr'>liceret</span> <span class='ocrx_word' id='word_1_656' title='bbox 1635 3429 1662 3483; x_wconf 93' lang='lat' dir='ltr'>in</span> <span class='ocrx_word' id='word_1_657' title='bbox 1677 3428 1754 3484; x_wconf 89' lang='lat' dir='ltr'>libris</span> 
     </span>
     <span class='ocr_line' id='line_1_47' title="bbox 134 3446 1755 3582; baseline -0.003 -25"><span class='ocrx_word' id='word_1_658' title='bbox 134 3512 250 3571; x_wconf 74' lang='lat' dir='ltr'>usurpet</span> <span class='ocrx_word' id='word_1_659' title='bbox 272 3516 333 3555; x_wconf 89' lang='lat' dir='ltr'>eam</span> <span class='ocrx_word' id='word_1_660' title='bbox 358 3498 461 3572; x_wconf 59' lang='lat' dir='ltr'>[Forte</span> <span class='ocrx_word' id='word_1_661' title='bbox 477 3516 556 3571; x_wconf 92' lang='lat' dir='ltr'>super</span> <span class='ocrx_word' id='word_1_662' title='bbox 578 3498 651 3571; x_wconf 87' lang='lat' dir='ltr'>curn]</span> <span class='ocrx_word' id='word_1_663' title='bbox 674 3499 774 3554; x_wconf 88' lang='lat' dir='ltr'>dolenti</span> <span class='ocrx_word' id='word_1_664' title='bbox 794 3497 856 3582; x_wconf 80' lang='lat' dir='ltr'>[Vel</span> <span class='ocrx_word' id='word_1_665' title='bbox 869 3500 917 3555; x_wconf 91' lang='lat' dir='ltr'>do·</span> <span class='ocrx_word' id='word_1_666' title='bbox 969 3446 1002 3555; x_wconf 58' lang='lat' dir='ltr'>fio</span> <span class='ocrx_word' id='word_1_667' title='bbox 1019 3499 1151 3554; x_wconf 83' lang='lat' dir='ltr'>Trinitate</span> <span class='ocrx_word' id='word_1_668' title='bbox 1164 3499 1198 3552; x_wconf 87' lang='lat' dir='ltr'>ab</span> <span class='ocrx_word' id='word_1_669' title='bbox 1214 3513 1247 3553; x_wconf 90' lang='lat' dir='ltr'>eo</span> <span class='ocrx_word' id='word_1_670' title='bbox 1265 3498 1382 3566; x_wconf 86' lang='lat' dir='ltr'>scriptis,</span> <span class='ocrx_word' id='word_1_671' title='bbox 1407 3514 1521 3568; x_wconf 87' lang='lat' dir='ltr'>quorum</span> <span class='ocrx_word' id='word_1_672' title='bbox 1539 3499 1624 3554; x_wconf 88' lang='lat' dir='ltr'>solam</span> <span class='ocrx_word' id='word_1_673' title='bbox 1652 3514 1755 3553; x_wconf 91' lang='lat' dir='ltr'>menm-</span> 
     </span>
     <span class='ocr_line' id='line_1_48' title="bbox 135 3568 1755 3645; baseline -0.001 -20"><span class='ocrx_word' id='word_1_674' title='bbox 135 3570 199 3645; x_wconf 85' lang='lat' dir='ltr'>lurs]</span> <span class='ocrx_word' id='word_1_675' title='bbox 219 3571 324 3626; x_wconf 79' lang='lat' dir='ltr'>dixisse</span> <span class='ocrx_word' id='word_1_676' title='bbox 340 3570 425 3624; x_wconf 88' lang='lat' dir='ltr'>lertnr</span> <span class='ocrx_word' id='word_1_677' title='bbox 438 3587 444 3622; x_wconf 94' lang='lat'>:</span> <span class='ocrx_word' id='word_1_678' title='bbox 459 3569 554 3631; x_wconf 82' lang='lat' dir='ltr'>Amen,</span> <span class='ocrx_word' id='word_1_679' title='bbox 578 3584 656 3625; x_wconf 89' lang='lat' dir='ltr'>amen</span> <span class='ocrx_word' id='word_1_680' title='bbox 679 3569 740 3624; x_wconf 92' lang='lat' dir='ltr'>dico</span> <span class='ocrx_word' id='word_1_681' title='bbox 760 3569 823 3635; x_wconf 85' lang='lat' dir='ltr'>tibr;</span> <span class='ocrx_word' id='word_1_682' title='bbox 840 3570 920 3625; x_wconf 89' lang='lat' dir='ltr'>hodic</span> <span class='ocrx_word' id='word_1_683' title='bbox 970 3571 1038 3625; x_wconf 92' lang='lat' dir='ltr'>riam</span> <span class='ocrx_word' id='word_1_684' title='bbox 1059 3568 1138 3624; x_wconf 88' lang='lat' dir='ltr'>iidem</span> <span class='ocrx_word' id='word_1_685' title='bbox 1160 3569 1258 3623; x_wconf 84' lang='lat' dir='ltr'>Beatus</span> <span class='ocrx_word' id='word_1_686' title='bbox 1278 3576 1306 3623; x_wconf 92' lang='lat' dir='ltr'>et</span> <span class='ocrx_word' id='word_1_687' title='bbox 1326 3568 1452 3624; x_wconf 87' lang='lat' dir='ltr'>Etherius</span> <span class='ocrx_word' id='word_1_688' title='bbox 1465 3568 1492 3622; x_wconf 96' lang='lat' dir='ltr'>in</span> <span class='ocrx_word' id='word_1_689' title='bbox 1507 3570 1644 3624; x_wconf 89' lang='lat' dir='ltr'>norninato</span> <span class='ocrx_word' id='word_1_690' title='bbox 1657 3570 1755 3638; x_wconf 83' lang='lat' dir='ltr'>smptus</span> 
     </span>
     <span class='ocr_line' id='line_1_49' title="bbox 135 3638 1752 3711; baseline -0.002 -14"><span class='ocrx_word' id='word_1_691' title='bbox 135 3642 303 3697; x_wconf 88' lang='lat' dir='ltr'>neenmeris</span> <span class='ocrx_word' id='word_1_692' title='bbox 316 3641 342 3694; x_wconf 92' lang='lat' dir='ltr'>in</span> <span class='ocrx_word' id='word_1_693' title='bbox 357 3639 490 3711; x_wconf 87' lang='lat' dir='ltr'>paradiso.</span> <span class='ocrx_word' id='word_1_694' title='bbox 513 3661 522 3691; x_wconf 80' lang='lat' dir='ltr'>r</span> <span class='ocrx_word' id='word_1_695' title='bbox 540 3640 567 3693; x_wconf 94' lang='lat' dir='ltr'>ln</span> <span class='ocrx_word' id='word_1_696' title='bbox 589 3639 639 3694; x_wconf 95' lang='lat' dir='ltr'>hoc</span> <span class='ocrx_word' id='word_1_697' title='bbox 656 3647 728 3692; x_wconf 81' lang='lat' dir='ltr'>textu</span> <span class='ocrx_word' id='word_1_698' title='bbox 749 3648 844 3694; x_wconf 91' lang='lat' dir='ltr'>notare</span> <span class='ocrx_word' id='word_1_699' title='bbox 863 3643 920 3709; x_wconf 88' lang='lat' dir='ltr'>pri·</span> <span class='ocrx_word' id='word_1_700' title='bbox 969 3654 1049 3695; x_wconf 79' lang='lat' dir='ltr'>orere</span> <span class='ocrx_word' id='word_1_701' title='bbox 1062 3646 1267 3701; x_wconf 79' lang='lat' dir='ltr'>consecrarunt,</span> <span class='ocrx_word' id='word_1_702' title='bbox 1283 3653 1343 3693; x_wconf 91' lang='lat' dir='ltr'>cum</span> <span class='ocrx_word' id='word_1_703' title='bbox 1358 3639 1473 3694; x_wconf 84' lang='lat' dir='ltr'>illosaut</span> <span class='ocrx_word' id='word_1_704' title='bbox 1488 3646 1637 3711; x_wconf 89' lang='lat' dir='ltr'>temporum</span> <span class='ocrx_word' id='word_1_705' title='bbox 1654 3638 1752 3708; x_wconf 88' lang='lat' dir='ltr'>injuria</span> 
     </span>
     <span class='ocr_line' id='line_1_50' title="bbox 135 3657 1751 3780; baseline -0.002 -13"><span class='ocrx_word' id='word_1_706' title='bbox 135 3710 292 3780; x_wconf 74' lang='lat' dir='ltr'>memineat</span> <span class='ocrx_word' id='word_1_707' title='bbox 306 3710 440 3775; x_wconf 90' lang='lat' dir='ltr'>mendum,</span> <span class='ocrx_word' id='word_1_708' title='bbox 456 3711 526 3778; x_wconf 90' lang='lat' dir='ltr'>qnod</span> <span class='ocrx_word' id='word_1_709' title='bbox 540 3710 566 3763; x_wconf 92' lang='lat' dir='ltr'>in</span> <span class='ocrx_word' id='word_1_710' title='bbox 589 3708 707 3763; x_wconf 88' lang='lat' dir='ltr'>dictione</span> <span class='ocrx_word' id='word_1_711' title='bbox 728 3709 870 3778; x_wconf 90' lang='lat' dir='ltr'>irrepsisse</span> <span class='ocrx_word' id='word_1_712' title='bbox 883 3711 920 3763; x_wconf 86' lang='lat' dir='ltr'>ri·</span> <span class='ocrx_word' id='word_1_713' title='bbox 970 3657 1159 3778; x_wconf 57' lang='lat' dir='ltr'>alisnnrpserit,</span> <span class='ocrx_word' id='word_1_714' title='bbox 1174 3716 1220 3761; x_wconf 89' lang='lat' dir='ltr'>ant</span> <span class='ocrx_word' id='word_1_715' title='bbox 1234 3707 1332 3763; x_wconf 90' lang='lat' dir='ltr'>alicubi</span> <span class='ocrx_word' id='word_1_716' title='bbox 1347 3710 1435 3763; x_wconf 92' lang='lat' dir='ltr'>adhuc</span> <span class='ocrx_word' id='word_1_717' title='bbox 1454 3708 1571 3763; x_wconf 90' lang='lat' dir='ltr'>latentes</span> <span class='ocrx_word' id='word_1_718' title='bbox 1585 3710 1662 3764; x_wconf 87' lang='lat' dir='ltr'>nobis</span> <span class='ocrx_word' id='word_1_719' title='bbox 1691 3724 1751 3763; x_wconf 90' lang='lat' dir='ltr'>sors</span> 
     </span>
     <span class='ocr_line' id='line_1_51' title="bbox 135 3776 1755 3848; baseline -0.004 -10"><span class='ocrx_word' id='word_1_720' title='bbox 135 3782 219 3847; x_wconf 79' lang='lat' dir='ltr'>tetur,</span> <span class='ocrx_word' id='word_1_721' title='bbox 231 3780 276 3835; x_wconf 78' lang='lat' dir='ltr'>rel</span> <span class='ocrx_word' id='word_1_722' title='bbox 301 3781 402 3834; x_wconf 80' lang='lat' dir='ltr'>Latium</span> <span class='ocrx_word' id='word_1_723' title='bbox 420 3780 515 3848; x_wconf 74' lang='lat' dir='ltr'>linguae</span> <span class='ocrx_word' id='word_1_724' title='bbox 529 3779 673 3847; x_wconf 89' lang='lat' dir='ltr'>imperitia,</span> <span class='ocrx_word' id='word_1_725' title='bbox 689 3778 730 3833; x_wconf 82' lang='lat' dir='ltr'>ret</span> <span class='ocrx_word' id='word_1_726' title='bbox 746 3779 826 3832; x_wconf 91' lang='lat' dir='ltr'>etiam</span> <span class='ocrx_word' id='word_1_727' title='bbox 849 3780 919 3834; x_wconf 88' lang='lat' dir='ltr'>scri·</span> <span class='ocrx_word' id='word_1_728' title='bbox 970 3779 1085 3834; x_wconf 87' lang='lat' dir='ltr'>necdum</span> <span class='ocrx_word' id='word_1_729' title='bbox 1112 3777 1261 3831; x_wconf 82' lang='lat' dir='ltr'>indulserit.</span> <span class='ocrx_word' id='word_1_730' title='bbox 1278 3776 1384 3832; x_wconf 78' lang='lat' dir='ltr'>hrianae</span> <span class='ocrx_word' id='word_1_731' title='bbox 1409 3793 1494 3848; x_wconf 75' lang='lat' dir='ltr'>erpo,</span> <span class='ocrx_word' id='word_1_732' title='bbox 1522 3779 1699 3842; x_wconf 77' lang='lat' dir='ltr'>Bonosinnte,</span> <span class='ocrx_word' id='word_1_733' title='bbox 1722 3794 1755 3832; x_wconf 90' lang='lat' dir='ltr'>ac</span> 
     </span>
     <span class='ocr_line' id='line_1_52' title="bbox 134 3846 1754 3921; baseline -0.003 -14"><span class='ocrx_word' id='word_1_734' title='bbox 134 3860 239 3921; x_wconf 72' lang='lat' dir='ltr'>plorum</span> <span class='ocrx_word' id='word_1_735' title='bbox 256 3850 409 3911; x_wconf 84' lang='lat' dir='ltr'>oscitantia,</span> <span class='ocrx_word' id='word_1_736' title='bbox 429 3848 492 3902; x_wconf 92' lang='lat' dir='ltr'>dum</span> <span class='ocrx_word' id='word_1_737' title='bbox 516 3847 619 3903; x_wconf 91' lang='lat' dir='ltr'>scilicet</span> <span class='ocrx_word' id='word_1_738' title='bbox 642 3848 710 3911; x_wconf 90' lang='lat' dir='ltr'>loco,</span> <span class='ocrx_word' id='word_1_739' title='bbox 726 3849 851 3917; x_wconf 82' lang='lat' dir='ltr'>anupiatro</span> <span class='ocrx_word' id='word_1_740' title='bbox 871 3866 919 3902; x_wconf 87' lang='lat' dir='ltr'>ne·</span> <span class='ocrx_word' id='word_1_741' title='bbox 970 3864 1029 3918; x_wconf 79' lang='lat' dir='ltr'>qum</span> <span class='ocrx_word' id='word_1_742' title='bbox 1044 3846 1136 3901; x_wconf 90' lang='lat' dir='ltr'>eadem</span> <span class='ocrx_word' id='word_1_743' title='bbox 1149 3847 1175 3900; x_wconf 92' lang='lat' dir='ltr'>in</span> <span class='ocrx_word' id='word_1_744' title='bbox 1190 3846 1323 3914; x_wconf 88' lang='lat' dir='ltr'>aliquibus</span> <span class='ocrx_word' id='word_1_745' title='bbox 1335 3862 1395 3901; x_wconf 90' lang='lat' dir='ltr'>cum</span> <span class='ocrx_word' id='word_1_746' title='bbox 1408 3848 1483 3901; x_wconf 90' lang='lat' dir='ltr'>hisce</span> <span class='ocrx_word' id='word_1_747' title='bbox 1496 3846 1594 3913; x_wconf 87' lang='lat' dir='ltr'>luerat,</span> <span class='ocrx_word' id='word_1_748' title='bbox 1605 3848 1754 3917; x_wconf 75' lang='lat' dir='ltr'>lligetianae</span> 
     </span>
     <span class='ocr_line' id='line_1_53' title="bbox 134 3916 1754 3999; baseline -0.003 -23"><span class='ocrx_word' id='word_1_749' title='bbox 134 3922 190 3976; x_wconf 78' lang='lat' dir='ltr'>stris</span> <span class='ocrx_word' id='word_1_750' title='bbox 205 3920 364 3991; x_wconf 78' lang='lat' dir='ltr'>temporibus</span> <span class='ocrx_word' id='word_1_751' title='bbox 378 3917 598 3987; x_wconf 63' lang='lat' dir='ltr'>circumponitur</span> <span class='ocrx_word' id='word_1_752' title='bbox 616 3917 787 3999; x_wconf 72' lang='lat' dir='ltr'>mnqistrum.</span> <span class='ocrx_word' id='word_1_753' title='bbox 798 3950 824 3971; x_wconf 75' lang='grc'>..</span> <span class='ocrx_word' id='word_1_754' title='bbox 842 3934 920 3972; x_wconf 78' lang='lat' dir='ltr'>eaor·</span> <span class='ocrx_word' id='word_1_755' title='bbox 971 3919 1103 3972; x_wconf 75' lang='lat' dir='ltr'>haeresees</span> <span class='ocrx_word' id='word_1_756' title='bbox 1113 3916 1278 3986; x_wconf 78' lang='lat' dir='ltr'>impugnatio</span> <span class='ocrx_word' id='word_1_757' title='bbox 1301 3917 1472 3971; x_wconf 90' lang='lat' dir='ltr'>occasionem</span> <span class='ocrx_word' id='word_1_758' title='bbox 1497 3917 1629 3985; x_wconf 83' lang='lat' dir='ltr'>Elipando</span> <span class='ocrx_word' id='word_1_759' title='bbox 1651 3918 1754 3972; x_wconf 89' lang='lat' dir='ltr'>erroris</span> 
     </span>
     <span class='ocr_line' id='line_1_54' title="bbox 124 3984 1755 4059; baseline -0.001 -17"><span class='ocrx_word' id='word_1_760' title='bbox 124 4000 195 4045; x_wconf 76' lang='lat' dir='ltr'>mm.</span> <span class='ocrx_word' id='word_1_761' title='bbox 221 3988 288 4045; x_wconf 72' lang='lat' dir='ltr'>llaec</span> <span class='ocrx_word' id='word_1_762' title='bbox 306 3989 376 4043; x_wconf 91' lang='lat' dir='ltr'>enim</span> <span class='ocrx_word' id='word_1_763' title='bbox 390 4003 442 4042; x_wconf 94' lang='lat' dir='ltr'>non</span> <span class='ocrx_word' id='word_1_764' title='bbox 460 3986 554 4048; x_wconf 81' lang='lat' dir='ltr'>Beato.</span> <span class='ocrx_word' id='word_1_765' title='bbox 570 3987 617 4043; x_wconf 91' lang='lat' dir='ltr'>sed</span> <span class='ocrx_word' id='word_1_766' title='bbox 632 3987 739 4059; x_wconf 79' lang='lat' dir='ltr'>lligetio</span> <span class='ocrx_word' id='word_1_767' title='bbox 763 3988 918 4053; x_wconf 84' lang='lat' dir='ltr'>conuenire,</span> <span class='ocrx_word' id='word_1_768' title='bbox 970 3984 1118 4056; x_wconf 81' lang='lat' dir='ltr'>hdoptiani</span> <span class='ocrx_word' id='word_1_769' title='bbox 1147 3985 1252 4048; x_wconf 74' lang='lat' dir='ltr'>raabnit,</span> <span class='ocrx_word' id='word_1_770' title='bbox 1273 3984 1360 4053; x_wconf 78' lang='lat' dir='ltr'>plane(</span> <span class='ocrx_word' id='word_1_771' title='bbox 1372 4000 1404 4039; x_wconf 90' lang='lat' dir='ltr'>ue</span> <span class='ocrx_word' id='word_1_772' title='bbox 1417 3984 1609 4054; x_wconf 81' lang='lat' dir='ltr'>pronissimum</span> <span class='ocrx_word' id='word_1_773' title='bbox 1631 3986 1680 4055; x_wconf 92' lang='lat' dir='ltr'>ipsi</span> <span class='ocrx_word' id='word_1_774' title='bbox 1696 3986 1755 4042; x_wconf 87' lang='lat' dir='ltr'>lue·</span> 
     </span>
     <span class='ocr_line' id='line_1_55' title="bbox 135 4054 1756 4143; baseline -0.001 -29"><span class='ocrx_word' id='word_1_775' title='bbox 135 4061 175 4129; x_wconf 89' lang='lat' dir='ltr'>qni</span> <span class='ocrx_word' id='word_1_776' title='bbox 189 4061 271 4143; x_wconf 82' lang='lat' dir='ltr'>proin</span> <span class='ocrx_word' id='word_1_777' title='bbox 291 4059 325 4113; x_wconf 90' lang='lat' dir='ltr'>ab</span> <span class='ocrx_word' id='word_1_778' title='bbox 338 4057 470 4128; x_wconf 89' lang='lat' dir='ltr'>episcopis</span> <span class='ocrx_word' id='word_1_779' title='bbox 486 4059 661 4112; x_wconf 89' lang='lat' dir='ltr'>Casianomm</span> <span class='ocrx_word' id='word_1_780' title='bbox 685 4066 712 4111; x_wconf 90' lang='lat' dir='ltr'>et</span> <span class='ocrx_word' id='word_1_781' title='bbox 731 4056 920 4112; x_wconf 83' lang='lat' dir='ltr'>Salibanorum</span> <span class='ocrx_word' id='word_1_782' title='bbox 971 4065 1028 4122; x_wconf 91' lang='lat' dir='ltr'>rat,</span> <span class='ocrx_word' id='word_1_783' title='bbox 1055 4056 1090 4110; x_wconf 90' lang='lat' dir='ltr'>ad</span> <span class='ocrx_word' id='word_1_784' title='bbox 1135 4054 1315 4108; x_wconf 89' lang='lat' dir='ltr'>istinetioncm</span> <span class='ocrx_word' id='word_1_785' title='bbox 1344 4055 1418 4109; x_wconf 87' lang='lat' dir='ltr'>llam</span> <span class='ocrx_word' id='word_1_786' title='bbox 1439 4054 1605 4110; x_wconf 78' lang='lat' dir='ltr'>dtr-irritatam</span> <span class='ocrx_word' id='word_1_787' title='bbox 1631 4056 1702 4111; x_wconf 87' lang='lat' dir='ltr'>iuter</span> <span class='ocrx_word' id='word_1_788' title='bbox 1728 4067 1756 4112; x_wconf 90' lang='lat' dir='ltr'>ct</span> 
     </span>
     <span class='ocr_line' id='line_1_56' title="bbox 136 4123 1753 4207; baseline -0.002 -22"><span class='ocrx_word' id='word_1_789' title='bbox 136 4138 263 4202; x_wconf 75' lang='lat' dir='ltr'>anagrates</span> <span class='ocrx_word' id='word_1_790' title='bbox 276 4129 392 4190; x_wconf 89' lang='lat' dir='ltr'>dicitur,</span> <span class='ocrx_word' id='word_1_791' title='bbox 415 4143 447 4181; x_wconf 82' lang='lat' dir='ltr'>ex</span> <span class='ocrx_word' id='word_1_792' title='bbox 461 4129 552 4183; x_wconf 91' lang='lat' dir='ltr'>statim</span> <span class='ocrx_word' id='word_1_793' title='bbox 566 4127 791 4207; x_wconf 82' lang='lat' dir='ltr'>subsequentibus</span> <span class='ocrx_word' id='word_1_794' title='bbox 804 4136 846 4182; x_wconf 90' lang='lat' dir='ltr'>sat</span> <span class='ocrx_word' id='word_1_795' title='bbox 865 4129 920 4182; x_wconf 86' lang='lat' dir='ltr'>cri·</span> <span class='ocrx_word' id='word_1_796' title='bbox 971 4125 1166 4182; x_wconf 84' lang='lat' dir='ltr'>humanitatem</span> <span class='ocrx_word' id='word_1_797' title='bbox 1192 4123 1351 4186; x_wconf 87' lang='lat' dir='ltr'>deflectere,</span> <span class='ocrx_word' id='word_1_798' title='bbox 1379 4140 1440 4179; x_wconf 91' lang='lat' dir='ltr'>cum</span> <span class='ocrx_word' id='word_1_799' title='bbox 1467 4131 1562 4178; x_wconf 89' lang='lat' dir='ltr'>contra</span> <span class='ocrx_word' id='word_1_800' title='bbox 1595 4127 1753 4181; x_wconf 75' lang='lat' dir='ltr'>haereticum</span> 
     </span>
     <span class='ocr_line' id='line_1_57' title="bbox 103 4192 1755 4269; baseline -0.002 -15"><span class='ocrx_word' id='word_1_801' title='bbox 103 4251 107 4259; x_wconf 89' lang='grc'><strong>,</strong></span> <span class='ocrx_word' id='word_1_802' title='bbox 137 4198 225 4255; x_wconf 65' lang='lat' dir='ltr'>buter</span> <span class='ocrx_word' id='word_1_803' title='bbox 247 4206 332 4269; x_wconf 88' lang='lat' dir='ltr'>patet,</span> <span class='ocrx_word' id='word_1_804' title='bbox 344 4206 373 4251; x_wconf 89' lang='lat' dir='ltr'>ut</span> <span class='ocrx_word' id='word_1_805' title='bbox 392 4205 453 4265; x_wconf 90' lang='lat' dir='ltr'>pote</span> <span class='ocrx_word' id='word_1_806' title='bbox 469 4213 529 4267; x_wconf 75' lang='lat' dir='ltr'>quae</span> <span class='ocrx_word' id='word_1_807' title='bbox 541 4198 575 4251; x_wconf 92' lang='lat' dir='ltr'>ad</span> <span class='ocrx_word' id='word_1_808' title='bbox 590 4211 724 4251; x_wconf 90' lang='lat' dir='ltr'>nennnem</span> <span class='ocrx_word' id='word_1_809' title='bbox 749 4197 842 4262; x_wconf 90' lang='lat' dir='ltr'>alium,</span> <span class='ocrx_word' id='word_1_810' title='bbox 868 4198 919 4252; x_wconf 86' lang='lat' dir='ltr'>nisi</span> <span class='ocrx_word' id='word_1_811' title='bbox 970 4203 1073 4268; x_wconf 77' lang='lat' dir='ltr'>ageret,</span> <span class='ocrx_word' id='word_1_812' title='bbox 1088 4194 1133 4265; x_wconf 92' lang='lat' dir='ltr'>qui</span> <span class='ocrx_word' id='word_1_813' title='bbox 1147 4193 1298 4263; x_wconf 83' lang='lat' dir='ltr'>adoptiuum</span> <span class='ocrx_word' id='word_1_814' title='bbox 1317 4194 1499 4249; x_wconf 85' lang='lat' dir='ltr'>tantummodo</span> <span class='ocrx_word' id='word_1_815' title='bbox 1514 4192 1562 4248; x_wconf 78' lang='lat' dir='ltr'>liei</span> <span class='ocrx_word' id='word_1_816' title='bbox 1575 4193 1683 4260; x_wconf 86' lang='lat' dir='ltr'>Filium,</span> <span class='ocrx_word' id='word_1_817' title='bbox 1701 4213 1755 4251; x_wconf 93' lang='lat' dir='ltr'>non</span> 
     </span>
     <span class='ocr_line' id='line_1_58' title="bbox 138 4264 1756 4339; baseline -0.001 -17"><span class='ocrx_word' id='word_1_818' title='bbox 138 4269 167 4325; x_wconf 83' lang='lat' dir='ltr'>ad</span> <span class='ocrx_word' id='word_1_819' title='bbox 185 4269 344 4339; x_wconf 78' lang='lat' dir='ltr'>praedictrun</span> <span class='ocrx_word' id='word_1_820' title='bbox 371 4266 506 4337; x_wconf 82' lang='lat' dir='ltr'>lligetium</span> <span class='ocrx_word' id='word_1_821' title='bbox 526 4267 661 4335; x_wconf 88' lang='lat' dir='ltr'>pertinere</span> <span class='ocrx_word' id='word_1_822' title='bbox 685 4274 815 4336; x_wconf 89' lang='lat' dir='ltr'>possunt,</span> <span class='ocrx_word' id='word_1_823' title='bbox 840 4278 920 4338; x_wconf 92' lang='lat' dir='ltr'>prout</span> <span class='ocrx_word' id='word_1_824' title='bbox 970 4278 1064 4319; x_wconf 82' lang='lat' dir='ltr'>rerum</span> <span class='ocrx_word' id='word_1_825' title='bbox 1085 4264 1245 4328; x_wconf 83' lang='lat' dir='ltr'>admiserat;</span> <span class='ocrx_word' id='word_1_826' title='bbox 1260 4273 1340 4334; x_wconf 89' lang='lat' dir='ltr'>prout</span> <span class='ocrx_word' id='word_1_827' title='bbox 1366 4265 1430 4333; x_wconf 90' lang='lat' dir='ltr'>ipsis</span> <span class='ocrx_word' id='word_1_828' title='bbox 1443 4264 1507 4317; x_wconf 92' lang='lat' dir='ltr'>olim</span> <span class='ocrx_word' id='word_1_829' title='bbox 1527 4265 1690 4320; x_wconf 74' lang='lat' dir='ltr'>arianorum</span> <span class='ocrx_word' id='word_1_830' title='bbox 1704 4267 1756 4320; x_wconf 89' lang='lat' dir='ltr'>im·</span> 
     </span>
     <span class='ocr_line' id='line_1_59' title="bbox 138 4334 1756 4407; baseline -0.002 -13"><span class='ocrx_word' id='word_1_831' title='bbox 138 4347 286 4394; x_wconf 81' lang='lat' dir='ltr'>mntextum</span> <span class='ocrx_word' id='word_1_832' title='bbox 310 4337 406 4407; x_wconf 78' lang='lat' dir='ltr'>legenti</span> <span class='ocrx_word' id='word_1_833' title='bbox 422 4335 591 4391; x_wconf 78' lang='lat' dir='ltr'>manifestum</span> <span class='ocrx_word' id='word_1_834' title='bbox 605 4336 669 4390; x_wconf 91' lang='lat' dir='ltr'>crit.</span> <span class='ocrx_word' id='word_1_835' title='bbox 990 4334 1163 4406; x_wconf 76' lang='lat' dir='ltr'>aquatoribus</span> <span class='ocrx_word' id='word_1_836' title='bbox 1183 4334 1326 4404; x_wconf 71' lang='lat' dir='ltr'>contigisse</span> <span class='ocrx_word' id='word_1_837' title='bbox 1347 4335 1564 4389; x_wconf 90' lang='lat' dir='ltr'>nreruorarimns.</span> <span class='ocrx_word' id='word_1_838' title='bbox 1582 4335 1615 4389; x_wconf 84' lang='lat' dir='ltr'>Et</span> <span class='ocrx_word' id='word_1_839' title='bbox 1630 4335 1701 4391; x_wconf 92' lang='lat' dir='ltr'>sicut</span> <span class='ocrx_word' id='word_1_840' title='bbox 1722 4351 1756 4391; x_wconf 83' lang='lat' dir='ltr'>ex</span> 
     </span>
     <span class='ocr_line' id='line_1_60' title="bbox 166 4351 1756 4526; baseline -0.003 -63"><span class='ocrx_word' id='word_1_841' title='bbox 166 4405 399 4476; x_wconf 73' lang='lat' dir='ltr'>mlhlliqetius</span> <span class='ocrx_word' id='word_1_842' title='bbox 418 4404 627 4461; x_wconf 74' lang='lat' dir='ltr'>sabellianorum</span> <span class='ocrx_word' id='word_1_843' title='bbox 650 4407 831 4476; x_wconf 80' lang='lat' dir='ltr'>maqiatcr.—</span> <span class='ocrx_word' id='word_1_844' title='bbox 846 4405 918 4462; x_wconf 73' lang='lat' dir='ltr'>Prae·</span> <span class='ocrx_word' id='word_1_845' title='bbox 933 4351 1084 4461; x_wconf 64' lang='lat' dir='ltr'>D[contio</span> <span class='ocrx_word' id='word_1_846' title='bbox 1109 4402 1255 4526; x_wconf 45' lang='lat' dir='ltr'>BR&#39;santiuo</span> <span class='ocrx_word' id='word_1_847' title='bbox 1283 4404 1390 4459; x_wconf 90' lang='lat' dir='ltr'>initium</span> <span class='ocrx_word' id='word_1_848' title='bbox 1419 4404 1586 4461; x_wconf 84' lang='lat' dir='ltr'>Nestorianae</span> <span class='ocrx_word' id='word_1_849' title='bbox 1621 4406 1756 4461; x_wconf 71' lang='lat' dir='ltr'>hereseos</span> 
     </span>
     <span class='ocr_line' id='line_1_61' title="bbox 139 4475 1108 4545; baseline -0.001 -15"><span class='ocrx_word' id='word_1_850' title='bbox 139 4477 211 4532; x_wconf 78' lang='lat' dir='ltr'>missa</span> <span class='ocrx_word' id='word_1_851' title='bbox 222 4475 515 4545; x_wconf 73' lang='lat' dir='ltr'>haenotasprcialiter</span> <span class='ocrx_word' id='word_1_852' title='bbox 524 4475 557 4528; x_wconf 90' lang='lat' dir='ltr'>ad</span> <span class='ocrx_word' id='word_1_853' title='bbox 568 4483 688 4530; x_wconf 83' lang='lat' dir='ltr'>nostrum</span> <span class='ocrx_word' id='word_1_854' title='bbox 700 4477 833 4532; x_wconf 89' lang='lat' dir='ltr'>iutcmurn</span> <span class='ocrx_word' id='word_1_855' title='bbox 841 4475 917 4541; x_wconf 89' lang='lat' dir='ltr'>lacit,</span> <span class='ocrx_word' id='word_1_856' title='bbox 968 4476 1042 4531; x_wconf 91' lang='lat' dir='ltr'>aliud</span> <span class='ocrx_word' id='word_1_857' title='bbox 1054 4490 1108 4530; x_wconf 93' lang='lat' dir='ltr'>non</span> 
     </span>
     <span class='ocr_line' id='line_1_62' title="bbox 219 4544 1753 4617; baseline -0.001 -16"><span class='ocrx_word' id='word_1_858' title='bbox 219 4546 345 4617; x_wconf 74' lang='lat' dir='ltr'>lliqetius</span> <span class='ocrx_word' id='word_1_859' title='bbox 359 4547 571 4601; x_wconf 88' lang='lat' dir='ltr'>Casianorumot</span> <span class='ocrx_word' id='word_1_860' title='bbox 588 4545 775 4601; x_wconf 83' lang='lat' dir='ltr'>Salihanornm</span> <span class='ocrx_word' id='word_1_861' title='bbox 790 4547 920 4616; x_wconf 84' lang='lat' dir='ltr'>magister</span> <span class='ocrx_word' id='word_1_862' title='bbox 968 4547 1024 4601; x_wconf 89' lang='lat' dir='ltr'>rint</span> <span class='ocrx_word' id='word_1_863' title='bbox 1045 4560 1183 4600; x_wconf 90' lang='lat' dir='ltr'>sacrarum</span> <span class='ocrx_word' id='word_1_864' title='bbox 1207 4545 1356 4599; x_wconf 88' lang='lat' dir='ltr'>litterarum</span> <span class='ocrx_word' id='word_1_865' title='bbox 1384 4559 1473 4606; x_wconf 79' lang='lat' dir='ltr'>uoces.</span> <span class='ocrx_word' id='word_1_866' title='bbox 1496 4544 1564 4599; x_wconf 90' lang='lat' dir='ltr'>alias</span> <span class='ocrx_word' id='word_1_867' title='bbox 1590 4545 1699 4615; x_wconf 89' lang='lat' dir='ltr'>quidem</span> <span class='ocrx_word' id='word_1_868' title='bbox 1720 4546 1753 4601; x_wconf 89' lang='lat' dir='ltr'>ad</span> 
     </span>
     <span class='ocr_line' id='line_1_63' title="bbox 162 4613 1754 4685; baseline -0.001 -13"><span class='ocrx_word' id='word_1_869' title='bbox 162 4625 250 4681; x_wconf 86' lang='lat' dir='ltr'>eatur,</span> <span class='ocrx_word' id='word_1_870' title='bbox 267 4617 312 4670; x_wconf 90' lang='lat' dir='ltr'>nbi</span> <span class='ocrx_word' id='word_1_871' title='bbox 325 4616 490 4670; x_wconf 87' lang='lat' dir='ltr'>clarissimus</span> <span class='ocrx_word' id='word_1_872' title='bbox 503 4614 614 4685; x_wconf 86' lang='lat' dir='ltr'>llajans.</span> <span class='ocrx_word' id='word_1_873' title='bbox 634 4614 845 4670; x_wconf 82' lang='lat' dir='ltr'>Saietlr‘onoram</span> <span class='ocrx_word' id='word_1_874' title='bbox 859 4617 919 4670; x_wconf 90' lang='lat' dir='ltr'>loeo</span> <span class='ocrx_word' id='word_1_875' title='bbox 968 4616 1147 4680; x_wconf 79' lang='lat' dir='ltr'>divinitatem,</span> <span class='ocrx_word' id='word_1_876' title='bbox 1162 4614 1229 4669; x_wconf 90' lang='lat' dir='ltr'>alias</span> <span class='ocrx_word' id='word_1_877' title='bbox 1248 4628 1313 4668; x_wconf 86' lang='lat' dir='ltr'>vcro</span> <span class='ocrx_word' id='word_1_878' title='bbox 1325 4613 1357 4668; x_wconf 91' lang='lat' dir='ltr'>ad</span> <span class='ocrx_word' id='word_1_879' title='bbox 1371 4615 1566 4668; x_wconf 86' lang='lat' dir='ltr'>lmnranitatem</span> <span class='ocrx_word' id='word_1_880' title='bbox 1581 4615 1694 4682; x_wconf 89' lang='lat' dir='ltr'>relatas;</span> <span class='ocrx_word' id='word_1_881' title='bbox 1717 4617 1754 4671; x_wconf 88' lang='lat' dir='ltr'>ita</span> 
     </span>
    </p>
   </div>
   <div class='ocr_carea' id='block_1_3' title="bbox 1134 4473 1756 4544">
    <p class='ocr_par' dir='ltr' id='par_1_3' title="bbox 1134 4473 1756 4544">
     <span class='ocr_line' id='line_1_64' title="bbox 1134 4473 1756 4544; baseline 0.003 -16"><span class='ocrx_word' id='word_1_882' title='bbox 1134 4475 1184 4539; x_wconf 92' lang='lat' dir='ltr'>nit,</span> <span class='ocrx_word' id='word_1_883' title='bbox 1207 4490 1286 4543; x_wconf 91' lang='lat' dir='ltr'>quam</span> <span class='ocrx_word' id='word_1_884' title='bbox 1303 4473 1374 4544; x_wconf 92' lang='lat' dir='ltr'>qnod</span> <span class='ocrx_word' id='word_1_885' title='bbox 1386 4475 1492 4530; x_wconf 89' lang='lat' dir='ltr'>incaute</span> <span class='ocrx_word' id='word_1_886' title='bbox 1507 4475 1591 4543; x_wconf 88' lang='lat' dir='ltr'>aliqui</span> <span class='ocrx_word' id='word_1_887' title='bbox 1613 4476 1756 4531; x_wconf 84' lang='lat' dir='ltr'>distribue-</span> 
     </span>
    </p>
   </div>
   <div class='ocr_carea' id='block_1_4' title="bbox 141 4681 1757 5018">
    <p class='ocr_par' dir='ltr' id='par_1_4' title="bbox 141 4681 1757 5018">
     <span class='ocr_line' id='line_1_65' title="bbox 142 4681 1755 4809; baseline 0.001 -70"><span class='ocrx_word' id='word_1_888' title='bbox 142 4682 320 4741; x_wconf 78' lang='lat' dir='ltr'>drliimmrum</span> <span class='ocrx_word' id='word_1_889' title='bbox 346 4686 487 4757; x_wconf 81' lang='lat' dir='ltr'>legendum</span> <span class='ocrx_word' id='word_1_890' title='bbox 506 4693 593 4755; x_wconf 90' lang='lat' dir='ltr'>putat,</span> <span class='ocrx_word' id='word_1_891' title='bbox 616 4685 641 4739; x_wconf 93' lang='lat' dir='ltr'>id</span> <span class='ocrx_word' id='word_1_892' title='bbox 659 4686 730 4754; x_wconf 91' lang='lat' dir='ltr'>qnod</span> <span class='ocrx_word' id='word_1_893' title='bbox 754 4686 919 4741; x_wconf 78' lang='lat' dir='ltr'>exindeuon</span> <span class='ocrx_word' id='word_1_894' title='bbox 968 4694 1127 4809; x_wconf 50' lang='lat' dir='ltr'>arffiumcuta</span> <span class='ocrx_word' id='word_1_895' title='bbox 1154 4686 1284 4739; x_wconf 86' lang='lat' dir='ltr'>hactenus</span> <span class='ocrx_word' id='word_1_896' title='bbox 1315 4681 1395 4736; x_wconf 88' lang='lat' dir='ltr'>allata</span> <span class='ocrx_word' id='word_1_897' title='bbox 1420 4684 1568 4749; x_wconf 80' lang='lat' dir='ltr'>evincunt,</span> <span class='ocrx_word' id='word_1_898' title='bbox 1596 4685 1755 4756; x_wconf 86' lang='lat' dir='ltr'>Elipandum</span> 
     </span>
     <span class='ocr_line' id='line_1_66' title="bbox 141 4752 1756 4824; baseline 0 -14"><span class='ocrx_word' id='word_1_899' title='bbox 141 4766 227 4822; x_wconf 82' lang='lat' dir='ltr'>pamm</span> <span class='ocrx_word' id='word_1_900' title='bbox 241 4755 375 4821; x_wconf 89' lang='lat' dir='ltr'>tlrmatnr,</span> <span class='ocrx_word' id='word_1_901' title='bbox 395 4757 465 4824; x_wconf 92' lang='lat' dir='ltr'>quod</span> <span class='ocrx_word' id='word_1_902' title='bbox 484 4769 499 4808; x_wconf 91' lang='lat' dir='ltr'>e</span> <span class='ocrx_word' id='word_1_903' title='bbox 519 4755 602 4822; x_wconf 89' lang='lat' dir='ltr'>iscopi</span> <span class='ocrx_word' id='word_1_904' title='bbox 619 4754 657 4807; x_wconf 93' lang='lat' dir='ltr'>illi</span> <span class='ocrx_word' id='word_1_905' title='bbox 674 4755 701 4809; x_wconf 91' lang='lat' dir='ltr'>in</span> <span class='ocrx_word' id='word_1_906' title='bbox 727 4755 780 4809; x_wconf 90' lang='lat' dir='ltr'>line</span> <span class='ocrx_word' id='word_1_907' title='bbox 798 4756 919 4824; x_wconf 71' lang='lat' dir='ltr'>epistolae</span> <span class='ocrx_word' id='word_1_908' title='bbox 968 4771 1001 4811; x_wconf 91' lang='lat' dir='ltr'>eo</span> <span class='ocrx_word' id='word_1_909' title='bbox 1020 4771 1064 4810; x_wconf 92' lang='lat' dir='ltr'>cm</span> <span class='ocrx_word' id='word_1_910' title='bbox 1085 4755 1194 4808; x_wconf 82' lang='lat' dir='ltr'>tramite</span> <span class='ocrx_word' id='word_1_911' title='bbox 1211 4754 1244 4807; x_wconf 88' lang='lat' dir='ltr'>ad</span> <span class='ocrx_word' id='word_1_912' title='bbox 1256 4766 1377 4807; x_wconf 89' lang='lat' dir='ltr'>errorem</span> <span class='ocrx_word' id='word_1_913' title='bbox 1390 4752 1422 4807; x_wconf 90' lang='lat' dir='ltr'>de</span> <span class='ocrx_word' id='word_1_914' title='bbox 1439 4753 1582 4822; x_wconf 90' lang='lat' dir='ltr'>adoptione</span> <span class='ocrx_word' id='word_1_915' title='bbox 1597 4757 1624 4810; x_wconf 91' lang='lat' dir='ltr'>in</span> <span class='ocrx_word' id='word_1_916' title='bbox 1647 4757 1756 4811; x_wconf 90' lang='lat' dir='ltr'>Christo</span> 
     </span>
     <span class='ocr_line' id='line_1_67' title="bbox 142 4770 1757 4897; baseline 0.002 -21"><span class='ocrx_word' id='word_1_917' title='bbox 142 4836 190 4880; x_wconf 79' lang='lat' dir='ltr'>sne</span> <span class='ocrx_word' id='word_1_918' title='bbox 200 4825 317 4897; x_wconf 89' lang='lat' dir='ltr'>speciale</span> <span class='ocrx_word' id='word_1_919' title='bbox 338 4826 480 4879; x_wconf 89' lang='lat' dir='ltr'>anathema</span> <span class='ocrx_word' id='word_1_920' title='bbox 495 4770 585 4877; x_wconf 60' lang='lat' dir='ltr'>dicant</span> <span class='ocrx_word' id='word_1_921' title='bbox 607 4822 734 4888; x_wconf 81' lang='lat' dir='ltr'>Sabellio,</span> <span class='ocrx_word' id='word_1_922' title='bbox 761 4825 833 4879; x_wconf 90' lang='lat' dir='ltr'>nulla</span> <span class='ocrx_word' id='word_1_923' title='bbox 854 4841 919 4882; x_wconf 87' lang='lat' dir='ltr'>sane</span> <span class='ocrx_word' id='word_1_924' title='bbox 968 4826 1133 4886; x_wconf 77' lang='lat' dir='ltr'>declinasse;</span> <span class='ocrx_word' id='word_1_925' title='bbox 1149 4821 1176 4877; x_wconf 90' lang='lat' dir='ltr'>id</span> <span class='ocrx_word' id='word_1_926' title='bbox 1190 4822 1261 4893; x_wconf 91' lang='lat' dir='ltr'>quod</span> <span class='ocrx_word' id='word_1_927' title='bbox 1276 4837 1309 4877; x_wconf 84' lang='lat' dir='ltr'>er</span> <span class='ocrx_word' id='word_1_928' title='bbox 1334 4840 1361 4876; x_wconf 92' lang='lat' dir='ltr'>n.</span> <span class='ocrx_word' id='word_1_929' title='bbox 1377 4821 1394 4876; x_wconf 81' lang='lat' dir='ltr'>l</span> <span class='ocrx_word' id='word_1_930' title='bbox 1413 4832 1441 4878; x_wconf 86' lang='lat' dir='ltr'>et</span> <span class='ocrx_word' id='word_1_931' title='bbox 1462 4823 1614 4892; x_wconf 76' lang='lat' dir='ltr'>&#39;lepistolaa</span> <span class='ocrx_word' id='word_1_932' title='bbox 1628 4826 1661 4880; x_wconf 91' lang='lat' dir='ltr'>ad</span> <span class='ocrx_word' id='word_1_933' title='bbox 1675 4825 1757 4896; x_wconf 82' lang='lat' dir='ltr'>llige·</span> 
     </span>
     <span class='ocr_line' id='line_1_68' title="bbox 143 4891 1756 5018; baseline 0.002 -72"><span class='ocrx_word' id='word_1_934' title='bbox 143 4893 188 4948; x_wconf 82' lang='lat' dir='ltr'>alia</span> <span class='ocrx_word' id='word_1_935' title='bbox 200 4897 232 4951; x_wconf 87' lang='lat' dir='ltr'>de</span> <span class='ocrx_word' id='word_1_936' title='bbox 244 4910 338 4957; x_wconf 85' lang='lat' dir='ltr'>causa,</span> <span class='ocrx_word' id='word_1_937' title='bbox 350 4895 400 4948; x_wconf 88' lang='lat' dir='ltr'>nisi</span> <span class='ocrx_word' id='word_1_938' title='bbox 408 4895 485 5018; x_wconf 59' lang='lat' dir='ltr'>qqnod</span> <span class='ocrx_word' id='word_1_939' title='bbox 500 4895 666 4964; x_wconf 90' lang='lat' dir='ltr'>temporibus</span> <span class='ocrx_word' id='word_1_940' title='bbox 679 4892 732 4947; x_wconf 91' lang='lat' dir='ltr'>illis</span> <span class='ocrx_word' id='word_1_941' title='bbox 751 4892 861 4959; x_wconf 89' lang='lat' dir='ltr'>luerint,</span> <span class='ocrx_word' id='word_1_942' title='bbox 872 4895 919 4964; x_wconf 90' lang='lat' dir='ltr'>qui</span> <span class='ocrx_word' id='word_1_943' title='bbox 968 4895 1036 4950; x_wconf 90' lang='lat' dir='ltr'>tium</span> <span class='ocrx_word' id='word_1_944' title='bbox 1047 4899 1090 4949; x_wconf 92' lang='lat' dir='ltr'>sat</span> <span class='ocrx_word' id='word_1_945' title='bbox 1102 4900 1194 4962; x_wconf 89' lang='lat' dir='ltr'>aperte</span> <span class='ocrx_word' id='word_1_946' title='bbox 1208 4907 1303 4946; x_wconf 89' lang='lat' dir='ltr'>eruere</span> <span class='ocrx_word' id='word_1_947' title='bbox 1314 4891 1404 4957; x_wconf 88' lang='lat' dir='ltr'>datur,</span> <span class='ocrx_word' id='word_1_948' title='bbox 1426 4894 1470 4948; x_wconf 90' lang='lat' dir='ltr'>ubi</span> <span class='ocrx_word' id='word_1_949' title='bbox 1487 4894 1600 4951; x_wconf 88' lang='lat' dir='ltr'>sollicite</span> <span class='ocrx_word' id='word_1_950' title='bbox 1613 4895 1756 4950; x_wconf 86' lang='lat' dir='ltr'>admodum</span> 
     </span>
    </p>
   </div>
   <div class='ocr_carea' id='block_1_5' title="bbox 144 4960 1768 5736">
    <p class='ocr_par' dir='ltr' id='par_1_5' title="bbox 144 4960 1768 5736">
     <span class='ocr_line' id='line_1_69' title="bbox 144 4960 1758 5035; baseline 0.001 -17"><span class='ocrx_word' id='word_1_951' title='bbox 144 4963 241 5020; x_wconf 72' lang='lat' dir='ltr'>medem</span> <span class='ocrx_word' id='word_1_952' title='bbox 257 4963 392 5020; x_wconf 86' lang='lat' dir='ltr'>eircaSS.</span> <span class='ocrx_word' id='word_1_953' title='bbox 431 4964 920 5035; x_wconf 83' lang='lat' dir='ltr'>riadismysreriumerroresresusci-</span> <span class='ocrx_word' id='word_1_954' title='bbox 968 4970 1058 5019; x_wconf 86' lang='lat' dir='ltr'>textus</span> <span class='ocrx_word' id='word_1_955' title='bbox 1081 4960 1237 5032; x_wconf 74' lang='lat' dir='ltr'>Scriptura,</span> <span class='ocrx_word' id='word_1_956' title='bbox 1282 4978 1377 5018; x_wconf 90' lang='lat' dir='ltr'>uorum</span> <span class='ocrx_word' id='word_1_957' title='bbox 1401 4963 1504 5034; x_wconf 90' lang='lat' dir='ltr'>aliquos</span> <span class='ocrx_word' id='word_1_958' title='bbox 1527 4965 1597 5020; x_wconf 87' lang='lat' dir='ltr'>lorte</span> <span class='ocrx_word' id='word_1_959' title='bbox 1619 4963 1758 5033; x_wconf 82' lang='lat' dir='ltr'>obiecerat</span> 
     </span>
     <span class='ocr_line' id='line_1_70' title="bbox 146 4977 1758 5105; baseline 0.002 -21"><span class='ocrx_word' id='word_1_960' title='bbox 146 5038 245 5089; x_wconf 70' lang='lat' dir='ltr'>hsaent.</span> <span class='ocrx_word' id='word_1_961' title='bbox 259 5033 314 5090; x_wconf 83' lang='lat' dir='ltr'>Cur</span> <span class='ocrx_word' id='word_1_962' title='bbox 335 5048 401 5088; x_wconf 80' lang='lat' dir='ltr'>uero</span> <span class='ocrx_word' id='word_1_963' title='bbox 414 5043 442 5089; x_wconf 90' lang='lat' dir='ltr'>et</span> <span class='ocrx_word' id='word_1_964' title='bbox 460 5033 638 5088; x_wconf 89' lang='lat' dir='ltr'>Casianorum</span> <span class='ocrx_word' id='word_1_965' title='bbox 658 5033 788 5103; x_wconf 77' lang='lat' dir='ltr'>magister</span> <span class='ocrx_word' id='word_1_966' title='bbox 802 5033 918 5100; x_wconf 90' lang='lat' dir='ltr'>dicatur,</span> <span class='ocrx_word' id='word_1_967' title='bbox 969 5032 1194 5105; x_wconf 63' lang='lat' dir='ltr'>argenceium</span> <span class='ocrx_word' id='word_1_968' title='bbox 1216 4977 1296 5103; x_wconf 40' lang='lat'>95⁴9</span> <span class='ocrx_word' id='word_1_969' title='bbox 1320 5042 1463 5104; x_wconf 88' lang='lat' dir='ltr'>utramque</span> <span class='ocrx_word' id='word_1_970' title='bbox 1485 5044 1610 5092; x_wconf 88' lang='lat' dir='ltr'>naturam</span> <span class='ocrx_word' id='word_1_971' title='bbox 1636 5035 1758 5089; x_wconf 86' lang='lat' dir='ltr'>dividere</span> 
     </span>
     <span class='ocr_line' id='line_1_71' title="bbox 146 5100 1756 5175; baseline 0.001 -19"><span class='ocrx_word' id='word_1_972' title='bbox 146 5106 302 5175; x_wconf 81' lang='lat' dir='ltr'>autquinam</span> <span class='ocrx_word' id='word_1_973' title='bbox 314 5104 431 5159; x_wconf 77' lang='lat' dir='ltr'>haretici</span> <span class='ocrx_word' id='word_1_974' title='bbox 443 5104 486 5159; x_wconf 91' lang='lat' dir='ltr'>isti</span> <span class='ocrx_word' id='word_1_975' title='bbox 506 5104 615 5167; x_wconf 89' lang='lat' dir='ltr'>luerint,</span> <span class='ocrx_word' id='word_1_976' title='bbox 630 5116 682 5156; x_wconf 88' lang='lat' dir='ltr'>nec</span> <span class='ocrx_word' id='word_1_977' title='bbox 705 5102 826 5158; x_wconf 78' lang='lat' dir='ltr'>divinare</span> <span class='ocrx_word' id='word_1_978' title='bbox 845 5104 919 5170; x_wconf 77' lang='lat' dir='ltr'>licet,</span> <span class='ocrx_word' id='word_1_979' title='bbox 969 5112 1092 5159; x_wconf 81' lang='lat' dir='ltr'>canatur.</span> <span class='ocrx_word' id='word_1_980' title='bbox 1105 5100 1182 5157; x_wconf 89' lang='lat' dir='ltr'>Unde</span> <span class='ocrx_word' id='word_1_981' title='bbox 1193 5112 1221 5157; x_wconf 91' lang='lat' dir='ltr'>et</span> <span class='ocrx_word' id='word_1_982' title='bbox 1235 5104 1261 5159; x_wconf 93' lang='lat' dir='ltr'>in</span> <span class='ocrx_word' id='word_1_983' title='bbox 1274 5102 1387 5172; x_wconf 90' lang='lat' dir='ltr'>epistola</span> <span class='ocrx_word' id='word_1_984' title='bbox 1402 5105 1435 5158; x_wconf 89' lang='lat' dir='ltr'>ad</span> <span class='ocrx_word' id='word_1_985' title='bbox 1443 5105 1596 5168; x_wconf 79' lang='lat' dir='ltr'>alcuinum,</span> <span class='ocrx_word' id='word_1_986' title='bbox 1609 5105 1675 5159; x_wconf 87' lang='lat' dir='ltr'>edit.</span> <span class='ocrx_word' id='word_1_987' title='bbox 1693 5118 1756 5158; x_wconf 86' lang='lat' dir='ltr'>nor.</span> 
     </span>
     <span class='ocr_line' id='line_1_72' title="bbox 147 5171 1768 5254; baseline 0.004 -29"><span class='ocrx_word' id='word_1_988' title='bbox 147 5182 198 5228; x_wconf 79' lang='lat' dir='ltr'>anta</span> <span class='ocrx_word' id='word_1_989' title='bbox 208 5189 307 5229; x_wconf 85' lang='lat' dir='ltr'>nomen</span> <span class='ocrx_word' id='word_1_990' title='bbox 318 5174 390 5229; x_wconf 91' lang='lat' dir='ltr'>istud</span> <span class='ocrx_word' id='word_1_991' title='bbox 402 5173 472 5244; x_wconf 90' lang='lat' dir='ltr'>apud</span> <span class='ocrx_word' id='word_1_992' title='bbox 487 5174 621 5229; x_wconf 92' lang='lat' dir='ltr'>neminem</span> <span class='ocrx_word' id='word_1_993' title='bbox 635 5171 727 5237; x_wconf 90' lang='lat' dir='ltr'>alium,</span> <span class='ocrx_word' id='word_1_994' title='bbox 740 5173 811 5241; x_wconf 89' lang='lat' dir='ltr'>quod</span> <span class='ocrx_word' id='word_1_995' title='bbox 823 5173 919 5239; x_wconf 90' lang='lat' dir='ltr'>sciam,</span> <span class='ocrx_word' id='word_1_996' title='bbox 968 5183 1035 5229; x_wconf 84' lang='lat' dir='ltr'>tom.</span> <span class='ocrx_word' id='word_1_997' title='bbox 1050 5173 1072 5239; x_wconf 91' lang='lat' dir='ltr'>l,</span> <span class='ocrx_word' id='word_1_998' title='bbox 1100 5171 1147 5226; x_wconf 86' lang='lat' dir='ltr'>sol.</span> <span class='ocrx_word' id='word_1_999' title='bbox 1163 5172 1225 5238; x_wconf 78' lang='grc'><strong>876,</strong></span> <span class='ocrx_word' id='word_1_1000' title='bbox 1245 5172 1291 5227; x_wconf 92' lang='lat' dir='ltr'>ubi</span> <span class='ocrx_word' id='word_1_1001' title='bbox 1314 5175 1368 5228; x_wconf 87' lang='lat' dir='ltr'>rim</span> <span class='ocrx_word' id='word_1_1002' title='bbox 1391 5187 1499 5228; x_wconf 87' lang='lat' dir='ltr'>ornuem</span> <span class='ocrx_word' id='word_1_1003' title='bbox 1527 5190 1577 5254; x_wconf 88' lang='lat' dir='ltr'>pro</span> <span class='ocrx_word' id='word_1_1004' title='bbox 1599 5174 1768 5232; x_wconf 87' lang='lat' dir='ltr'>stabilienda.</span> 
     </span>
     <span class='ocr_line' id='line_1_73' title="bbox 148 5242 1757 5367; baseline 0.002 -71"><span class='ocrx_word' id='word_1_1005' title='bbox 148 5251 187 5296; x_wconf 71' lang='lat' dir='ltr'>tn</span> <span class='ocrx_word' id='word_1_1006' title='bbox 202 5253 335 5307; x_wconf 81' lang='lat' dir='ltr'>veterum,</span> <span class='ocrx_word' id='word_1_1007' title='bbox 359 5260 407 5299; x_wconf 88' lang='lat' dir='ltr'>seu</span> <span class='ocrx_word' id='word_1_1008' title='bbox 426 5245 607 5298; x_wconf 87' lang='lat' dir='ltr'>recentiorum</span> <span class='ocrx_word' id='word_1_1009' title='bbox 620 5242 783 5323; x_wconf 88' lang='lat' dir='ltr'>scriptorum</span> <span class='ocrx_word' id='word_1_1010' title='bbox 801 5259 920 5315; x_wconf 89' lang='lat' dir='ltr'>unquam</span> <span class='ocrx_word' id='word_1_1011' title='bbox 969 5243 1102 5300; x_wconf 90' lang='lat' dir='ltr'>sententia</span> <span class='ocrx_word' id='word_1_1012' title='bbox 1123 5257 1172 5296; x_wconf 83' lang='lat' dir='ltr'>stra</span> <span class='ocrx_word' id='word_1_1013' title='bbox 1185 5243 1281 5308; x_wconf 83' lang='lat' dir='ltr'>exerit,</span> <span class='ocrx_word' id='word_1_1014' title='bbox 1297 5245 1330 5299; x_wconf 87' lang='lat' dir='ltr'>ad</span> <span class='ocrx_word' id='word_1_1015' title='bbox 1344 5243 1426 5299; x_wconf 84' lang='lat' dir='ltr'>rerba</span> <span class='ocrx_word' id='word_1_1016' title='bbox 1449 5253 1534 5299; x_wconf 82' lang='lat' dir='ltr'>sanctu</span> <span class='ocrx_word' id='word_1_1017' title='bbox 1548 5244 1643 5299; x_wconf 89' lang='lat' dir='ltr'>lsidori</span> <span class='ocrx_word' id='word_1_1018' title='bbox 1653 5259 1757 5367; x_wconf 57' lang='lat' dir='ltr'>proro-</span> 
     </span>
     <span class='ocr_line' id='line_1_74' title="bbox 147 5311 1757 5384; baseline 0 -17"><span class='ocrx_word' id='word_1_1019' title='bbox 147 5320 277 5381; x_wconf 65' lang='lat' dir='ltr'>manau</span> <span class='ocrx_word' id='word_1_1020' title='bbox 291 5314 345 5370; x_wconf 89' lang='lat' dir='ltr'>nisi</span> <span class='ocrx_word' id='word_1_1021' title='bbox 359 5315 429 5369; x_wconf 82' lang='lat' dir='ltr'>lorte</span> <span class='ocrx_word' id='word_1_1022' title='bbox 442 5313 587 5367; x_wconf 75' lang='lat' dir='ltr'>bonatista</span> <span class='ocrx_word' id='word_1_1023' title='bbox 598 5311 708 5382; x_wconf 79' lang='lat' dir='ltr'>intelligi</span> <span class='ocrx_word' id='word_1_1024' title='bbox 721 5312 844 5376; x_wconf 88' lang='lat' dir='ltr'>debeant,</span> <span class='ocrx_word' id='word_1_1025' title='bbox 857 5330 922 5384; x_wconf 92' lang='lat' dir='ltr'>qno-</span> <span class='ocrx_word' id='word_1_1026' title='bbox 970 5322 1014 5370; x_wconf 88' lang='lat' dir='ltr'>cat</span> <span class='ocrx_word' id='word_1_1027' title='bbox 1025 5313 1140 5368; x_wconf 90' lang='lat' dir='ltr'>dicentis</span> <span class='ocrx_word' id='word_1_1028' title='bbox 1154 5329 1161 5365; x_wconf 74' lang='grc' dir='ltr'><strong>ε</strong></span> <span class='ocrx_word' id='word_1_1029' title='bbox 1179 5330 1188 5363; x_wconf 86' lang='lat' dir='ltr'>r</span> <span class='ocrx_word' id='word_1_1030' title='bbox 1213 5312 1280 5380; x_wconf 82' lang='lat' dir='ltr'>Quia</span> <span class='ocrx_word' id='word_1_1031' title='bbox 1295 5321 1357 5367; x_wconf 91' lang='lat' dir='ltr'>sunt</span> <span class='ocrx_word' id='word_1_1032' title='bbox 1371 5313 1500 5377; x_wconf 90' lang='lat' dir='ltr'>nonnulli,</span> <span class='ocrx_word' id='word_1_1033' title='bbox 1514 5313 1560 5382; x_wconf 91' lang='lat' dir='ltr'>qui</span> <span class='ocrx_word' id='word_1_1034' title='bbox 1574 5313 1607 5370; x_wconf 88' lang='lat' dir='ltr'>de</span> <span class='ocrx_word' id='word_1_1035' title='bbox 1620 5315 1650 5369; x_wconf 83' lang='lat' dir='ltr'>Fi</span> <span class='ocrx_word' id='word_1_1036' title='bbox 1662 5315 1688 5369; x_wconf 90' lang='lat' dir='ltr'>io</span> <span class='ocrx_word' id='word_1_1037' title='bbox 1709 5315 1757 5368; x_wconf 84' lang='lat' dir='ltr'>liei</span> 
     </span>
     <span class='ocr_line' id='line_1_75' title="bbox 150 5381 1757 5457; baseline 0.001 -20"><span class='ocrx_word' id='word_1_1038' title='bbox 150 5388 199 5437; x_wconf 74' lang='lat' dir='ltr'>lam</span> <span class='ocrx_word' id='word_1_1039' title='bbox 210 5393 304 5439; x_wconf 88' lang='lat' dir='ltr'>auctor</span> <span class='ocrx_word' id='word_1_1040' title='bbox 325 5393 352 5438; x_wconf 88' lang='lat' dir='ltr'>et</span> <span class='ocrx_word' id='word_1_1041' title='bbox 371 5384 563 5454; x_wconf 83' lang='lat' dir='ltr'>antesignanus</span> <span class='ocrx_word' id='word_1_1042' title='bbox 578 5381 697 5438; x_wconf 83' lang='lat' dir='ltr'>bonatus</span> <span class='ocrx_word' id='word_1_1043' title='bbox 711 5399 726 5437; x_wconf 88' lang='lat' dir='ltr'>a</span> <span class='ocrx_word' id='word_1_1044' title='bbox 742 5382 819 5438; x_wconf 89' lang='lat' dir='ltr'>Casis</span> <span class='ocrx_word' id='word_1_1045' title='bbox 836 5384 921 5453; x_wconf 77' lang='lat' dir='ltr'>nigris</span> <span class='ocrx_word' id='word_1_1046' title='bbox 969 5398 1054 5457; x_wconf 87' lang='lat' dir='ltr'>prara</span> <span class='ocrx_word' id='word_1_1047' title='bbox 1069 5383 1198 5447; x_wconf 83' lang='lat' dir='ltr'>seritiunt,</span> <span class='ocrx_word' id='word_1_1048' title='bbox 1212 5391 1240 5437; x_wconf 86' lang='lat' dir='ltr'>et</span> <span class='ocrx_word' id='word_1_1049' title='bbox 1253 5383 1325 5452; x_wconf 92' lang='lat' dir='ltr'>quod</span> <span class='ocrx_word' id='word_1_1050' title='bbox 1339 5383 1372 5436; x_wconf 92' lang='lat' dir='ltr'>de</span> <span class='ocrx_word' id='word_1_1051' title='bbox 1386 5382 1587 5438; x_wconf 91' lang='lat' dir='ltr'>illosecuudnm</span> <span class='ocrx_word' id='word_1_1052' title='bbox 1603 5385 1757 5441; x_wconf 87' lang='lat' dir='ltr'>humanita-</span> 
     </span>
     <span class='ocr_line' id='line_1_76' title="bbox 151 5442 1757 5576; baseline 0.001 -70"><span class='ocrx_word' id='word_1_1053' title='bbox 151 5442 268 5523; x_wconf 62' lang='lat' dir='ltr'>lnllrica</span> <span class='ocrx_word' id='word_1_1054' title='bbox 288 5455 431 5523; x_wconf 88' lang='lat' dir='ltr'>episcopus</span> <span class='ocrx_word' id='word_1_1055' title='bbox 445 5453 542 5518; x_wconf 88' lang='lat' dir='ltr'>luerat,</span> <span class='ocrx_word' id='word_1_1056' title='bbox 558 5467 679 5536; x_wconf 86' lang='lat' dir='ltr'>quosque</span> <span class='ocrx_word' id='word_1_1057' title='bbox 696 5463 838 5576; x_wconf 64' lang='lat' dir='ltr'>pmpterea</span> <span class='ocrx_word' id='word_1_1058' title='bbox 851 5453 921 5509; x_wconf 89' lang='lat' dir='ltr'>lorte</span> <span class='ocrx_word' id='word_1_1059' title='bbox 971 5463 1026 5509; x_wconf 89' lang='lat' dir='ltr'>tem</span> <span class='ocrx_word' id='word_1_1060' title='bbox 1041 5452 1199 5512; x_wconf 85' lang='lat' dir='ltr'>dictumest.</span> <span class='ocrx_word' id='word_1_1061' title='bbox 1216 5449 1381 5506; x_wconf 87' lang='lat' dir='ltr'>transierunt</span> <span class='ocrx_word' id='word_1_1062' title='bbox 1392 5452 1426 5508; x_wconf 89' lang='lat' dir='ltr'>ad</span> <span class='ocrx_word' id='word_1_1063' title='bbox 1448 5453 1627 5519; x_wconf 78' lang='lat' dir='ltr'>diuinitatem,</span> <span class='ocrx_word' id='word_1_1064' title='bbox 1641 5463 1669 5510; x_wconf 88' lang='lat' dir='ltr'>et</span> <span class='ocrx_word' id='word_1_1065' title='bbox 1684 5454 1757 5526; x_wconf 90' lang='lat' dir='ltr'>qnod</span> 
     </span>
     <span class='ocr_line' id='line_1_77' title="bbox 153 5521 1757 5595; baseline -0.001 -16"><span class='ocrx_word' id='word_1_1066' title='bbox 153 5526 175 5570; x_wconf 72' lang='grc' dir='ltr'>ΙΙ</span> <span class='ocrx_word' id='word_1_1067' title='bbox 191 5533 369 5594; x_wconf 82' lang='lat' dir='ltr'>eorrtemptum</span> <span class='ocrx_word' id='word_1_1068' title='bbox 396 5523 522 5579; x_wconf 82' lang='lat' dir='ltr'>Curiones</span> <span class='ocrx_word' id='word_1_1069' title='bbox 539 5522 656 5593; x_wconf 80' lang='lat' dir='ltr'>episcopi</span> <span class='ocrx_word' id='word_1_1070' title='bbox 679 5523 716 5577; x_wconf 90' lang='lat' dir='ltr'>ili</span> <span class='ocrx_word' id='word_1_1071' title='bbox 742 5523 919 5594; x_wconf 89' lang='lat' dir='ltr'>appellarunt.</span> <span class='ocrx_word' id='word_1_1072' title='bbox 971 5523 1005 5579; x_wconf 89' lang='lat' dir='ltr'>de</span> <span class='ocrx_word' id='word_1_1073' title='bbox 1016 5521 1167 5586; x_wconf 84' lang='lat' dir='ltr'>diuinitate,</span> <span class='ocrx_word' id='word_1_1074' title='bbox 1181 5529 1286 5576; x_wconf 74' lang='lat' dir='ltr'>irruunt</span> <span class='ocrx_word' id='word_1_1075' title='bbox 1301 5522 1335 5577; x_wconf 91' lang='lat' dir='ltr'>ad</span> <span class='ocrx_word' id='word_1_1076' title='bbox 1355 5522 1561 5578; x_wconf 82' lang='lat' dir='ltr'>bnauanitatcm.</span> <span class='ocrx_word' id='word_1_1077' title='bbox 1581 5524 1690 5595; x_wconf 79' lang='lat' dir='ltr'>›lqitur</span> <span class='ocrx_word' id='word_1_1078' title='bbox 1702 5525 1757 5578; x_wconf 84' lang='lat' dir='ltr'>Eli·</span> 
     </span>
     <span class='ocr_line' id='line_1_78' title="bbox 153 5580 1758 5664; baseline -0.001 -16"><span class='ocrx_word' id='word_1_1079' title='bbox 153 5580 217 5648; x_wconf 59' lang='lat' dir='ltr'>Qtte</span> <span class='ocrx_word' id='word_1_1080' title='bbox 238 5594 375 5663; x_wconf 79' lang='lat' dir='ltr'>lligetinm</span> <span class='ocrx_word' id='word_1_1081' title='bbox 396 5594 491 5648; x_wconf 81' lang='lat' dir='ltr'>horum</span> <span class='ocrx_word' id='word_1_1082' title='bbox 514 5607 621 5649; x_wconf 88' lang='lat' dir='ltr'>errores</span> <span class='ocrx_word' id='word_1_1083' title='bbox 640 5608 674 5646; x_wconf 78' lang='lat' dir='ltr'>ex</span> <span class='ocrx_word' id='word_1_1084' title='bbox 691 5602 767 5662; x_wconf 90' lang='lat' dir='ltr'>parte</span> <span class='ocrx_word' id='word_1_1085' title='bbox 781 5595 922 5663; x_wconf 89' lang='lat' dir='ltr'>adoptasse</span> <span class='ocrx_word' id='word_1_1086' title='bbox 971 5593 1051 5664; x_wconf 88' lang='lat' dir='ltr'>pandi</span> <span class='ocrx_word' id='word_1_1087' title='bbox 1076 5606 1174 5661; x_wconf 88' lang='lat' dir='ltr'>scopus</span> <span class='ocrx_word' id='word_1_1088' title='bbox 1197 5592 1257 5656; x_wconf 91' lang='lat' dir='ltr'>luit,</span> <span class='ocrx_word' id='word_1_1089' title='bbox 1280 5606 1360 5647; x_wconf 83' lang='lat' dir='ltr'>voees</span> <span class='ocrx_word' id='word_1_1090' title='bbox 1387 5609 1526 5649; x_wconf 86' lang='lat' dir='ltr'>sacrarum</span> <span class='ocrx_word' id='word_1_1091' title='bbox 1548 5594 1702 5651; x_wconf 85' lang='lat' dir='ltr'>litteramm</span> <span class='ocrx_word' id='word_1_1092' title='bbox 1723 5596 1758 5648; x_wconf 83' lang='lat' dir='ltr'>ita</span> 
     </span>
     <span class='ocr_line' id='line_1_79' title="bbox 154 5658 1758 5736; baseline -0.001 -17"><span class='ocrx_word' id='word_1_1093' title='bbox 154 5658 316 5736; x_wconf 66' lang='lat' dir='ltr'>alqtturex</span> <span class='ocrx_word' id='word_1_1094' title='bbox 327 5664 439 5736; x_wconf 87' lang='lat' dir='ltr'>epistola</span> <span class='ocrx_word' id='word_1_1095' title='bbox 453 5663 527 5719; x_wconf 85' lang='lat' dir='ltr'>Sauli</span> <span class='ocrx_word' id='word_1_1096' title='bbox 539 5662 657 5734; x_wconf 86' lang='lat' dir='ltr'>episcopi</span> <span class='ocrx_word' id='word_1_1097' title='bbox 670 5665 705 5719; x_wconf 92' lang='lat' dir='ltr'>ad</span> <span class='ocrx_word' id='word_1_1098' title='bbox 717 5663 845 5719; x_wconf 84' lang='lat' dir='ltr'>lllrarum</span> <span class='ocrx_word' id='word_1_1099' title='bbox 857 5662 922 5718; x_wconf 90' lang='lat' dir='ltr'>Cor·</span> <span class='ocrx_word' id='word_1_1100' title='bbox 972 5663 1152 5728; x_wconf 87' lang='lat' dir='ltr'>distribuere,</span> <span class='ocrx_word' id='word_1_1101' title='bbox 1177 5671 1206 5716; x_wconf 91' lang='lat' dir='ltr'>ut</span> <span class='ocrx_word' id='word_1_1102' title='bbox 1225 5662 1351 5733; x_wconf 80' lang='lat' dir='ltr'>quolibet</span> <span class='ocrx_word' id='word_1_1103' title='bbox 1377 5673 1479 5720; x_wconf 78' lang='lat' dir='ltr'>naturae</span> <span class='ocrx_word' id='word_1_1104' title='bbox 1496 5680 1551 5719; x_wconf 76' lang='lat' dir='ltr'>suae</span> <span class='ocrx_word' id='word_1_1105' title='bbox 1573 5665 1758 5736; x_wconf 86' lang='lat' dir='ltr'>responderet.</span> 
     </span>
    </p>
   </div>
   <div class='ocr_carea' id='block_1_6' title="bbox 0 0 1917 6116">
    <p class='ocr_par' dir='ltr' id='par_1_6' title="bbox 0 0 1917 6116">
     <span class='ocr_line' id='line_1_80' title="bbox 0 0 1917 6116; baseline 0 0"><span class='ocrx_word' id='word_1_1106' title='bbox 0 0 1917 6116; x_wconf 95' lang='lat' dir='ltr'> </span> 
     </span>
    </p>
   </div>
  </div>
 </body>
</html>
