3780 6120
135 227 206 282 ttae
648 229 694 282 ab
712 228 827 284 oratu
846 231 876 283 li.
896 229 1035 285 ALCUlNl
1054 230 1275 286 APPENDlCES.

397 346 461 402 ltem
481 348 550 402 sarie
564 364 656 418 repra.
936 354 959 409 Α
1080 345 1170 400 Oratio
1183 346 1217 400 ari
1239 346 1377 399 Dominam
1396 346 1492 401 letare
1511 343 1670 400 canum.

170 438 282 492 Doruiue
301 438 372 492 Deus
386 453 473 502 meus,
488 438 534 508 qni
546 452 598 490 nrm
612 437 695 491 babes
710 437 861 497 Dominum,
874 441 920 492 sed
1007 438 1117 491 Domine
1135 436 1198 491 lesu
1215 436 1338 500 Christe,
1355 452 1401 491 rex
1419 437 1584 507 virginum,
1607 435 1762 518 integritatis
1810 442 1812 447 '

131 508 222 562 munia
235 517 359 562 trrzesuet
373 509 518 562 conditioni
534 507 654 575 subjecta
667 525 673 559 :
687 522 720 561 ue
735 506 868 574 despicias
878 523 920 560 rne
969 517 1091 571 curator,
1107 507 1206 560 munda
1226 521 1273 560 cor
1293 522 1382 560 meum
1398 508 1431 561 ab
1455 506 1594 561 omnihus
1614 509 1721 576 sagittis
1743 521 1765 564 et

131 576 273 646 indignum
289 577 418 632 temetum
441 586 534 642 turam,
558 578 604 631 sed
623 578 649 630 ia
669 591 783 631 numero
801 575 919 630 bdelium
969 578 1074 631 insidiis
1089 577 1203 640 inimici,
1222 584 1249 630 et
1261 577 1403 644 exstingue
1415 577 1442 630 in
1456 593 1502 630 me
1513 590 1608 630 onttre
1621 576 1765 635 incendium

131 657 273 703 umorum
287 656 392 701 tuorum
402 665 445 702 me
456 656 593 717 repedans,
606 655 668 701 ante
679 661 744 701 cons
797 653 851 700 tum
864 647 920 714 glrr-
970 647 1098 700 libidinis.
1115 647 1152 699 Da
1167 661 1258 699 reram
1274 646 1465 709 humilitatem,
1481 654 1510 701 et
1530 646 1765 715 tranquillitatem,

132 717 181 771 rim
194 724 248 771 tuae
262 717 305 772 lae
322 717 448 788 gaudere.
465 719 504 772 Tu
520 718 591 772 enim
606 717 717 771 dixisti:
763 717 921 771 orreeaico-
968 726 995 769 ct
1010 716 1166 785 patientiam
1179 716 1282 784 pectori
1295 731 1365 769 meo.
1381 715 1527 771 Succende
1543 722 1671 770 utentem
1690 734 1766 772 mern

132 802 194 841 eore
201 787 305 856 jactor,
319 789 364 842 reri
375 797 531 857 peccatores.
547 788 579 842 Et
594 787 688 841 iterum
702 801 711 840 t
728 785 797 840 Nolo
810 796 918 840 mortem
968 795 1020 839 tum
1039 786 1180 839 charitatis
1191 785 1320 849 stimulis,
1331 794 1362 839 ut
1374 785 1437 841 odio
1449 785 1564 841 babens
1580 800 1695 841 omnem
1706 789 1767 843 mn

131 858 286 925 peccatoris,
307 858 351 911 sed
365 867 393 911 or
415 864 616 911 convenarum
634 859 711 911 norat.
726 856 781 924 Ego
805 864 847 920 te,
866 856 918 911 Do-
968 856 1136 925 iniquitatis,
1159 856 1259 924 possim
1283 855 1389 910 crunctis
1408 857 1506 912 diebus
1528 855 1603 909 vitae
1620 870 1691 911 mae
1702 873 1766 912 eo*

1704 233 1759 289 lldll

131 926 205 980 mine
228 927 392 995 inspirante,
408 928 469 981 rolo
492 927 626 988 conuerti,
652 927 732 996 imple
753 925 917 980 desiderium

130 1011 221 1050 mermi
242 998 268 1050 in
286 999 395 1060 bonnm,
414 1006 442 1051 et
455 997 489 1050 da
512 999 708 1068 praeteritarum
724 992 830 1050 reniam
852 997 918 1050 deli-

130 1075 246 1129 ctorum,
263 1067 413 1121 litttrrorum
431 1067 581 1120 custodiam
593 1068 730 1129 ritiomm,
743 1067 916 1136 praesentium

129 1136 345 1192 emendationem
361 1137 521 1200 eriminum,
535 1145 564 1190 ut
577 1138 674 1190 airam.
689 1135 821 1190 Gradiens
835 1136 868 1190 ad
891 1146 917 1191 te

129 1205 205 1275 pium
216 1213 243 1260 et
260 1208 397 1262 immense
416 1207 523 1275 pietatis
540 1207 707 1262 dnlcedinem
720 1206 916 1275 Dominamque

129 1276 301 1346 perveniam,
323 1278 370 1347 qui
384 1285 495 1346 propter
512 1291 596 1344 gentas
619 1277 755 1330 hominnm
776 1276 810 1329 ad
829 1283 916 1331 terras

129 1346 293 1400 descendere
306 1347 431 1417 dignatus
443 1362 488 1410 es,
502 1357 529 1401 et
547 1357 620 1401 tuum
637 1347 785 1417 pretiosum
806 1348 915 1417 sangui-

129 1426 191 1468 nem
205 1413 352 1482 fundendo,
373 1425 466 1488 gentes
480 1419 514 1471 ad
531 1418 562 1469 ba
585 1418 657 1471 tismi
665 1417 783 1539 partiam
799 1417 915 1481 secasti,

129 1486 201 1540 etde
217 1500 310 1539 errore
321 1487 412 1557 gentili
427 1487 556 1542 liberasti.
566 1433 626 1557 ¹ligo
636 1488 662 1540 iu
676 1487 727 1541 elix
742 1487 813 1554 quod
829 1487 856 1540 in
868 1487 915 1541 ba-

128 1555 227 1623 ptismo
238 1555 374 1624 pollicitus
387 1571 445 1612 sum
458 1572 595 1626 nitriquam
613 1557 728 1612 servari.
746 1555 863 1610 Doenitet
873 1572 916 1611 me

127 1636 192 1693 ergo
204 1625 291 1695 egisse
302 1629 373 1695 <praed
393 1629 517 1697 nentriter
534 1628 614 1697 gessi.
629 1628 742 1697 Suscipe
758 1627 915 1694 poenitentis

128 1693 272 1766 lacrymas,
280 1698 420 1762 miserere,
430 1697 728 1767 misericorsetindulgc
739 1696 812 1765 quod
819 1695 914 1756 societ
930 1702 953 1763 Β

128 1764 181 1818 boe
192 1774 289 1833 praesta
304 1782 336 1820 ue
348 1767 445 1822 faciam
454 1767 576 1837 amplius.
590 1769 629 1823 Tu
640 1767 776 1836 somnies,
791 1768 913 1832 Domine,

125 1834 244 1902 pericula
261 1850 319 1890 mea
333 1837 359 1891 in
374 1853 433 1908 quse
446 1838 575 1901 subsisto,
600 1846 627 1892 ct
645 1838 744 1907 ortibus
763 1837 841 1892 malis
859 1837 914 1891 eir-

127 1905 268 1959 cumdettts
286 1922 363 1971 sum,
379 1909 540 1977 errantisque
552 1923 601 1977 per
618 1923 707 1962 ancum
724 1908 851 1961 meritum
865 1907 914 1960 atl-

966 926 1074 995 placere
1088 926 1147 990 tibi,
1166 925 1211 994 qui
1224 940 1286 980 eum
1297 925 1389 980 Patre.

1157 1012 1250 1068 Oratio
1264 1015 1299 1068 od
1313 1025 1430 1069 sanctam
1444 1015 1586 1069 llarianr.

1001 1097 1153 1167 Singularis
1164 1097 1263 1160 meriti,
1282 1098 1338 1152 sola
1353 1099 1412 1154 sine
1424 1099 1561 1167 exemplo
1579 1105 1674 1153 mater
1683 1107 1710 1154 et
1721 1102 1767 1155 rir-

966 1182 1000 1237 go
1019 1169 1113 1232 llario,
1133 1183 1212 1238 anam
1231 1168 1360 1222 Dominus
1373 1169 1409 1223 ita
1429 1178 1525 1223 mente
1546 1176 1578 1222 et
1594 1184 1712 1238 corpure
1730 1171 1765 1225 in-

965 1239 1092 1292 uiolatam
1107 1239 1261 1300 custodiuit,
1278 1247 1307 1290 ut
1329 1239 1406 1309 digna
1428 1239 1576 1293 existeres
1595 1255 1631 1293 ex
1656 1254 1709 1307 qua
1724 1242 1766 1297 sra‘

966 1318 1065 1362 nostrae
1077 1308 1268 1377 redemptionis
1279 1308 1393 1376 {tretium
1409 1309 1457 1363 Dei
1474 1308 1572 1362 Filius
1588 1322 1768 1379 eorprrsapta·

966 1390 1007 1432 ret
1019 1393 1026 1430 :
1037 1379 1150 1432 olrscero
1166 1389 1201 1442 te,
1213 1378 1464 1432 misericordissima
1478 1377 1621 1443 Domina,
1634 1393 1684 1448 per
1697 1396 1765 1449 quau

966 1454 1036 1501 totns
1053 1447 1172 1502 saltatus
1189 1455 1230 1501 cst
1245 1448 1374 1510 mucidam,
1390 1449 1537 1502 intercede
1561 1463 1616 1516 pro
1632 1461 1677 1501 me
1699 1465 1766 1518 spur·

964 1517 1084 1581 sissimo,
1097 1525 1124 1571 ct
1136 1518 1240 1572 crunctis
1254 1515 1441 1588 iniquitatibus
1455 1518 1493 1572 lm
1505 1518 1667 1582 latissimo,
1686 1527 1714 1573 ut
1728 1523 1766 1590 qai

963 1602 997 1642 ex
1014 1589 1080 1643 meis
1104 1587 1290 1657 iniquitatibus
1305 1587 1342 1640 uil
1364 1587 1436 1641 aliud
1458 1589 1569 1658 dignus
1588 1603 1675 1651 sitan,
1697 1603 1768 1657 maru

965 1667 1073 1712 tetcrnae
1088 1657 1268 1711 clantnationis
1289 1657 1380 1712 subire
1399 1657 1591 1726 supplicium,
1613 1659 1683 1722 tuis,
1697 1659 1768 1730 Virgo

965 1727 1196 1797 splendidissima,
1214 1727 1333 1781 saltatus
1352 1728 1456 1782 meritis
1477 1741 1611 1798 perennc
1625 1743 1769 1798 consequar

966 1812 1089 1869 regnum.
1105 1798 1158 1851 Der
1174 1796 1329 1850 Dominum.

1150 1884 1242 1939 Oratio
1256 1886 1291 1939 od
1304 1895 1408 1941 coortos
1426 1884 1589 1956 apostolos.

125 1974 300 2030 versitartitrus
312 1977 428 2043 quatiar.
444 1977 539 2032 Libera
558 1994 620 2041 me,
635 1977 721 2041 salva,
741 1986 863 2048 protege,
888 1984 915 2030 et
1001 1977 1170 2031 Sanctissimi
1182 1977 1296 2046 apostoli
1308 1976 1412 2032 Domini
1428 1978 1481 2032 mei
1493 1976 1568 2032 lesu
1579 1978 1700 2044 Christi,
1713 1980 1770 2034 hea-

125 2044 238 2099 deiende
250 2061 304 2111 me,
320 2056 348 2100 ut
364 2063 416 2102 rton
432 2048 537 2101 rideant
548 2048 581 2103 de
594 2063 636 2102 mc
651 2047 752 2101 inimici
770 2048 833 2111 rtrci,
868 2047 912 2100 tria
965 2048 1068 2102 tissime
1090 2049 1187 2108 l‘etrc,
1212 2047 1313 2111 l’aule,
1337 2046 1465 2113 Andrea,
1488 2047 1625 2112 Jacobs,
1647 2049 1769 2114 loannes,

127 2123 155 2167 tu
172 2062 914 2186 aberramus.sotaspesmaoincoatumcomldo,
965 2117 1100 2177 Thomas,
1118 2116 1234 2180 Jacobe,
1254 2116 1388 2187 l'bilippc,
1406 2117 1621 2181 bartholomee,
1649 2120 1770 2183 llatthec,

126 2186 159 2238 de
172 2185 271 2240 nullius
282 2187 399 2242 bominis
413 2189 509 2242 solatio
520 2203 611 2257 spero.
623 2187 750 2242 Guberna
762 2203 804 2241 me
816 2195 845 2240 ut
855 2187 915 2256 pius
965 2186 1069 2251 Simon,
1079 2188 1206 2251 Tiradaee,
1220 2186 1346 2250 llatbias,
1359 2185 1512 2251 Barnabas,
1524 2188 1616 2252 Luca,
1632 2198 1661 2244 et
1678 2190 1766 2245 llarce.

125 2262 338 2327 pater,utpnst
353 2257 914 2327 tantastalcsqueproeellassrecuiiundi-
964 2273 1025 2311 eum
1047 2258 1171 2312 orrrnibus
1197 2256 1336 2324 discipulis
1361 2255 1467 2312 Domini
1490 2259 1552 2313 mci
1576 2259 1646 2315 lesu
1674 2260 1767 2316 Christi

125 2336 178 2391 true
197 2327 338 2381 saevientes
352 2328 386 2382 ad
399 2338 507 2397 portum
526 2328 620 2383 salutis
641 2336 765 2392 aternam,
788 2336 814 2381 te
835 2328 914 2392 daec,
963 2337 1040 2382 orate
1052 2342 1101 2396 pro
1123 2343 1175 2391 inc,
1199 2337 1227 2381 ut
1245 2327 1383 2381 abstrahat
1399 2343 1442 2382 me
1456 2326 1602 2384 Dominus
1624 2331 1767 2393 amanda,

124 2406 233 2450 merear
242 2397 394 2465 pervenire,
407 2406 435 2452 et
444 2415 505 2453 eum
520 2392 579 2451 aliis
590 2414 658 2467 qrros
669 2398 790 2467 eripuisti
804 2398 914 2452 laudare
963 2398 1034 2451 sicut
1053 2398 1186 2453 abstraxit
1202 2412 1264 2461 ros,
1281 2405 1308 2452 et
1328 2397 1409 2451 donet
1427 2412 1470 2452 me
1491 2400 1577 2468 seqtri
1593 2401 1714 2472 uestigia
1728 2417 1767 2455 sua

123 2471 152 2590 tae
172 2464 316 2522 Dominum
331 2482 420 2523 meum
435 2484 485 2538 per
502 2469 608 2523 infinita
627 2469 726 2524 sacerdo
743 2469 912 2524 seculorum.

148 2549 221 2592 meu.

389 2627 481 2684 Oratio
492 2629 527 2683 ad
540 2624 657 2684 Patrem.

160 2738 272 2796 Dandae
287 2740 368 2804 Deris,
383 2740 466 2795 Pater
477 2742 658 2811 omnipotens,
674 2741 719 2810 qui
735 2741 915 2796 consalutau-

122 2809 212 2865 tialem
227 2820 254 2864 et
264 2818 426 2866 coaeternum
443 2812 490 2867 tibi
503 2819 565 2867 ante
577 2813 666 2866 ontrria
679 2811 850 2866 ineffabiliter
865 2827 916 2866 sae-

121 2880 184 2933 cula
198 2880 295 2934 Filium
313 2882 439 2952 genuisti,
462 2882 508 2950 otri
523 2897 584 2936 cum
599 2895 631 2936 eo
644 2889 725 2952 atquae
739 2898 801 2937 eum
819 2890 915 2936 sancto

124 2948 225 3019 Spiritu
242 2959 287 3006 trm
304 2966 336 3006 ex
358 2959 384 3006 te
403 2952 551 3023 codenrrme
573 2950 641 3006 Filio
653 2953 816 3021 procedente
837 2966 912 3021 orru-

123 3035 230 3091 eunrpre
242 3022 362 3077 esistunt
377 3021 519 3077 risibiliaa
553 3037 586 3077 ue
600 3021 744 3079 invisibilia
764 3023 871 3084 creasti,
886 3030 912 3078 tc

122 3089 219 3155 minet,
229 3098 255 3146 te
267 3091 356 3156 laudo,
372 3101 453 3162 teque
463 3092 593 3163 gloribeo.
606 3092 681 3158 Esto,
700 3108 807 3164 quaeso,
819 3095 911 3163 propi-

120 3161 175 3215 tius
184 3163 250 3216 rrribi
262 3166 410 3233 peccatori,
422 3170 491 3217 erne
503 3163 637 3233 despicias
648 3177 690 3216 me
700 3178 768 3233 opus
785 3178 912 3218 manuum

123 3240 241 3295 trimam,
255 3234 302 3287 sed
314 3232 398 3297 salva,
411 3243 438 3288 et
448 3235 543 3304 sitium
558 3249 601 3288 me
618 3241 727 3304 pmpter
740 3248 839 3289 nomen
851 3249 913 3288 san-

122 3304 196 3357 cltttu
210 3312 296 3358 tuum.

327 3392 420 3449 Oratio
435 3395 620 3465 adpersionem
637 3392 712 3450 Filii.

158 3484 281 3548 Domine,
297 3483 360 3539 lesu
374 3486 499 3549 Christe,
512 3487 561 3540 Fili
578 3487 625 3541 Dei
638 3487 710 3550 rivi,
728 3487 773 3555 qui
786 3502 816 3542 es
831 3502 913 3542 verus

121 3563 151 3609 et
164 3555 333 3623 onmipotens
346 3556 416 3615 Deus
427 3555 553 3626 splendor
564 3564 592 3610 ct
607 3556 696 3625 imago
706 3557 805 3621 Patris,
817 3564 845 3611 et
855 3557 912 3611 rita

120 3635 242 3686 aeterna,
261 3625 305 3680 eui
324 3641 377 3679 una
392 3635 434 3680 est
452 3642 513 3681 curn
532 3627 614 3681 Patre
637 3634 785 3695 sanctoque
809 3626 912 3695 Spiritu

120 3696 282 3759 sulrstantia,
327 3737 330 3746 ,
350 3712 400 3750 uras
419 3698 515 3758 bonor,
538 3697 633 3752 eadem
649 3697 734 3767 gloria
748 3737 756 3759 ,
772 3707 908 3752 maetema

121 3763 262 3832 majestas,
279 3711 414 3830 semaiae,
428 3775 453 3820 te
466 3767 556 3828 bardo,
571 3775 652 3836 teque
679 3767 793 3831 tor-tbco,
811 3783 843 3822 nc
857 3783 910 3830 ore,

120 3836 250 3900 obsecro,
274 3837 365 3905 perire
378 3837 505 3906 patiaris.
528 3839 574 3893 sed
592 3838 683 3902 snlra,
704 3848 733 3893 et
751 3837 847 3905 adjuva
869 3853 912 3892 me

121 3906 239 3974 gratuito
259 3922 370 3961 minnere
393 3917 455 3972 tritt,
476 3924 555 3977 qrtem
578 3909 704 3978 dignatus
727 3924 758 3964 cs
778 3910 912 3963 redimere

120 3991 171 4047 pre
183 3977 238 4030 loso
251 3977 379 4046 sanguine
394 3988 449 4030 tuo.

925 3056 948 3119 C

302 4086 394 4142 Oratio
412 4089 446 4141 cd
457 4106 595 4159 personam
609 4088 733 4158 Spiritus.

157 4197 269 4252 Domine
277 4210 369 4255 sancte
380 4201 507 4270 Spiritus,
520 4201 589 4256 Dens
600 4203 780 4271 ornnipotens‚
790 4203 834 4273 qai
842 4219 912 4258 coae-

120 4269 218 4339 rgoalis,
230 4277 257 4322 et
267 4280 429 4328 coeternus,
444 4280 472 4326 et
484 4272 722 4328 consubstantialis
738 4271 811 4327 Patri
825 4273 909 4329 Filio-

119 4351 173 4409 rprc
193 4340 327 4404 existens,
349 4342 437 4396 abeis
459 4343 676 4397 inenarrabiliter
696 4344 839 4414 procedis;
860 4345 907 4415 qui

121 4411 335 4480 supercumrlem
354 4412 494 4465 Dominum
506 4410 597 4467 lesum
608 4413 747 4467 Christum
763 4414 788 4467 in
805 4416 908 4469 colum-

119 4481 161 4535 be
174 4481 274 4549 specie,
286 4490 401 4552 etsuper
411 4483 662 4551 sanetosapostolos
674 4483 699 4536 in
713 4483 810 4553 linguis
822 4485 907 4556 igneis

121 4551 302 4605 descendisti:
320 4561 345 4606 te
363 4553 454 4614 adoro,
472 4560 498 4605 te
513 4553 602 4617 laudo,
616 4554 835 4636 murtegloritico.
857 4555 907 4608 Dc-

120 4621 189 4687 pelle
216 4638 230 4674 a
250 4637 310 4686 mc,
335 4637 435 4691 qtrmsa,
460 4622 585 4677 tenebras
611 4625 693 4679 totius
709 4625 860 4693 antiquitatis
882 4633 909 4678 et

120 4691 254 4761 pertidia,
270 4702 297 4746 et
308 4695 425 4747 :necorde
437 4693 464 4747 in
479 4709 521 4748 me
540 4694 628 4749 lurnen
641 4704 693 4749 trite
705 4695 910 4760 misericordiae,

120 4771 147 4815 ct
158 4763 246 4831 ignem
260 4764 423 4817 sanctissimi
434 4780 466 4818 ac
476 4765 630 4819 suasissent
642 4766 742 4820 aratoris
757 4765 805 4819 tui.

923 4401 946 4458 D

140 4874 233 4931 Oratio
246 4876 281 4930 ad
296 4877 489 4931 sanctissimam
507 4887 532 4932 et
549 4877 713 4931 indiuiduam
729 4876 893 4933 Tnaritorenr.

156 4968 269 5022 Domine
295 4968 364 5023 Deus
393 4969 579 5038 omnipotens.
613 4977 728 5034 atomo,
757 4970 909 5036 ineflabilis,

120 5039 239 5095 siuetine
251 5047 330 5107 atqrre
344 5039 432 5103 initio,
446 5054 524 5107 quem
537 5055 618 5092 tinum
629 5040 655 5093 in
669 5040 809 5105 Trinitate,
823 5050 847 5095 et
859 5043 909 5096 tri·

121 5126 185 5167 narn
197 5110 224 5164 in
240 5108 349 5164 Ortitate
365 5113 541 5171 comitemur,
557 5118 583 5163 te
599 5110 685 5163 solum
697 5109 791 5173 adoro,
807 5119 833 5165 te
850 5112 907 5164 lau·

120 5184 164 5238 rto.
180 5188 207 5235 te
217 5179 346 5249 gloritlco,
358 5180 460 5250 tibique
473 5180 628 5235 misericors
638 5189 665 5235 et
677 5179 796 5235 clemens
807 5182 909 5250 gratias

121 5253 224 5313 celero,
247 5250 291 5318 qui
316 5264 359 5305 me
374 5261 484 5305 exutum
506 5260 585 5305 noete
607 5249 726 5320 pertidia
744 5260 771 5305 et
793 5253 905 5317 armus,

119 5322 250 5403 participe
262 5338 277 5372 n
292 5319 349 5375 lieri
364 5322 483 5377 tribuisti
496 5322 590 5393 gratiae
600 5331 662 5386 tuan
678 5321 789 5388 perfice,
804 5336 906 5389 nuaeso,

120 5409 147 5448 tn
163 5406 223 5456 me,
239 5391 366 5455 Domine,
386 5401 504 5462 creptum
524 5392 550 5447 iu
568 5406 610 5446 me
628 5406 696 5460 opus
712 5392 909 5448 misericordiae

121 5471 184 5523 tue,
204 5462 313 5517 etdona
335 5463 400 5518 mibi
422 5476 529 5531 semper
544 5463 679 5534 cogitare,
695 5461 768 5532 loom
780 5470 808 5515 et
830 5472 910 5534 egere

121 5544 181 5597 nuae
193 5533 291 5600 placita
308 5543 370 5587 sunt
383 5534 448 5593 tibi,
462 5541 489 5586 et
504 5535 622 5603 gratuito
641 5547 684 5587 me
698 5533 798 5602 ubique
811 5533 911 5602 pietate

120 5603 301 5680 custodi-ens:¹
313 5602 354 5655 tae
377 5618 420 5658 nie
435 5603 572 5673 tardignnm
585 5613 613 5658 et
633 5605 761 5659 miserum
781 5603 814 5658 od
836 5612 912 5658 tuam

119 5683 263 5740 perremre
278 5673 407 5727 ursionem
418 5675 462 5745 qui
474 5688 502 5726 er
516 5689 594 5729 unus.

963 2467 1005 2522 uel
1020 2468 1046 2521 in
1061 2476 1183 2522 extremo
1198 2468 1304 2538 agmine
1322 2475 1423 2522 restro.

1089 2553 1180 2609 Oratio
1190 2555 1224 2608 ad
1244 2555 1415 2609 remeabilem
1437 2555 1640 2611 Benedictnm.

998 2643 1117 2700 Obsecro
1132 2652 1169 2708 te,
1181 2645 1335 2699 beatissime
1347 2645 1514 2708 Detredicte,
1534 2647 1646 2702 dilecte
1657 2646 1717 2712 Dei,
1730 2649 1767 2701 io·

964 2716 1070 2770 tercede
1087 2730 1136 2783 pro
1149 2730 1229 2769 seruo
1244 2722 1323 2767 tao...
1334 2725 1362 2768 et
1374 2717 1447 2768 omni
1457 2725 1562 2771 sancta
1575 2718 1634 2772 liae
1654 2728 1702 2771 tua
1712 2733 1767 2772 coe-

963 2788 1129 2855 gregatioue.
1144 2794 1172 2839 et
1187 2799 1236 2852 pm
1249 2785 1382 2839 uuirersis
1392 2786 1442 2839 surb
1453 2795 1504 2839 tuo
1517 2789 1691 2857 magisterio
1706 2789 1766 2843 utili·

962 2857 1095 2920 mutibus,
1120 2855 1241 2909 simulet
1261 2870 1310 2923 pro
1323 2858 1393 2908 omui
1408 2857 1515 2925 populo
1532 2857 1710 2913 Christiano.
1731 2867 1768 2912 ιι

963 2926 1071 2980 tercede
1086 2933 1113 2979 et
1124 2940 1174 2993 pro
1187 2940 1229 2978 me
1241 2926 1339 2978 misero
1351 2940 1431 2979 serm
1444 2936 1504 2989 trio,
1521 2934 1554 2980 ut
1567 2938 1677 2999 purget
1687 2929 1768 2983 aare

964 3011 1015 3049 nus
1028 3010 1074 3048 cor
1094 3010 1203 3058 merua,
1221 3010 1254 3047 os
1268 3011 1356 3048 rttetrm
1367 3036 1376 3058 ,
1388 3005 1416 3050 et
1428 3007 1515 3051 acuns
1528 3013 1614 3053 meos
1634 3015 1651 3052 a
1670 3001 1768 3054 cencris

963 3066 1048 3119 uitiis.
1062 3064 1172 3119 Tribeat
1187 3065 1252 3118 ntilti
1265 3079 1373 3119 seruare
1385 3074 1484 3120 cuncta
1503 3083 1570 3134 quae
1584 3072 1730 3140 proecepir,
1744 3080 1767 3123 ct

963 3135 1099 3189 custodire
1123 3144 1224 3187 sanetae
1244 3134 1345 3202 regate
1369 3143 1422 3189 turn
1439 3138 1607 3204 tramitem,
1634 3156 1718 3211 quam
1731 3153 1768 3194 m

963 3213 1133 3259 serratarum
1147 3204 1289 3274 spopondi.

1140 3294 1233 3350 Oratio
1245 3295 1280 3348 ad
1292 3295 1381 3366 plures
1397 3297 1584 3367 consessores.

998 3387 1116 3442 Obsccm
1136 3400 1194 3451 ros,
1214 3385 1363 3440 beatissimi
1374 3384 1557 3444 consessores
1568 3390 1682 3447 Christi
1693 3402 1767 3463 atque

961 3456 1127 3521 doctoresC
1146 3456 1250 3526 priano,
1260 3455 1486 3527 Desili,Gregori,
1495 3459 1658 3525 athanasi,
1667 3464 1765 3525 Eusebi,

960 3528 1099 3591 Ambrosi,
1110 3472 1235 3590 lOrtine,
1247 3526 1407 3596 Angustiae,
1423 3527 1617 3600 llieronyme,
1629 3532 1765 3597 German,

961 3597 1028 3660 Leo,
1054 3597 1183 3661 loarmes,
1206 3597 1319 3658 lsidore,
1344 3596 1495 3666 dignemini
1514 3601 1702 3658 intercedere
1726 3619 1764 3672 pro

962 3684 1005 3722 mc
1024 3676 1181 3736 peccatore,
1197 3675 1226 3721 nt
1247 3666 1376 3721 concedat
1400 3668 1465 3722 mihi
1495 3669 1644 3727 Dominus
1666 3689 1767 3729 serrare

961 3754 1021 3861 qula
1033 3738 1179 3801 rtoeaistis,
1196 3746 1223 3791 et
1237 3737 1264 3791 in
1283 3745 1374 3791 uestro
1386 3750 1429 3790 me
1447 3738 1538 3795 lacior
1552 3745 1706 3800 consortia
1717 3760 1767 3816 gra

963 3817 990 3863 tu
1002 3808 1052 3862 ari.

1150 3896 1242 3952 Oratio
1253 3897 1337 3950 sancti
1349 3895 1469 3966 Gregorii
1483 3915 1582 3970 papre.

997 3990 1154 4045 Dominator
1168 3989 1280 4043 Donrine
1293 3989 1365 4044 Deus
1380 3989 1576 4060 omnipotens,
1602 3996 1656 4066 qui
1671 4012 1704 4052 es
1714 3997 1767 4052 Tri-

961 4060 1032 4114 nitas
1046 4076 1098 4113 una
1111 4059 1193 4114 Pater
1207 4059 1233 4112 in
1247 4058 1325 4123 Filio,
1336 4067 1363 4113 et
1374 4058 1459 4114 Filius
1475 4062 1504 4115 in
1522 4060 1625 4130 Patre,
1644 4084 1701 4122 una
1714 4084 1766 4122 cum

961 4131 1192 4200 Spiritu-saneto,
1212 4129 1258 4210 qni
1275 4145 1305 4183 cs
1320 4144 1426 4198 semper
1439 4128 1465 4184 in
1490 4133 1646 4201 omnibus,
1672 4149 1700 4193 et
1713 4154 1766 4191 eras

960 4210 1023 4254 ante
1035 4201 1135 4265 otnnia,
1150 4207 1177 4252 ct
1188 4214 1243 4254 ens
1253 4200 1399 4269 peremnia
1411 4201 1485 4256 Deus
1496 4202 1675 4261 benedic-rus
1685 4210 1711 4261 in
1724 4227 1766 4259 sn

960 4272 1031 4324 cula.
1055 4271 1151 4324 Amen.
1175 4268 1340 4323 Commendo
1358 4270 1476 4323 animam
1504 4288 1604 4328 meam
1623 4277 1652 4329 in
1680 4293 1766 4330 marus

996 4341 1085 4394 tentiae
1104 4351 1167 4405 ture,
1182 4349 1210 4393 ut
1225 4339 1360 4394 custodias
1378 4355 1437 4393 eam
1459 4341 1563 4396 diebus
1579 4361 1617 4400 ac
1634 4349 1763 4408 noctitias,

959 4357 1035 4466 Egi-is
1055 4420 1135 4481 atone
1157 4410 1321 4472 momentis;
1341 4409 1540 4465 misereremei
1560 4414 1642 4471 Deus
1661 4419 1764 4489 angeio-

961 4497 1032 4535 rum.
1046 4480 1156 4535 Custodi
1171 4497 1213 4535 nte
1232 4495 1282 4549 per
1297 4479 1433 4534 orationes
1447 4483 1699 4548 patriarcharum,
1719 4502 1762 4557 per

961 4553 1058 4605 naerita
1074 4552 1275 4621 prophetarum,
1288 4565 1337 4619 per
1353 4549 1479 4619 sullragia
1493 4556 1705 4620 apostolorum,
1718 4571 1762 4625 per

961 4621 1089 4676 victorias
1102 4629 1261 4691 martyrum,
1278 4636 1326 4690 per
1338 4620 1415 4674 tialem
1426 4619 1641 4692 confessorum,
1656 4630 1701 4697 qui
1717 4627 1760 4680 riai

961 4693 1122 4762 placuerunt
1147 4691 1181 4744 ab
1197 4691 1273 4743 initio
1296 4691 1398 4743 mtrrrdi.
1420 4690 1487 4743 Oret
1509 4708 1563 4762 pro
1588 4711 1636 4750 me
1659 4704 1762 4752 saar-rus

963 4761 1039 4825 rlbcl,
1064 4762 1109 4829 qrti
1130 4761 1233 4832 primns
1248 4768 1443 4814 coronatusest
1455 4764 1607 4831 martyrio.
1626 4764 1695 4821 Oret
1716 4781 1761 4837 pm

964 4848 1006 4887 me
1033 4840 1142 4885 sanctus
1167 4830 1270 4892 Enoch,
1298 4830 1343 4900 rgrti
1370 4829 1521 4883 auricularit
1546 4848 1616 4887 curn
1644 4837 1712 4901 Deo,
1735 4845 1758 4889 et

965 4901 1110 4956 translatus
1127 4909 1169 4954 est
1183 4916 1198 4953 a
1213 4901 1320 4954 mitade.
1341 4901 1406 4954 Oret
1424 4915 1474 4969 pro
1495 4916 1539 4956 me
1556 4912 1677 4961 sanctam
1694 4907 1757 4969 Noe,

962 4988 1042 5042 quem
1056 4971 1185 5026 Dorrriuus
1197 4971 1312 5024 servarit
1326 4969 1353 5022 in
1365 4969 1465 5024 diluvio
1480 4982 1601 5040 propter
1614 4974 1756 5044 justitian.

961 5045 1047 5114 linget
1061 5057 1110 5111 pro
1126 5055 1169 5095 me
1187 5040 1273 5094 fidelis
1287 5040 1434 5104 Abrabam,
1452 5040 1500 5109 qui
1517 5041 1634 5111 primus
1648 5045 1760 5101 credidit

960 5113 1026 5176 Deo,
1043 5113 1085 5167 cui
1099 5117 1222 5181 reputata
1240 5118 1281 5165 est
1299 5110 1365 5163 tides
1382 5109 1414 5164 ad
1429 5110 1582 5180 justitiam.
1604 5114 1758 5170 lntercerlat

960 5199 1009 5252 prm
1023 5198 1065 5238 me
1076 5192 1186 5236 sanctus
1198 5182 1272 5235 lsaac
1285 5181 1331 5250 qui
1345 5180 1491 5250 t'uitjustus
1503 5190 1532 5235 et
1541 5184 1682 5242 obediens
1691 5187 1756 5256 petri

960 5268 1045 5322 usque
1066 5253 1100 5306 ad
1115 5261 1246 5315 irrortcm,
1267 5251 1462 5321 inexemplum
1482 5251 1600 5309 Domini
1624 5256 1680 5312 mei
1697 5254 1758 5312 terr

960 5324 1062 5378 Claristi
1073 5363 1080 5387 ,
1093 5321 1139 5391 qul
1155 5321 1261 5377 oblatus
1275 5328 1316 5375 est
1330 5321 1403 5375 Patri
1415 5336 1464 5391 pro
1475 5318 1570 5379 solare
1582 5328 1692 5382 mundi.
1708 5325 1758 5381 Ptr-

961 5394 1043 5449 stulet
1055 5409 1104 5463 pro
1117 5406 1160 5446 me
1179 5390 1243 5446 lelix
1256 5390 1352 5453 iacob,
1374 5391 1419 5460 qui
1439 5390 1510 5445 vidit
1522 5397 1645 5465 numios
1656 5398 1706 5454 Dei
1716 5413 1759 5452 re·

962 5464 1068 5518 nientes
1080 5463 1106 5516 in
1119 5462 1248 5517 auxilium
1258 5461 1319 5517 sibi.
1330 5460 1396 5517 Oret
1405 5475 1454 5530 pro
1465 5476 1510 5517 me
1527 5463 1671 5525 beatusll
1737 5511 1746 5522 .

963 5547 1022 5588 curn
1038 5534 1205 5605 qualoeutus
1218 5539 1260 5586 est
1273 5531 1401 5587 Dominus
1420 5530 1490 5586 facie
1505 5533 1540 5586 ad
1562 5533 1679 5595 taciem.
1695 5541 1759 5593 sub

964 5604 1054 5658 ueniat
1065 5603 1131 5658 mibi
1150 5610 1262 5657 secretus
1281 5602 1364 5656 David
1377 5614 1457 5672 quem
1477 5602 1614 5730 elegisti,
1629 5610 1761 5672 Domine,

966 5675 1166 5732 secundumcor
1176 5681 1260 5728 tuum.
1273 5674 1400 5742 Queat
1411 5686 1459 5742 pm
1467 5687 1514 5730 me
1538 5676 1607 5735 'lias
1619 5683 1761 5753 propheta
