3780 6120
66 267 123 327 ⁸85
225 246 234 293 ⁸
599 256 833 319 evulserunt.
854 287 890 297 —
908 254 1147 312 caldunum.
1647 253 1711 311 Μ’

67 382 148 438 Plnr.
176 373 347 440 Edebamus,
372 372 511 439 edebatis,
534 365 659 427 edebant.
686 366 856 423 Praeteritum
871 373 941 428 ,i-
955 366 1037 423 Saxo.
1050 365 1141 423 Vincit
1154 385 1160 420 :
1173 377 1338 438 quapropter
1352 382 1446 424 eamus
1462 368 1511 424 via
1531 367 1605 439 quod
1620 365 1709 440 illia,

65 473 177 547 perfect.
203 469 272 536 Edi,
297 467 397 533 edisti,
413 468 478 523 edit.
494 463 572 520 Piur.
600 463 724 528 Edlmus,
750 462 855 527 edistis,
909 461 992 527 viam,
1006 458 1077 532 qua]
1092 466 1187 515 restat.

67 564 184 621 ederunt
194 558 231 615 uel
245 558 335 613 edere.
349 554 604 626 Plusquomperiect.
613 553 738 616 ilderam,
751 552 856 615 ederas,
1179 549 1223 605 Dii
1242 549 1427 610 diiviiiiiiio,

66 654 173 710 ederat.
194 647 299 703 Plnrel.
313 647 473 710 Ederamus,
490 644 618 705 ederatis,
633 645 756 698 ederant.
772 640 860 695 Forn—
945 639 994 696 Fa.
1017 640 1149 706 Tandem,
1165 638 1248 706 Saxo,
1267 640 1313 695 diu
1328 643 1454 698 obserata
1473 658 1521 699 ora
1535 642 1658 709 reclude,
1672 653 1701 699 et

67 763 139 800 nni.
156 744 251 806 Edam
262 741 336 807 edes,
349 739 419 794 edet.
434 735 510 790 Plnr.
521 736 646 797 Videmus,
658 734 755 798 edetis,
767 733 857 789 edent.
911 733 1050 800 hucusque
1060 731 1166 786 clausas
1176 731 1367 788 adverbiorum
1379 733 1485 806 regulas
1497 734 1609 790 enuclea
1620 736 1698 791 mibi.

69 834 255 908 imperativus.
271 831 324 896 Es,
336 831 408 884 edat.
426 827 503 882 Plur.
520 828 655 890 liniamus,
670 835 743 888 este,
767 825 858 879 edant.
910 855 947 866 -
961 823 1042 879 Saxo.
1058 822 1178 890 Faciam,
1191 823 1305 879 Franco.
1322 824 1485 881 adverbium
1501 834 1544 882 est
1562 843 1626 897 pars
1638 843 1702 883 ora·

69 923 214 978 Futurum.
229 921 303 985 Esto,
316 920 390 984 edm,
401 917 506 972 Plnrol.
516 919 642 981 lldamns,
658 924 754 980 estote
767 916 858 977 edant,
914 914 1109 984 tinuissemper
1123 915 1205 969 verbo
1219 915 1373 971 cohaerens:
1386 925 1413 971 et
1427 918 1478 972 hoc
1489 921 1544 990 agit
1554 921 1645 975 verbis
1654 912 1702 975 ad·

68 1020 107 1070 oet
121 1019 232 1078 edunto,
247 1017 385 1066 eduntote.
399 1010 544 1079 Optatiana.
559 1007 663 1071 Essem,
677 1022 762 1070 esses,
777 1012 860 1060 esset.
912 1005 1009 1068 ditum,
1022 1005 1092 1074 quod
1106 1003 1237 1073 adjectiva
1250 1007 1359 1060 nornina
1374 1008 1541 1078 appellativis
1555 1011 1680 1080 adjuncta
1694 1053 1700 1064 .

69 1103 176 1159 Piurni.
192 1104 329 1166 Essemus,
342 1102 452 1164 essetis,
468 1109 566 1155 essent.
582 1096 733 1170 [Praeterito
746 1097 860 1169 perfecto
912 1104 958 1161 ut,
971 1095 1086 1167 prudens
1100 1096 1178 1150 bomo
1191 1096 1334 1163 prudenter
1353 1099 1427 1168 opit,
1452 1099 1515 1168 ielis
1536 1102 1575 1155 uir
1590 1100 1703 1169 feliciter

68 1212 94 1258 et
105 1196 381 1274 plusquamperfecto}
395 1195 535 1259 Elissam,
549 1195 660 1256 edisses,
674 1192 782 1247 edisset.
799 1188 862 1243 Plu·
913 1187 984 1242 uiuit.

66 1293 120 1349 rol.
136 1293 303 1354 Edissemus,
316 1287 450 1352 edissetis,
465 1287 594 1341 edissent.
607 1283 746 1356 [Futurol.
763 1283 860 1349 Edam,
948 1278 998 1332 Fu.
1017 1278 1154 1333 Aduerbio
1167 1287 1233 1349 quot
1246 1279 1390 1335 accidunt?
1401 1311 1436 1321 -
1448 1281 1530 1338 Saxo.
1543 1282 1607 1337 Tria
1620 1301 1626 1337 :
1642 1299 1703 1353 spe-

66 1390 144 1453 edas,
159 1385 231 1441 edat.
248 1379 353 1435 Piarnl.
369 1379 499 1442 Edamus,
515 1377 612 1441 edatis,
628 1377 718 1430 edant.
743 1371 862 1443 Coniun-
913 1371 980 1436 eles,
992 1371 1163 1441 significatio,
1176 1371 1273 1443 ligura.
1355 1427 1358 1435 ,

67 1479 136 1533 ctioe
151 1473 253 1549 [modo]
268 1473 371 1537 Edam,
395 1470 482 1534 edas,
506 1470 578 1523 edm.
603 1464 707 1520 Piurol.
733 1465 860 1528 Edamus,
948 1462 999 1516 Fu.
1020 1462 1144 1531 Speciem
1158 1465 1255 1532 pande.
1282 1495 1317 1504 —
1330 1462 1413 1521 Saxo.
1438 1464 1506 1533 Quia
1531 1476 1594 1521 sunt
1608 1469 1703 1538 primi-

67 1567 166 1628 θῦῠῑίῠ,
183 1563 272 1619 edant·
286 1561 391 1623 Essem.
407 1573 492 1622 esses,
508 1564 590 1612 esset·
604 1553 708 1608 varssl·
722 1553 858 1613 Essemus·
914 1557 980 1621 tiva,
996 1565 1043 1611 aut
1056 1557 1216 1611 derivativa.
1240 1557 1380 1612 Primitiva
1398 1559 1507 1628 quidem
1522 1570 1595 1626 sunt,
1608 1577 1669 1631 quae
1689 1580 1703 1618 a

65 1655 175 1718 esselis,
186 1659 287 1708 esseni·
298 1649 418 1713 Ederim,
433 1647 534 1710 ederis,
545 1645 641 1700 cdliii·
661 1641 765 1696 Plutus·
790 1641 861 1695 Ede·
913 1647 1042 1720 eclipsis]
1059 1656 1219 1712 nascuntur,
1236 1655 1275 1713 ut,
1301 1665 1364 1712 non,
1393 1650 1441 1712 ito,
1459 1667 1516 1705 ceo.
1538 1650 1704 1718 derivativa,

67 1745 166 1808 umus,
182 1740 303 1804 ederitis,
327 1737 441 1794 ederim.
463 1735 596 1798 Edisscm
612 1734 725 1798 edisses,
749 1731 859 1787 edisset.
879 1740 973 1809 iiqnae
985 1738 1018 1792 nn
1029 1737 1090 1793 aliis
1100 1738 1236 1793 adverbiis
1249 1749 1409 1805 nascimini,
1423 1749 1462 1806 ui,
1478 1740 1706 1808 aciim‚013„0u.

68 1832 350 1895 Plumblldissemus,
361 1829 493 1891 edissetis,
504 1827 633 1882 edissent.
647 1826 744 1888 Edem,
759 1823 859 1888 ederis,
911 1831 967 1886 ium
984 1850 991 1886 :
1007 1840 1035 1887 ei
1047 1847 1061 1885 a
1072 1848 1172 1902 propi,
1196 1833 1316 1902 propius,
1333 1832 1366 1886 nr
1380 1834 1414 1887 ai,
1430 1833 1490 1888 ariis
1510 1835 1632 1904 parribus
1644 1853 1706 1890 iim.

66 1925 168 1979 ederit.
180 1922 255 1975 Plur.
281 1921 439 1986 Ederimus,
462 1917 585 1976 ederitis.
598 1917 715 1972 ederint.
732 1915 861 1985 lniinititv‘
912 1922 1009 1989 rionis,
1032 1932 1062 1977 ut
1077 1939 1093 1977 a
1108 1924 1218 1978 nomine
1233 1922 1357 1990 Latinus,
1373 1924 1488 1980 Latine:
1505 1925 1617 1991 Tullius,
1638 1926 1704 1982 Tul-

67 2014 142 2067 enodi
157 2021 261 2083 tempus
272 2025 391 2081 praesens
414 2030 421 2064 z
446 2008 522 2063 Esse.
538 2007 671 2063 Similiter
682 2008 858 2078 praeteritum,
910 2014 991 2069 iiiiii,
1005 2015 1117 2071 piei-bi,
1134 2031 1269 2087 ΛΡΜ,
1281 2017 1401 2089 parcius·
1414 2017 1436 2071 Α
1448 2019 1701 2077 „mmmmm

66 2119 134 2156 erae.
154 2101 287 2156 Futurum
303 2119 309 2154 ε
325 2117 401 2156 esum
414 2100 446 2154 iri
461 2140 468 2165 ,
488 2099 530 2153 vel
543 2114 653 2153 esurum
666 2113 736 2152 csse.
759 2097 862 2166 Imper·
911 2121 926 2161 a
940 2106 1004 2176 pede
1015 2115 1043 2161 et
1060 2114 1148 2172 rento,
1172 2108 1350 2177 pedetentim.
1365 2108 1388 2163 n
1401 2111 1573 2179 pronomine,
1585 2120 1614 2165 ut
1624 2128 1639 2167 a
1651 2130 1702 2178 me,

67 2193 159 2249 eenole
178 2210 188 2249 .·
210 2194 292 2249 Estur
304 2193 381 2266 [lla.
407 2190 508 2263 editur]
524 2189 677 2264 [Praeterito
703 2188 860 2261 imperfecti
911 2212 1018 2254 mecum
1030 2195 1106 2269 μὴ,
1120 2197 1252 2271 meatim].
1267 2200 1309 2254 ab
1320 2198 1403 2256 illeet
1415 2202 1468 2266 irie,
1486 2202 1548 2258 illie.
1564 2203 1705 2276 lbpraepn·

67 2287 209 2342 edebatur.
236 2283 387 2358 [Praeterito
412 2283 533 2356 perfect]
555 2297 631 2338 esum
655 2288 716 2347 est,
735 2279 775 2335 oei
799 2272 860 2334 livit.
912 2287 1019 2349 sitione,
1036 2294 1066 2341 ui
1079 2289 1165 2352 aiiii,
1180 2297 1270 2345 epifa,
1576 2337 1587 2356 ,

69 2371 489 2447 [Preteritoplurquamperfectd
498 2380 641 2429 esumerat
649 2372 686 2427 uel
696 2371 794 2426 iuerat.
806 2368 830 2423 F
831 2387 862 2423 n·
947 2377 992 2431 i'r.
1009 2377 1134 2448 Nunqnid
1159 2381 1317 2436 adverbium
1337 2397 1386 2453 per
1409 2385 1571 2454 sepositum
1595 2385 1704 2455 plenum

68 2473 159 2519 rernm
171 2465 295 2519 sedetur.
313 2463 417 2534 Supina
432 2477 441 2515 :
457 2463 577 2528 Edendi,
590 2463 704 2527 edendo,
716 2462 860 2517 edendum.
912 2477 1001 2538 invasi
1023 2468 1123 2525 habere
1152 2472 1278 2526 sensnm?
1291 2502 1326 2512 ..
1343 2472 1426 2529 sim,
1450 2472 1508 2529 No„
1521 2484 1626 2546 potest,
1652 2478 1704 2532 ,ἢεί

67 2554 165 2620 mun,
181 2569 230 2610 0⁵1¹
249 2554 315 2628 [Ab.
332 2555 439 2621 lissum,
457 2553 541 2626 essul·
911 2558 1050 2614 verbovel
1072 2560 1214 2630 participio
1231 2560 1361 2634 inungatur
1385 2562 1482 2636 [Edit.,
1508 2565 1642 2640 legaturl,
1665 2578 1704 2635 ut,

109 2643 175 2700 Volo
187 2661 295 2716 quemue
307 2647 419 2702 verbum
433 2646 556 2723 neutrale
565 2661 614 2717 per
624 2659 760 2718 syncopen
771 2645 862 2716 prola·
913 2648 976 2704 bene
989 2647 1056 2720 lepo,
1070 2649 1133 2704 bene
1145 2649 1241 2722 terens.

68 2746 130 2795 tum
144 2739 171 2794 in
183 2738 300 2794 secema
314 2738 376 2793 etin
389 2739 469 2793 tertia
481 2753 607 2808 persona,
620 2747 648 2794 et
659 2739 686 2793 iu
702 2736 862 2808 imperfecto
948 2738 998 2794 l'n.
1019 2740 1171 2797 Possumne
1192 2742 1251 2798 alim
1275 2751 1368 2815 partes
1394 2761 1443 2817 pro
1470 2748 1607 2804 adverbiis
1622 2750 1706 2818 ponii

68 2829 151 2902 μὴ,
164 2827 336 2900 imperativo]
353 2827 454 2884 delicit.
469 2827 546 2893 Volo,
564 2827 614 2891 vis,
627 2827 695 2882 vult.
715 2827 790 2881 Plnr.
808 2826 862 2882 Vo·
912 2860 948 2872 -
961 2830 1043 2888 Saxo.
1066 2831 1193 2888 Possunt.
1209 2834 1276 2889 Nam
1294 2837 1403 2892 uomina
1416 2852 1465 2908 per
1482 2837 1605 2894 diversos
1625 2855 1705 2896 casus

67 2919 171 2982 lumus,
189 2917 281 2984 vultis,
298 2917 401 2973 volunt.
417 2915 561 2981 Volebam,
593 2915 713 2979 volebas,
743 2916 861 2972 volebat.
912 2940 962 2994 pro
978 2925 1112 2980 adverbiis
1129 2935 1278 2999 pariuntur,

69 3009 150 3065 Pier.
161 3009 329 3072 Volebamus,
342 3008 483 3069 volebatis,
497 3007 632 3063 volebant.
640 3004 729 3070 Volui,
740 3007 860 3072 voluisti,
949 3017 998 3071 Fir,
1018 3016 1231 3089 [inexemplum.
1243 3050 1278 3060 -
1292 3019 1375 3076 siro,
1388 3019 1529 3078 ueniriviis
1542 3038 1592 3093 pio
1606 3024 1703 3080 adini.

68 3099 167 3155 V⁰¹llib
182 3098 258 3153 Pius·
271 3097 423 3165 V0¹¹¹5¹¹¹¹¹Sr
435 3099 570 3163 V0¹l¹i⁸¹issi
589 3098 748 3162 voluerunt,
763 3097 802 3152 ¹⁷⁰¹
813 3112 860 3153 v0·
873 3080 898 3145 c
912 3110 958 3164 lrio
967 3108 1086 3180 ponitur,
1102 3118 1133 3164 ut
1147 3109 1248 3174 Roma,
1260 3119 1289 3165 ul
1299 3110 1393 3166 Cicero
1408 3130 1415 3165 τ
1429 3111 1520 3167 Romu
1531 3130 1563 3167 ne
1575 3114 1620 3168 sit.
1633 3113 1705 3169 bati-

69 3189 470 3258 ¹110ffiv⁰¹¹¹0l²fflrl⁰¹ssbfflsi
486 3191 618 3246 illlum&
638 3188 744 3245 Pst‘ffll·
759 3188 860 3246 Voluc·
912 3214 962 3253 vus
976 3213 985 3251 :
1000 3200 1109 3271 uesperi,
1120 3200 1195 3254 sorti.
1212 3197 1339 3269 Virgilius
1350 3197 1455 3273 (Georq.
1470 3217 1508 3267 rv,
1526 3201 1587 3270 lobi
1604 3221 1612 3258 ε

70 3298 177 3348 ramus,
192 3283 350 3350 volueratis,
366 3283 516 3339 voluerant.
534 3281 648 3350 Volam,
671 3282 756 3347 voles,
778 3283 859 3338 volet.
911 3316 974 3366 Sum
985 3310 1076 3377 quibus
1086 3313 1116 3364 ,d
1129 3322 1221 3377 mmm
1232 3314 1241 3377 (
1245 3318 1262 3364 Α
1266 3311 1283 3364 1⁸

70 3373 150 3429 Plnr.
163 3373 302 3438 Volemus,
324 3374 435 3439 voletis,
449 3373 549 3429 volent.
565 3371 721 3447 [Optatianai.
747 3372 862 3439 Vellem,

70 3464 168 3531 velles,
180 3464 272 3520 vellet.
288 3461 393 3519 Plurol.
406 3463 552 3530 Vellemus,
565 3465 679 3529 velletis,
691 3465 799 3520 vellent.
812 3465 863 3521 Vo
925 3515 931 3525 .

1287 3350 1295 3375 ,
1309 3317 1401 3378 portas]
1411 3315 1501 3366 cecidit
1511 3318 1621 3368 custodia
1633 3321 1704 3368 sorti.

912 3421 1089 3477 decusativus
1111 3418 1247 3475 :Romam
1272 3437 1350 3492 perne
1374 3420 1439 3494 [vel]
1458 3421 1583 3476 Attienus.
1599 3423 1703 3477 Teren-

70 3554 193 3621 inissem,
207 3555 348 3620 voluisses,
363 3555 501 3611 voluisset.
527 3553 632 3611 Plnroi.
657 3554 863 3621 Voluissemus,
912 3522 988 3570 ‘¹⁰⁵³
1074 3600 1096 3652 ,d
1155 3600 1195 3652 ld
1271 3600 1318 3651 Ah
1388 3600 1400 3635 ,

70 3644 236 3711 voluissetis,
260 3644 417 3700 voluissent.
437 3644 537 3708 Velim,
556 3645 634 3711 velis,
653 3646 729 3700 velit.
755 3643 862 3699 Plurol.
994 3705 1000 3717 ,
1035 3602 1079 3663 ⁰⁰¹
1108 3609 1145 3663 ω’
1165 3615 1179 3650 ⁰
1197 3608 1264 3715 οῗωζ
1279 3608 1302 3715 ,ι
1321 3614 1395 3653 ΕΜ

73 3734 202 3800 Velimus,
213 3734 534 3802 velitia,velint.Vellem‚
545 3736 735 3800 velles,vcllet.
753 3734 859 3790 Plurrl.
912 3706 1062 3762 ‘manvus‘
1077 3702 1176 3776 [Unde]
1192 3703 1321 3812 Y¹f3¹¹¹⁰⁵
1335 3703 1418 3774 (Μ’
1434 3720 1484 3771 ”¹⁹
1505 3702 1530 3776 Ι)
1546 3719 1568 3816 ἶ,

70 3826 220 3891 Vellemus,
236 3826 349 3890 velletis,
365 3826 476 3883 vellent.
494 3827 650 3893 Voluerim,
669 3828 797 3890 volueris,
814 3843 862 3881 vo·
976 3815 1203 3874 F0l10⁵⁰l³⁸i8⁰l²
1218 3813 1567 3875 ⁰⁰⁰⁸0110f211¹¹00⁰⁸b¹¹=l⁸

70 3915 165 3971 luerit.
187 3915 263 3971 Plur.
280 3917 461 3981 Voluerimus,
477 3918 633 3983 volueritis,
647 3918 794 3973 voluerint.
810 3919 864 3974 Vo-
948 3917 997 3971 i'n.
1019 3915 1159 3984 Quomodo
1172 3914 1288 3969 discerni
1307 3922 1396 3983 potest
1415 3922 1505 3969 rutrum
1520 3915 1628 3968 nomina
1644 3915 1702 3971 sint

69 4006 202 4073 inissem,
221 4009 373 4073 voluisses,
388 4008 528 4065 voluisset.
544 4009 649 4064 Plurol.
663 4009 860 4076 Voluissemus,
914 4009 952 4064 sic
964 4002 1128 4077 composita,
1147 4021 1181 4059 an
1196 4005 1342 4060 adverbia?
1355 4034 1392 4044 —
1409 4002 1490 4060 Saxo.
1510 4003 1577 4059 Cum
1595 4006 1705 4061 nomina

69 4098 236 4163 voluissetis,
262 4101 419 4156 voluissent.
443 4099 570 4168 Voluero,
594 4101 722 4168 volueris,
736 4102 860 4159 volucrit.
913 4098 972 4154 loco
983 4098 1172 4154 adverbiorum
1184 4096 1362 4164 accipiuntur,
1374 4096 1703 4163 manentindeclinabilia,

70 4187 153 4243 Pinr.
162 4187 865 4265 Voluerimus,volueritis‚voluerint.lofin.[ruodep
913 4192 977 4247 licet
988 4190 1103 4246 diversis
1117 4189 1264 4260 inrigantur
1277 4190 1405 4255 casibus,
1419 4202 1458 4256 ιιι,
1475 4188 1586 4245 nrblr'me
1597 4189 1698 4257 uolnus,

68 4297 189 4354 precem
203 4296 211 4334 :
228 4280 312 4337 Velle.
328 4280 497 4337 Praeteritum
512 4299 522 4337 .·
537 4283 664 4339 voluisse.
687 4281 865 4357 Participr'rnn
913 4283 1022 4339 sublime
1033 4280 1154 4348 unientis,
1167 4281 1278 4336 sublime
1290 4280 1399 4347 emanti,
1408 4292 1461 4339 ete.
1471 4281 1501 4338 Si
1515 4297 1581 4338 vero
1593 4282 1702 4338 nomina

68 4386 211 4444 presens:
227 4373 330 4428 volens.
915 4384 989 4439 sunt,
1010 4374 1194 4438 declinantur,
1223 4381 1268 4440 ut,
1291 4374 1340 4429 lior
1364 4374 1598 4441 sadducaeum,
1624 4375 1703 4446 baina

110 4461 157 4518 Sic
166 4463 323 4519 declinanda
334 4474 396 4519 sunt
409 4482 416 4517 ε
433 4463 573 4531 Nolo,non
589 4465 640 4531 vis,
656 4480 709 4536 non
721 4464 793 4528 vult;
810 4465 864 4520 nisi
878 4429 1033 4523 ¹'sublimis
1048 4465 1242 4531 calamistratis
1257 4466 1362 4521 trrblirni
1378 4465 1493 4531 volanti,
1508 4476 1561 4521 ete.

68 4555 147 4625 quod
164 4553 224 4609 nolo
235 4556 423 4625 imperativum
440 4556 532 4621 babet,
547 4563 587 4620 ut,
602 4555 667 4620 noli,
681 4555 770 4610 nolite.
784 4553 863 4621 llalo,
948 4559 998 4614 Fri.
1016 4557 1085 4614 Num
1101 4559 1160 4614 alim
1176 4568 1267 4629 partes
1284 4573 1334 4629 pro
1352 4559 1487 4615 adverbiis
1501 4562 1659 4631 ponuntur?
1670 4592 1705 4602 -

70 4643 170 4708 mavis,
185 4644 296 4712 mavult,
313 4645 468 4714 etreliqua.
485 4645 599 4701 immitis
612 4661 641 4700 es
655 4645 682 4700 iu
704 4661 765 4710 nne,
784 4645 867 4717 290
915 4651 996 4707 Saxo.
1012 4651 1161 4708 Ponuntur.
1181 4650 1247 4706 lt'am
1259 4650 1298 4705 oei
1315 4650 1479 4720 eonjunctio,
1500 4657 1539 4716 et,
1552 4667 1609 4719 per,
1628 4660 1655 4707 et
1672 4669 1705 4706 er

69 4736 189 4791 Prance.
202 4737 271 4793 Ecce
285 4737 364 4808 quale
377 4753 445 4793 onus
455 4739 607 4808 imposuisti
618 4738 695 4804 milri,
712 4739 865 4794 dircensmo
913 4743 1128 4813 praepositiones,
1143 4757 1193 4811 pro
1204 4739 1279 4796 eride
1289 4742 1471 4811 accipiuntur,
1485 4751 1515 4797 ut
1525 4741 1620 4799 Cicero
1634 4763 1639 4798 :
1660 4743 1705 4798 Vel

70 4847 123 4904 per
136 4847 233 4903 aspera
245 4841 273 4889 et
285 4833 403 4904 spinosa.
420 4833 530 4890 liimitte
542 4848 586 4889 me
601 4833 708 4889 tandem
720 4831 868 4901 aliquande
914 4850 1039 4905 moenum
1055 4833 1162 4899 bellarm,
1176 4847 1226 4903 pro
1237 4833 1315 4889 valde
1339 4849 1476 4906 magnum.
1493 4835 1630 4903 Errelrus,
1656 4853 1705 4907 pro

71 4923 221 4992 respirare.
915 4926 1102 4981 valdecelsus.

110 5014 160 5069 Fr.
173 5014 323 5082 Dimittam,
336 5027 363 5071 et
371 5016 449 5086 iuxta
462 5014 605 5086 Virgilium
620 5011 724 5086 (lirino.
742 5029 781 5079 rx,
797 5010 865 5083 dbia
1204 5041 1249 5097 DE
1263 5041 1411 5102 mcum&

325 5151 454 5214 ...ugo
464 5151 544 5201 boeto
558 5149 621 5202 lasea
635 5149 731 5200 levabo.
952 5151 999 5206 Fa.
1024 5151 1132 5222 Figurae
1157 5153 1347 5211 adverbiorum
1364 5164 1430 5227 quot
1457 5159 1538 5213 sunt?
1557 5189 1593 5199 -
1618 5160 1690 5216 Saso
1705 5203 1712 5216 .

67 5279 99 5301 -
121 5251 203 5311 Saxo·
218 5253 276 5309 Etsi
292 5253 343 5309 boc
355 5255 450 5320 levas,
471 5254 552 5312 timeo
567 5271 600 5310 ne
615 5254 687 5310 aliud
699 5253 834 5322 imponas.
916 5243 992 5298 Tres.
1008 5242 1137 5314 Simplex,
1152 5254 1191 5313 ut,
1206 5247 1262 5301 dia.
1279 5247 1444 5319 Composita,
1459 5259 1498 5317 ut,
1511 5252 1636 5306 interdiu,
1651 5253 1709 5308 iia.

108 5362 160 5420 ἢ,
175 5364 235 5420 pop
249 5365 358 5421 ,impius
377 5382 438 5422 esse
915 5336 1074 5405 composita,
1090 5335 1117 5391 id
1129 5346 1171 5392 est
1183 5378 1191 5404 ,
1202 5353 1263 5408 quae
1278 5354 1292 5393 a
1309 5341 1465 5410 compositis
1478 5342 1646 5406 derivantur,
1663 5353 1707 5410 nt,
1724 5375 1726 5381 ,

305 5477 352 5527 [b
506 5481 511 5492 ,
548 5482 552 5491 ,
915 5425 949 5479 ab
963 5425 1078 5492 indocto,
1092 5425 1209 5492 indocte,
1225 5428 1432 5495 amiserieorde,
1445 5432 1665 5495 misericorditer.

199 5491 382 5602 jffipsbssuffl
394 5482 476 5535 Μὴ
489 5488 566 5531 ῃῃω
951 5514 999 5570 Fu.
1021 5514 1190 5587 Significatiu
1201 5516 1389 5575 adverbiorum
1403 5537 1461 5592 quu
1480 5532 1521 5578 cst
1536 5522 1613 5596 illi„
1632 5535 1702 5598 pani

109 5696 123 5727 ¹
144 5683 217 5755 Virri.
234 5702 241 5742 ι
257 5687 355 5760 Georr.
373 5688 433 5742 llb'.
