3780 6120
59 272 114 328 adt
400 270 608 329 bochartus
628 302 662 311 —
680 272 760 327 ,tuit
782 271 981 329 Eidl‘lelUll
1001 273 1090 330 tttttu
1110 274 1154 330 ιι.
1173 303 1208 316 -
1228 274 1291 329 titt.
1311 276 1344 330 ll.
1642 284 1694 342 233

58 388 188 461 paedixit
204 405 211 440 ι
234 386 365 455 ,aspicient
392 387 425 439 ud
448 402 499 449 ute,
523 401 598 455 quem
621 385 807 452 condierunt:
827 393 850 436 ct
866 384 960 446 ANon
975 392 1064 455 potest
1075 385 1199 454 proprius
1210 400 1270 440 csse
1284 393 1311 439 ct
1326 384 1477 455 adoptivus.
1496 387 1549 443 dut
1564 397 1637 447 lotus
1651 405 1695 450 est

58 483 184 552 pionpant
200 494 258 531 curu
274 477 380 547 planctu
394 478 470 546 pransi
483 493 561 545 super
575 477 734 545 unigenitum
749 492 756 535 ,·
772 484 796 527 et
808 476 854 527 do·
905 479 1039 547 proprius,
1063 487 1110 531 aut
1133 486 1204 532 totns
1223 487 1264 534 est
1286 480 1436 549 adoptivus.
1461 479 1515 535 Ant
1538 483 1604 538 duos
1625 485 1695 542 idios

58 574 147 626 lebant
173 587 255 634 crint,
289 581 314 622 nt
341 570 424 622 doleri
445 567 508 622 solet
529 570 555 621 r'n
584 578 664 621 rrrortc
689 568 854 638 prirrtoperu'tr'
904 569 1041 623 Christum
1054 585 1113 623 esse
1130 583 1240 625 necesse
1252 579 1295 625 est
1307 568 1417 625 fatearis
1436 572 1462 625 ιιι
1477 573 1581 630 duabus
1603 591 1699 646 perso-

60 660 154 724 tZurtr.
169 677 222 722 ιιι,
242 661 295 729 tu).
322 658 407 726 Quem
431 659 562 729 propbeta
587 670 667 728 atquc
690 659 853 728 evangelista
904 660 956 723 nis,
978 661 1153 729 proprietatis
1174 669 1201 714 et
1224 661 1386 730 adoptionis,
1407 665 1554 720 seeundum
1578 666 1696 724 Nestorii

43 754 230 824 ·rmigenitnm
259 753 476 813 nominaverunt,
504 753 575 805 bunc
598 751 741 822 Apostolus
759 752 854 805 doctor
906 753 1070 823 impietatem
1087 768 1094 806 τ
1111 762 1157 807 aut
1170 754 1193 808 si
1215 754 1353 808 Christum
1369 771 1452 809 unum
1466 760 1720 830 consentis‚pro··

60 846 181 917 gentium
198 844 338 915 proprium
358 842 454 898 Filium
468 844 569 913 absque
582 844 748 897 dubitatione
768 844 856 897 nomi·
905 845 992 914 prium
1015 843 1111 898 Filium
1126 859 1186 898 esse
1207 845 1233 897 in
1250 860 1301 898 una
1327 861 1442 915 persona
1466 863 1527 901 cum
1543 850 1697 915 catholicis,

61 954 125 991 nare
139 938 227 990 voluit
241 936 335 991 dicens
352 955 357 987 :
374 933 425 999 Qui
436 936 540 1005 proprio
555 933 626 987 Filio
642 952 689 988 suo
701 952 751 988 uon
765 951 855 1004 torpor·
904 949 1015 989 rteecsse
1028 935 1126 988 esttibi
1139 943 1223 988 totum
1245 937 1384 1004 proprium
1396 937 1518 991 confiteri
1536 938 1632 993 Filium
1647 938 1696 993 Dei

61 1031 103 1093 ιιι,
119 1029 168 1083 sed
189 1045 238 1098 pro
263 1027 336 1080 nohis
357 1026 467 1078 tradidit
482 1042 540 1078 ertru
554 1025 672 1079 onrrribus
687 1023 775 1094 (Ront.
793 1039 853 1087 vtu,
905 1027 931 1081 in
947 1044 999 1082 una
1013 1043 1126 1096 persona
1140 1043 1252 1082 summae
1266 1030 1397 1094 veritatis,
1412 1032 1473 1101 quia
1489 1033 1579 1087 omnis
1592 1034 1696 1089 veritas

61 1123 114 1191 ιι).
136 1121 228 1176 Datus
246 1129 274 1174 et
294 1118 408 1173 traditus
422 1132 505 1171 rrntrm
530 1116 672 1187 siguificat.
697 1116 855 1186 inigenitus
905 1119 932 1172 iu
945 1134 978 1173 eo
991 1127 1042 1182 cst,
1057 1128 1083 1174 et
1098 1120 1163 1174 nihil
1178 1120 1388 1191 imaginationis,
1403 1123 1473 1178 sicut
1486 1125 1512 1177 in
1530 1124 1593 1180 liliis
1611 1126 1695 1195 adop·

10 1219 13 1224 '
62 1218 260 1281 datusestpro
279 1210 370 1264 mundi
385 1208 481 1274 salute,
496 1218 523 1262 et
537 1209 662 1278 proprius
673 1207 758 1262 Filius
773 1206 856 1261 tradi·
905 1209 987 1263 tionis
1007 1210 1075 1264 solet
1093 1226 1163 1265 esse.
1191 1210 1300 1267 Naturae
1320 1222 1419 1268 nostrae
1435 1217 1580 1284 assumpsit
1598 1218 1698 1272 verita-

61 1317 102 1362 tus
114 1304 152 1360 ad
167 1310 295 1359 mortem.
311 1300 384 1354 idem
405 1299 576 1370 unigenitus,
602 1300 648 1368 qui
668 1308 696 1353 et
717 1299 853 1368 proprius,
905 1309 968 1362 tem,
992 1316 1045 1354 non
1060 1302 1214 1372 adoptionis
1229 1310 1328 1358 nostrae
1339 1319 1484 1372 personam
1501 1324 1506 1358 :
1522 1321 1576 1361 non
1589 1316 1698 1363 munos

61 1398 131 1452 idem
145 1393 287 1466 passibilis
299 1403 327 1447 et
339 1389 521 1460 impassibilis,
536 1390 607 1445 idem
628 1389 699 1444 Deus
717 1399 745 1443 et
764 1390 853 1453 homo,
904 1398 1029 1444 naturam
1049 1392 1225 1447 humanitatis
1251 1403 1349 1447 nostrae
1364 1395 1391 1449 in
1409 1403 1532 1450 naturam
1548 1397 1697 1452 divinitatis

60 1503 130 1542 unus
143 1485 231 1540 Filias
244 1493 273 1539 et
284 1497 354 1537 rmus
366 1481 489 1536 Christus
504 1481 531 1535 ιιι
546 1497 599 1535 una
613 1496 760 1551 persona.»
904 1496 969 1543 suae,
993 1482 1039 1535 sed
1063 1483 1177 1536 mutavit
1198 1497 1342 1552 personam
1365 1485 1519 1553 adoptionis
1543 1495 1643 1542 nostrae
1666 1488 1694 1543 in

94 1575 180 1633 xxti.
202 1575 261 1639 Dic,
286 1574 330 1629 dic
350 1573 457 1628 auditor
478 1588 633 1626 sermonum
654 1571 713 1636 Dei,
728 1572 774 1642 uni
794 1587 855 1626 cum
904 1586 1046 1640 personam
1062 1573 1234 1642 proprietatis
1253 1590 1329 1639 sitae,
1355 1590 1403 1630 sua
1421 1590 1475 1630 non
1490 1577 1630 1642 minuens,
1648 1578 1697 1633 sed

60 1667 172 1725 italam
188 1665 285 1722 oculos
298 1664 381 1719 habes
395 1673 515 1734 apertos,
529 1672 557 1717 et
571 1679 623 1717 non
638 1664 712 1718 rides
724 1680 731 1728 ;
748 1677 795 1718 cor
808 1678 853 1716 ra·
906 1673 996 1720 nostra
1012 1679 1122 1735 augens.
1140 1665 1293 1721 Permansit
1309 1667 1462 1736 quoderat
1477 1668 1540 1723 dum
1552 1671 1699 1740 assumpsit

61 1755 207 1820 donabile,
222 1762 251 1809 et
264 1768 317 1809 non
329 1752 469 1824 intelligis,
484 1769 544 1823 quae
555 1753 591 1808 sit
603 1768 718 1823 persona
729 1752 776 1807 liei
792 1750 853 1807 Filii
870 1737 890 1796 Β
905 1755 976 1824 quod
990 1770 1043 1809 non
1056 1764 1123 1810 erat.
1139 1755 1167 1810 Si
1178 1765 1288 1825 propter
1302 1759 1524 1827 assumptionem,
1541 1758 1696 1831 adoptivam

62 1847 229 1903 eternaliter
240 1861 274 1900 ex
296 1844 352 1900 Deo
366 1843 446 1900 Patre
465 1845 533 1909 nati,
547 1860 583 1900 an
595 1845 705 1915 propria
717 1845 759 1898 vel
772 1845 855 1914 adop
904 1846 1006 1916 putatis
1018 1846 1223 1911 humanitatem,
1242 1855 1270 1901 ut
1283 1848 1460 1903 audirimusa
1475 1848 1575 1915 Felice,
1591 1851 1655 1905 dum
1670 1851 1698 1906 in

62 1941 125 1994 tiva.
143 1937 203 1992 Non
216 1936 321 1992 aestimo
335 1937 373 1991 ita
385 1944 411 1990 te
429 1951 443 1989 a
470 1935 522 1990 lide
535 1951 660 1991 auersum
676 1951 747 2002 esse,
762 1944 791 1990 ut
805 1951 855 1990 au·
906 1937 1063 1995 deieusione
1076 1947 1174 1994 vestrae
1190 1938 1357 1997 infidelitatis
1367 1940 1497 2011 perstitit,
1512 1957 1578 2013 ergo
1591 1944 1698 2013 adopti-

63 2029 127 2084 deas
145 2027 239 2083 dicere
256 2026 408 2096 adoptivam
424 2041 484 2080 esso
499 2041 642 2094 personam
655 2023 853 2079 aeternae'nati-
906 2045 956 2083 vus
970 2036 1012 2084 cst
1027 2029 1099 2084 iliius
1115 2045 1247 2097 personae,
1265 2031 1311 2099 qui
1327 2032 1522 2087 humanitatem
1542 2033 1699 2103 assumpsit,

63 2118 252 2191 vitatisoess
270 2117 330 2172 Filii
347 2118 392 2172 ilci
407 2118 547 2187 unigeniti,
565 2133 597 2172 ne
613 2126 639 2170 te
653 2126 725 2171 totus
739 2117 856 2170 mundus
907 2128 935 2173 et
960 2127 1002 2174 est
1027 2134 1109 2190 nepos
1133 2119 1221 2174 Patris
1244 2134 1293 2189 per
1317 2122 1488 2191 adoptionem
1514 2123 1575 2178 i'ilii
1594 2141 1601 2179 ε
1626 2125 1698 2196 quod

64 2214 172 2269 mutuet
196 2226 259 2266 cum
283 2210 359 2265 tirio.
382 2208 538 2264 Certissime
559 2211 643 2273 scito,
670 2218 698 2264 et
714 2209 855 2263 verissime
906 2222 988 2278 quam
1010 2207 1156 2263 nefandum
1170 2210 1206 2265 sit
1225 2212 1369 2275 aestimare,
1387 2227 1466 2267 nemo
1479 2221 1609 2279 vestnrm,
1626 2230 1696 2276 reor,

64 2301 152 2363 caule.
166 2300 241 2372 quod
252 2301 280 2355 in
294 2300 367 2354 illam
378 2314 522 2382 personam
534 2298 653 2360 omnino,
669 2311 750 2366 quam
762 2295 855 2349 hahuit
906 2302 1022 2369 ignorat.
1046 2299 1100 2356 Sed
1120 2316 1155 2355 ns
1169 2301 1310 2371 prolixitas
1335 2305 1469 2358 sermonis
1491 2305 1544 2359 mei
1561 2303 1697 2360 fastidium

66 2400 126 2447 ³⁰10
143 2390 261 2456 wouh,
283 2390 428 2460 assumpsit
445 2398 571 2444 usturam
592 2389 736 2443 humanum
750 2386 797 2441 Dei
810 2386 855 2439 Fi·
906 2399 1017 2463 generet
1030 2391 1140 2462 legenti,
1162 2392 1207 2446 hic
1221 2391 1300 2461 hujus
1320 2390 1402 2448 libelli
1418 2393 1550 2449 iaciamus
1565 2393 1656 2459 inuri,
1670 2403 1698 2449 et

65 2481 124 2546 fitis.
141 2489 172 2536 ¹¹⁸
193 2489 268 2537 0⁸⁸0ss
290 2487 363 2537 wius
375 2496 428 2535 ΠΜ
451 2494 566 2550 persona
584 2489 612 2533 et
624 2479 733 2548 propria
748 2487 775 2533 et
794 2492 855 2548 pet·
905 2483 1050 2552 resumptis
1062 2498 1111 2554 per
1124 2483 1170 2537 Dei
1184 2485 1298 2553 gratiam
1313 2485 1431 2547 viribus,
1455 2486 1556 2540 ababa
1575 2486 1698 2548 exordio,

67 2569 132 2626 lecta
155 2570 186 2625 in
204 2569 265 2625 Fuit
281 2570 427 2641 dignitate,
445 2568 512 2623 nihii
533 2567 687 2637 adoptionis
706 2567 808 2623 hahens
827 2567 855 2620 in
908 2588 967 2645 quae
982 2575 1093 2630 dicenda
1107 2581 1180 2639 sunt,
1196 2574 1308 2631 liberius
1321 2570 1490 2647 incipiamus.

66 2666 206 2721 divinitate
219 2665 262 2720 rei
282 2664 460 2726 humanitate,
478 2678 547 2716 unus
565 2662 649 2717 Filius
661 2661 741 2715 unius
754 2659 853 2714 Patris.

704 2842 818 2902 tabuit
847 2837 1047 2900 SECUNDUS

830 2969 927 2982 .—

98 3045 120 3100 l.
131 3045 204 3101 Olim
220 3042 312 3108 itaque
323 3039 350 3092 in
361 3035 515 3107 populollei
527 3032 637 3087 inerunt
647 3031 732 3085 saneti
746 3029 1014 3099 prophe-Ctholicae
1044 3029 1105 3083 tidei
1135 3038 1288 3085 sanctarum
1323 3034 1472 3087 sententias
1499 3034 1700 3103 scripturarum

67 3138 141 3201 tanin
152 3134 418 3206 quibusetperquos
428 3127 545 3197 Spiritus
555 3125 603 3179 Dei
613 3123 780 3194 loquebatur.
791 3121 857 3176 Fue·
907 3130 1031 3176 avertere
1051 3130 1207 3190 praesumat.
1223 3123 1369 3179 Videamus
1389 3125 1536 3194 siquidem,
1552 3128 1603 3181 iste
1616 3142 1701 3182 novus

67 3237 127 3285 rant
138 3234 167 3282 et
184 3220 435 3296 pseudoprophetae,
454 3218 501 3287 qui
516 3215 655 3286 arreptitio
676 3213 772 3284 spiritu
789 3211 856 3267 salsa
908 3215 1041 3285 interpres
1060 3215 1178 3284 qualiter
1197 3214 1371 3284 propheticos
1386 3216 1419 3270 de
1434 3214 1543 3272 Christo
1560 3233 1700 3274 sermones

67 3318 301 3379 vaticinaverunt;
319 3324 433 3381 ortorum
447 3305 651 3363 similitudinem
665 3310 762 3374 gerunt
778 3302 859 3357 modo
908 3306 1111 3376 interpretetur.

64 3420 199 3463 arevacum
212 3402 335 3475 magistri
348 3407 494 3462 sectarum·
508 3397 554 3466 ‘1¹11
569 3395 685 3466 speciem
695 3393 805 3464 pietatis
820 3393 858 3447 in·
943 3396 974 3452 ιΙ.
993 3397 1061 3453 lium
1074 3397 1158 3452 multa
1177 3398 1298 3453 cucurrit
1316 3399 1469 3468 querendo,
1487 3402 1576 3454 suhtto
1590 3399 1701 3454 odeudit

66 3496 221 3563 duunt,sed
235 3496 364 3550 virtutem
377 3490 436 3560 ejus
451 3491 594 3561 abnegant,
611 3487 765 3542 scindentes
776 3486 857 3541 desu·
908 3490 935 3544 iu
952 3488 1114 3544 versiculum
1140 3489 1237 3559 psalmi
1264 3504 1347 3554 nxvu,
1369 3489 1396 3542 in
1421 3503 1475 3558 qua
1490 3488 1624 3561 Propheta
1642 3490 1699 3560 glo-

63 3580 800 3663 perconteatamChristitunicam,rreccruciirgentium
809 3578 858 3634 bei
908 3581 975 3635 riam
990 3580 1157 3634 ascensionis
1176 3579 1283 3635 Domini
1300 3580 1387 3635 nostri
1405 3579 1469 3636 tera
1484 3580 1586 3636 Christi
1601 3582 1701 3638 decan-

64 3680 168 3737 Fdinm
174 3694 249 3735 more
256 3671 660 3741 militum,noruntsortemsrdei
666 3671 772 3726 urittere
778 3684 860 3739 super
909 3681 970 3727 tans
982 3672 1047 3727 dicit
1062 3690 1068 3725 :
1081 3671 1230 3726 dsccudcru
1244 3673 1271 3725 iu
1285 3671 1368 3725 altum
1382 3674 1511 3743 captivom
1526 3673 1602 3727 duait
1617 3674 1701 3743 copti-

62 3789 143 3837 earn,
157 3769 234 3841 cujus
248 3770 298 3837 sit;
315 3768 362 3824 sed
378 3766 458 3838 impia
471 3766 624 3821 temeritate
636 3777 741 3817 sacram
759 3759 859 3816 Christi
908 3761 1012 3815 citatem
1033 3757 1119 3829 (Psoi.
1143 3775 1225 3823 ιιιιι,
1245 3760 1300 3830 ιιι).
1324 3759 1452 3830 Adiungit
1468 3776 1575 3830 quoque
1598 3776 1631 3816 ex
1651 3777 1701 3817 suo

61 3864 195 3936 corporis
206 3862 336 3918 unitatem
350 3858 513 3914 schismatici
528 3855 628 3910 erroris
643 3851 749 3923 ungulis
761 3849 859 3905 discin-
909 3866 989 3907 seusu
1005 3869 1011 3904 ε
1031 3869 1040 3901 ι
1060 3850 1130 3904 Eece
1144 3850 1269 3918 captivus
1287 3851 1386 3905 dieitur
1400 3865 1476 3913 csse,
1498 3859 1525 3905 et
1544 3866 1629 3920 quare
1647 3868 1701 3906 non

60 3959 134 4012 dere
150 3953 324 4016 oontmdunt,
339 3958 420 4020 atque
435 3949 461 4003 in
475 3962 507 4003 eo
522 3948 593 4017 quod
607 3954 743 4001 auctorem
754 3943 817 3999 vitae
832 3944 859 3997 in
909 3942 1015 3996 dicatur
1029 3954 1111 3995 carne
1131 3939 1291 4008 adoptivus?
1310 3958 1319 3991 r
1345 3936 1428 4006 Cujus
1442 3938 1569 3994 versiculi
1589 3954 1700 3995 sensum

60 4046 150 4108 duas,
165 4042 337 4113 proprietatis
351 4038 473 4094 videlicet
487 4045 573 4106 atquc*
586 4035 746 4105 adoptionis,
766 4047 859 4104 perso-
909 4034 987 4104 lunge
1007 4032 1088 4088 aliter
1100 4031 1187 4087 sancti
1208 4031 1302 4085 Patres
1316 4030 1486 4099 interpretati
1508 4038 1580 4083 sunt.
1601 4029 1701 4086 Beatus

59 4151 119 4193 aras
144 4132 264 4189 dividere
279 4128 383 4195 volunt,
399 4129 534 4199 seipsosa
556 4124 688 4181 catholiea
704 4138 778 4192 paee,
802 4121 860 4176 sine
910 4120 1075 4192 Augustinus
1097 4120 1134 4174 ita
1164 4117 1342 4189 h11110887
1368 4133 1477 4173 versum
1507 4119 1633 4188 exposuit
1658 4132 1700 4173 ¹:

58 4243 123 4300 qua
138 4223 210 4280 nihil
224 4222 276 4278 heo
292 4221 420 4292 placitum
435 4233 494 4275 esse
511 4218 619 4287 poterit,
635 4216 804 4284 disrumpere
817 4213 860 4267 ni·
913 4230 922 4263 c
938 4212 1006 4278 Quid
1021 4219 1073 4276 est,
1083 4210 1180 4279 inquit,
1193 4210 1265 4279 quod
1279 4209 1354 4274 dicit,
1371 4209 1507 4278 captivasti
1516 4211 1702 4280 captiuitatem,

60 4326 175 4375 tantur
192 4330 198 4366 :
216 4329 265 4368 non
279 4312 469 4383 intelligentes,
485 4324 535 4363 nec
549 4323 608 4377 quae
622 4307 722 4377 legunt,
739 4320 861 4374 necque
910 4303 963 4357 nisi
975 4301 1038 4370 quia
1055 4301 1173 4370 captivi,
1190 4300 1236 4370 qui
1250 4300 1300 4355 suh
1313 4300 1421 4356 diabolo
1436 4302 1606 4364 tenebantur,
1622 4301 1703 4355 ahso-

59 4411 205 4481 lcguntur
218 4402 292 4477 [God.
316 4403 415 4466 Poris,
430 4417 518 4471 neque
540 4399 679 4463 locuntur,
707 4397 773 4466 sorte
796 4396 858 4465 lep,
876 4382 959 4448 Diod
973 4392 1078 4447 suntab
1092 4391 1164 4446 eol»
1182 4391 1248 4446 item
1265 4391 1360 4446 beatus
1376 4388 1556 4461 hieronymus
1569 4391 1604 4445 b:
1627 4407 1636 4440 ι
1652 4389 1704 4444 ds-

62 4517 123 4558 rtec
141 4513 205 4570 quae
216 4495 381 4568 loqrruntur].
397 4494 499 4562 Quibus
510 4494 603 4549 melius
617 4500 689 4548 esset
699 4490 775 4560 juxta
791 4490 863 4545 beati
910 4483 1035 4548 condisti,
1049 4482 1147 4551 inquit,
1161 4482 1187 4536 iu
1206 4480 1299 4544 eoeios,
1315 4480 1456 4550 captivasti
1468 4494 1526 4543 nos,
1545 4480 1590 4547 qui
1604 4479 1703 4547 captivi

61 4594 149 4652 Petri
162 4589 475 4663 principisapostolorum
485 4602 587 4650 vocem,
597 4587 667 4640 riam
677 4585 800 4639 veritatis
810 4598 863 4638 nor.

65 4698 237 4761 agnoscere,
259 4696 336 4751 quarn
361 4686 421 4752 post
445 4679 609 4748 agnitionem
630 4685 779 4731 retrorsum
799 4689 864 4729 eon·

67 4778 158 4835 verti.
178 4773 272 4830 Melius
284 4781 356 4829 esset
369 4770 444 4826 ludas
460 4767 592 4839 proditori
606 4780 743 4835 nunquam
754 4774 864 4835 aposto·

69 4871 160 4924 licam
175 4880 271 4920 nomen
285 4862 423 4926 hahuisse,
437 4874 518 4930 quam
541 4857 588 4911 Dei
603 4855 699 4910 Filium
715 4855 804 4924 impiis
815 4852 864 4908 lu·

70 4960 198 5016 deorsam
212 4957 336 5013 manibus
350 4953 510 5010 vendidisse.
533 4949 579 5006 Sic
596 4949 687 5019 pravis
711 4946 866 5002 doctoribus

70 5050 166 5105 satim
177 5056 248 5104 esset
262 5060 399 5117 nunquam
412 5043 522 5099 honoris
536 5056 643 5103 nomen,
659 5039 701 5094 vel
716 5039 806 5094 sedem
817 5040 865 5092 do-

70 5138 165 5195 cteris
172 5138 309 5206 possidere
321 5136 348 5190 itt
361 5133 491 5197 Ecclesia,
499 5147 579 5201 quam
591 5145 681 5200 pravae
689 5129 750 5184 stdei
760 5129 868 5198 dugtna-

73 5231 153 5284 tibus
167 5228 269 5296 scipsos
290 5241 353 5280 cum
375 5223 474 5295 populo
494 5222 545 5277 sibi
569 5218 689 5287 subjecto
708 5217 866 5287 perdidisse.

75 5320 160 5376 l’atet
170 5320 261 5388 itaque
273 5327 380 5373 nostras
391 5316 433 5371 vel
446 5315 551 5369 illorum
562 5312 712 5383 legentibus
726 5308 868 5375 litterulas,

76 5412 139 5483 guis
155 5417 277 5465 nostrum
292 5406 440 5465 catholicos
455 5414 609 5461 sanctorum
625 5403 735 5457 Patrum
751 5402 776 5454 in
797 5399 870 5455 Scri-

76 5505 168 5580 ptoris
182 5501 282 5558 divinis
296 5501 418 5572 sequitur
429 5512 534 5564 sensus,
547 5494 588 5550 vel
601 5495 688 5564 quisa
703 5492 811 5547 tramite
824 5507 869 5547 ea-

111 5634 126 5662 ·
151 5618 181 5674 S.
196 5618 265 5691 Aug.
282 5618 397 5673 Ertarrat
420 5614 446 5668 in
459 5611 531 5669 Psal.
546 5626 628 5671 ιιιιι,
644 5625 669 5662 v.
687 5608 729 5663 ιιι.
746 5607 794 5664 llic
806 5622 871 5662 vero

78 5689 213 5750 hornus
233 5704 343 5745 sensum
365 5685 451 5758 magis
475 5681 558 5740 refert
576 5696 656 5752 quam
669 5678 751 5736 rerba
765 5677 833 5751 hug.

914 4575 1071 4628 tenebamur
1083 4588 1099 4627 a
1112 4571 1228 4627 diabolo.
1251 4571 1302 4639 Qui
1313 4571 1449 4640 quondam
1464 4571 1490 4624 iu
1504 4569 1578 4623 Sinat
1594 4571 1706 4624 descen·

914 4663 980 4719 dens
993 4664 1079 4735 legem
1093 4662 1192 4733 populo
1205 4662 1352 4726 distribuit,
1365 4662 1422 4732 ipse
1432 4677 1503 4716 nunc
1518 4661 1546 4715 iu
1560 4670 1662 4727 saneto,
1679 4661 1707 4717 id

914 4764 966 4818 cst,
985 4756 1011 4807 in
1036 4763 1174 4823 assumpto
1199 4753 1318 4818 homine,
1335 4753 1368 4807 de
1391 4767 1445 4821 quo
1469 4752 1580 4823 angelus
1602 4752 1637 4808 ad
1652 4753 1708 4808 lla·

915 4848 983 4901 riam
1000 4864 1006 4896 :
1023 4839 1100 4911 Quod
1115 4854 1235 4899 nuscetur
1246 4861 1279 4899 cc
1290 4852 1315 4898 te
1329 4852 1458 4909 sunctum,
1473 4846 1607 4900 arctabitur
1622 4843 1645 4896 F
1647 4844 1708 4898 ilias

916 4939 965 4995 Dei
979 4938 1054 5009 (luc.
1070 4955 1090 5002 r,
1104 4937 1160 5009 δι’),
1175 4953 1233 5003 eos,
1247 4938 1292 5006 qui
1308 4938 1333 4992 in
1348 4938 1504 5008 captivitate
1518 4938 1618 4994 diaboli
1635 4946 1709 4991 tene-

917 5033 1025 5095 bantur,
1046 5029 1169 5090 ahsolvit‚
1184 5045 1215 5085 ac
1233 5038 1293 5100 post
1307 5045 1337 5085 se
1349 5038 1479 5100 tanquam
1491 5030 1612 5099 captivos
1626 5027 1709 5082 dedu·

916 5133 975 5179 ctos
997 5131 1104 5178 aeternae
1131 5123 1193 5176 rite
1219 5123 1348 5177 restituit.
1371 5142 1380 5174 r
1407 5120 1585 5177 Cassiodorus
1610 5115 1676 5173 dicit
1701 5133 1708 5171 ε

921 5214 1022 5270 edesus
1045 5214 1116 5269 enim
1141 5213 1270 5268 Dominus
1289 5213 1361 5269 Deus
1380 5222 1472 5268 noster
1493 5208 1640 5264 crucifixus
1665 5205 1712 5262 de-

919 5303 1023 5359 scendit
1038 5302 1071 5357 ad
1086 5300 1199 5367 inferos,
1215 5310 1242 5357 et
1255 5302 1383 5358 liberatas
1397 5317 1413 5355 a
1434 5298 1590 5367 captivitate
1613 5294 1712 5351 diaboli

920 5398 1025 5453 animas
1049 5395 1175 5465 perduxit
1200 5396 1233 5449 ad
1258 5394 1350 5450 coelos.
1380 5413 1389 5445 r
1417 5391 1502 5458 Quem
1530 5400 1559 5444 tu
1584 5401 1712 5459 perversa

921 5501 1021 5573 mente,
1041 5487 1124 5543 irater
1145 5487 1290 5557 Elipaude,
1311 5484 1447 5556 captivum
1463 5481 1547 5540 audes
1560 5481 1712 5545 nerninem,

957 5606 970 5644 b
991 5604 1019 5660 S.
1033 5603 1106 5659 iiier.
1123 5602 1263 5659 breviario
1276 5597 1486 5656 inPsalterium.
