3780 6120
123 307 176 364 665
555 301 586 356 B.
606 301 638 356 F.
658 298 771 354 nuptm
790 297 857 354 SEU
875 296 1014 354 incultu
1032 296 1175 356 ornauit
1192 299 1281 358 PARS
1300 297 1331 354 V.
1701 297 1751 363 tet

123 420 213 475 sicum
228 417 315 481 adire,
338 423 368 470 ιιι
380 412 486 469 clericis
499 412 571 467 inter
583 427 612 468 se
626 411 754 469 Ecclesiae
768 413 839 469 illius
855 412 909 469 dis·
921 416 946 476 Α
960 421 1043 478 ctum,
1055 428 1106 468 nec
1125 421 1213 469 morte
1227 412 1405 478 uincendum,
1430 411 1475 482 qui
1495 425 1545 467 nec
1567 409 1637 466 mori
1651 409 1750 480 timuit,

124 506 298 563 condentibus
307 518 403 573 pacem
417 500 587 558 reformaret.
602 501 637 556 Et
644 501 709 557 iicet
717 501 799 557 linem
807 501 913 558 dierum
963 519 1013 560 nec
1023 504 1114 560 rivere
1124 503 1271 560 recusarit!
1283 501 1336 558 Sed
1347 516 1408 557 cum
1421 500 1587 573 adiscipulis
1599 511 1752 573 rogaretur,

123 610 236 653 suorum
249 593 368 649 adfuisse
383 609 436 649 non
452 592 607 665 ignoraret,
628 591 763 662 proticisci
775 601 865 648 tamen
878 593 913 650 ob
963 604 994 651 ut
1010 601 1160 651 stramenta
1178 593 1228 650 sub
1248 608 1277 649 se
1300 591 1401 648 iaceret
1418 593 1498 663 poni,
1518 592 1545 647 ri
1567 592 1685 647 febrium
1704 608 1756 665 per

123 684 275 743 istiusmodi
295 699 405 740 causam
428 699 481 739 non
502 683 652 750 recusavit,
673 697 825 740 memorans
848 684 913 742 illud
962 687 1064 760 aliquot
1077 686 1135 743 dics
1154 685 1294 748 laborans,
1314 682 1373 740 Non
1388 685 1474 750 dccet,
1496 683 1592 754 inquit
1616 682 1677 751 filii,
1699 699 1752 763 non

123 777 327 849 evangelicum:
346 776 422 832 diecti
437 777 542 849 pacifici
550 817 557 843 ,
572 777 696 848 quoniom
708 776 759 847 filii
773 776 824 833 liei
836 795 913 835 oocu-
962 777 1039 832 decet
1049 774 1242 842 Christianum,
1255 774 1308 829 nisi
1319 775 1347 829 in
1360 760 1450 828 cinere
1462 781 1489 828 et
1501 773 1591 829 cilicio
1600 773 1689 841 mori;
1704 762 1757 847 ego

125 869 236 924 buntur:
248 866 396 937 nolensque
405 881 500 936 pacem
510 866 637 922 omnibus
647 867 810 938 relinquere,
822 883 913 924 erem·
962 865 1046 931 enim,
1059 866 1081 921 si
1096 863 1168 919 aliud
1182 864 1259 921 vobis
1273 863 1370 932 reliqui
1382 863 1546 932 exemplum,
1560 863 1618 932 ipsc
1627 865 1756 935 peccari.

123 962 169 1032 plo
179 960 285 1015 Domini
298 959 327 1014 in
339 957 382 1014 die
395 957 562 1013 ascensionis
573 973 629 1014 sure
642 958 771 1029 apostolis
780 958 910 1031 dicentis:
962 953 996 1008 Et
1011 969 1072 1009 cum
1085 953 1184 1009 iterum
1198 968 1214 1008 a
1235 951 1411 1024 presbyteris,
1426 953 1472 1021 ‘illi
1488 950 1521 1006 ad
1533 951 1593 1023 eius
1607 950 1758 1010 infirmita-

124 1050 222 1105 Pccem
237 1047 354 1122 relinquo
368 1048 448 1112 colis
462 1065 552 1119 pacem
567 1065 651 1105 mam
663 1049 698 1104 do
710 1049 789 1105 uobis.
804 1049 840 1105 le
848 1067 914 1122 poce
963 1052 1017 1101 tem
1031 1053 1172 1112 venerant,
1183 1053 1335 1115 rogaretur,
1348 1051 1379 1097 ut
1388 1043 1576 1113 corpusculum
1587 1043 1689 1124 lateris
1698 1059 1767 1099 rnn-

122 1139 279 1204 credimini,
296 1137 324 1193 iu
334 1153 398 1209 poce
411 1154 456 1193 aos
469 1138 610 1193 inueniam.
626 1137 748 1210 Cumque
767 1138 819 1196 bac
831 1155 912 1196 cansa
963 1139 1065 1195 tatione
1079 1139 1220 1204 relevaret,
1235 1137 1330 1202 Sinite,
1350 1137 1447 1206 inquit,
1471 1136 1552 1193 sinite
1573 1152 1628 1202 mc,
1643 1137 1758 1204 iratres,

123 1245 185 1286 curu
201 1228 329 1285 familiari
344 1229 536 1299 discipulorum
548 1230 677 1286 comitatu
696 1231 748 1286 iter
760 1237 911 1302 perageret,
962 1233 1053 1303 potius
1064 1231 1161 1288 coelnrn
1176 1247 1256 1301 quam
1272 1239 1371 1286 terram
1386 1229 1487 1296 ridere,
1503 1237 1534 1283 ut
1546 1229 1575 1284 in
1591 1245 1644 1286 suo
1657 1231 1791 1288 itinere·

123 1337 231 1394 mergos
252 1323 280 1378 in
296 1320 406 1378 flumine
422 1323 496 1377 ridet
512 1322 626 1393 piscium
649 1321 849 1377 multitudinem
864 1338 911 1378 ca·
959 1323 1015 1393 jam
1031 1322 1119 1377 iturus
1132 1322 1165 1377 ad
1177 1321 1321 1375 bominum
1330 1334 1407 1375 meus
1418 1319 1529 1391 spiritus
1542 1319 1689 1391 dirigatur.

122 1419 240 1482 plantes,
256 1418 284 1466 et
304 1411 388 1467 dirit:
405 1409 504 1466 Forma
524 1411 582 1468 bec
605 1411 756 1467 damonum
770 1419 822 1468 est.
836 1411 913 1468 Tunc
997 1410 1056 1467 XV.
1073 1410 1148 1465 Inter
1157 1407 1286 1481 angelicos
1297 1408 1406 1480 ltpmnoe
1420 1410 1536 1463 animum
1548 1411 1613 1480 cpit.
1626 1439 1664 1451 -·
1678 1409 1795 1469 Anam

123 1501 177 1556 iliis
189 1500 294 1571 potenti
304 1500 405 1556 uirtute
415 1501 560 1556 uerborum
572 1500 725 1571 imperavit,
739 1508 770 1556 ut
780 1517 841 1558 eum
851 1517 912 1573 gur·
964 1501 1045 1572 igitur
1054 1499 1143 1556 etatis
1156 1514 1212 1555 sue
1225 1515 1319 1565 nrnsr,
1331 1507 1359 1554 et
1373 1499 1543 1570 episcopatus
1554 1500 1597 1555 sui
1608 1516 1687 1568 mr,
1700 1517 1794 1556 ma—

123 1591 206 1661 gitem
218 1591 401 1661 relinquentes
413 1591 488 1646 arida
502 1591 661 1664 desertaque
672 1600 829 1664 appeterent
840 1593 909 1649 ioca.
962 1602 1040 1648 turus
1053 1592 1132 1647 annis
1144 1599 1172 1647 ct
1189 1591 1311 1647 moribus
1325 1591 1396 1663 apud
1407 1591 1607 1650 Condatensem
1628 1592 1786 1652 dioecesb

124 1680 276 1752 Statimque
286 1681 385 1737 mimm
396 1681 423 1735 in
433 1681 542 1737 modurn
554 1697 648 1737 ornnes
660 1682 688 1737 in
697 1698 750 1737 una
762 1683 840 1739 turba
850 1699 911 1740 con·
962 1695 1017 1737 snae
1031 1681 1133 1747 uicum,
1154 1688 1185 1735 nt
1208 1678 1336 1747 diximus,
1357 1680 1473 1736 feliciter
1487 1682 1598 1737 recessit
1614 1682 1774 1738 asaecnlo.

122 1779 240 1842 gregatae
249 1770 344 1827 relicto
357 1770 468 1827 flumine
486 1778 593 1828 montes
613 1772 747 1843 silvasque
763 1774 910 1845 petierunt.
927 1761 950 1822 B
963 1770 1016 1827 Sed
1027 1772 1098 1827 inter
1111 1770 1201 1827 diuina
1216 1786 1300 1827 sacre
1309 1770 1508 1842 predicationis
1519 1772 1615 1839 rerba,
1631 1773 1697 1828 curn
1711 1787 1774 1826 an-

21 1891 35 1916 ·
122 1861 156 1917 m
169 1861 293 1918 admirati
311 1871 383 1929 sunt,
399 1864 446 1935 qui
460 1863 540 1920 simul
556 1864 678 1931 aderant,
701 1865 782 1921 talem
797 1866 824 1922 in
838 1864 911 1920 biar-
962 1864 1054 1934 gelicis
1068 1864 1219 1920 coelestium
1232 1862 1395 1935 hymnorum
1411 1861 1538 1927 uocibus,
1551 1861 1772 1918 circumstanti-

122 1951 180 2007 tino
193 1967 253 2008 csse
269 1952 408 2019 uirtutem,
423 1961 453 2008 ιιι
464 1954 547 2010 ctiam
564 1955 659 2013 aribus
672 1956 729 2012 siue
746 1955 913 2013 demonibus
962 1951 1013 2008 bus
1027 1952 1084 2008 suis
1096 1951 1245 2021 discipulis,
1261 1949 1348 2021 gratia
1362 1949 1458 2021 plenus
1471 1956 1499 2005 et
1518 1949 1677 2013 sanctitate,
1693 1965 1765 2005 san-

123 2042 268 2112 imperarct
281 2061 329 2115 per
342 2045 459 2117 gratiam
472 2045 531 2101 Dei.
962 2048 1034 2097 ctam
1046 2038 1110 2096 lesu
1127 2039 1236 2096 Christo
1250 2038 1362 2096 tradidit
1378 2040 1506 2095 animam.
1531 2038 1608 2094 diuiti
1631 2040 1710 2094 enirn
1729 2040 1756 2098 in

158 2133 227 2191 xlv.
242 2134 389 2207 AEpromt:
403 2135 549 2192 molliorem
561 2137 656 2193 lectam
676 2140 727 2194 sibi
737 2141 819 2195 eterni
836 2155 911 2194 reca-
962 2130 1022 2202 eius
1044 2131 1161 2187 transitu
1179 2145 1261 2186 loces
1281 2130 1425 2186 audierunt
1449 2128 1606 2202 angelorum
1628 2137 1755 2189 sancium

122 2234 173 2278 sat.
188 2255 224 2264 -
237 2222 358 2296 Cumque
372 2226 400 2282 in
414 2226 460 2283 illo
472 2227 543 2295 uico,
558 2228 594 2284 ad
616 2243 696 2298 quem
717 2230 796 2296 ierat,
818 2229 913 2302 paucis
962 2224 1108 2280 Martinam
1122 2223 1297 2281 laudantium.
1311 2224 1420 2294 Quanta
1437 2232 1527 2280 autern
1551 2223 1700 2282 multitudo
1724 2226 1753 2283 ad

123 2314 217 2370 diebus
228 2324 496 2387 commorams,pace
506 2318 578 2374 inter
588 2317 702 2376 ciericos
711 2320 846 2386 restituta,
854 2319 911 2390 jam
962 2317 1020 2387 ejus
1030 2317 1188 2386 obsequium
1200 2317 1365 2384 conuenerit,
1377 2317 1484 2373 narrari
1494 2331 1548 2371 non
1560 2324 1664 2386 potest.
1682 2317 1753 2375 itntu

121 2403 229 2473 regredi
250 2404 285 2461 ad
298 2407 492 2463 monasterinm
512 2409 652 2480 cogitaret,
667 2408 771 2466 uiribus
790 2411 913 2480 corporis
962 2407 1035 2464 enin
1054 2424 1086 2463 ex
1106 2407 1201 2464 ricinis
1218 2407 1329 2463 urbibus
1350 2414 1378 2462 et
1400 2407 1571 2462 monasteriis
1585 2415 1670 2477 atque
1689 2406 1753 2464 ucis

122 2496 206 2565 coepit
220 2504 330 2565 repente
345 2497 454 2553 destitui
468 2516 475 2564 ;
491 2500 699 2571 convocatisque
711 2501 859 2571 discipulis,
871 2503 913 2557 in·
962 2514 1025 2555 oum
1035 2497 1163 2569 lacrymis
1173 2504 1312 2562 venerunt,
1326 2510 1379 2551 una
1392 2511 1458 2553 voce
1473 2505 1599 2552 sanctum
1610 2496 1753 2553 biartinum

122 2584 223 2640 dicavit
239 2586 280 2640 cis
298 2586 354 2655 pam
372 2586 467 2641 adesse
488 2595 594 2657 tempus
615 2588 764 2645 resolvendi
788 2591 912 2661 spiritum
962 2586 1094 2656 lugentes.
1118 2585 1142 2642 0
1162 2591 1279 2657 quantus
1302 2593 1361 2642 erat
1378 2584 1467 2641 luctus
1489 2585 1631 2641 omniumr
1656 2596 1757 2657 quanta

122 2670 181 2742 ejus
192 2688 208 2728 a
220 2689 344 2744 corpore.
361 2675 437 2729 Tunc
450 2690 514 2731 rero
528 2675 615 2732 luctus
625 2683 653 2731 et
666 2693 767 2735 moeror
778 2683 911 2751 omniurn,
961 2677 1098 2748 precipue
1113 2676 1229 2731 lamenta
1242 2675 1435 2732 monachorum
1457 2686 1485 2731 et
1502 2675 1638 2748 uirginum
1663 2676 1755 2733 dicem

121 2774 175 2817 von
186 2778 239 2818 una
252 2762 437 2833 plangentium
451 2771 480 2819 ct
492 2764 658 2822 dicentium:
680 2766 735 2823 Cur
746 2785 805 2835 nos,
819 2769 912 2841 Pater,
962 2768 1041 2833 tium,
1056 2766 1207 2838 quispiam
1223 2778 1264 2821 cst
1281 2767 1398 2838 gaudere
1422 2766 1547 2834 biartino,
1571 2775 1599 2823 et
1620 2766 1697 2838 pium
1714 2779 1758 2825 est

123 2846 237 2916 deseris,
260 2857 307 2904 aut
326 2850 370 2905 cui
391 2866 440 2906 nos
455 2852 589 2909 desolatos
611 2855 762 2927 relinquis?
784 2857 913 2915 invadent
962 2855 1027 2912 licre
1039 2854 1194 2911 iiartinum.
1211 2854 1289 2912 Pium
1302 2856 1375 2911 eninr
1391 2865 1454 2915 erat
1471 2871 1533 2912 cum
1554 2857 1659 2924 rivere.
1681 2857 1758 2929 illum

123 2938 194 2993 enim
208 2953 315 3012 gregem
330 2949 405 2996 tuum
419 2943 474 3013 lupi
491 2958 611 3014 rapaces.
627 2945 661 3000 Et
674 2946 735 3017 quis
747 2964 821 3004 nosa
835 2965 913 3022 rapa·
962 2954 1022 3003 crat
1036 2955 1064 3002 ct
1074 2947 1163 3013 mori3
1180 2948 1242 3017 quia
1255 2948 1282 3002 in
1296 2949 1350 3003 vita
1364 2963 1413 3003 sua
1423 2947 1562 3017 placuerat
1573 2947 1638 3004 Deo.

122 3027 251 3086 sitatibus
272 3045 378 3099 eorum,
403 3039 430 3089 te
454 3036 605 3101 recedente,
632 3035 779 3093 desendet?
804 3039 913 3098 Scimus
997 3035 1067 3093 xil.
1086 3036 1198 3092 Turonis
1213 3035 1345 3108 sepelitur.
1360 3063 1396 3078 .-
1409 3050 1422 3079 a
1437 3035 1521 3108 Cujus
1532 3037 1639 3109 quidem
1654 3053 1760 3110 corpus

123 3118 232 3188 quidem
245 3127 272 3176 te
282 3121 437 3178 desiderare
457 3123 613 3192 Christum,
626 3127 674 3183 sed
696 3127 769 3183 salua
781 3130 829 3185 tibi
842 3098 948 3201 praa·C
964 3128 1097 3184 aciericis
1111 3128 1261 3195 civitatum,
1276 3136 1303 3184 et
1319 3128 1479 3199 populomm
1497 3127 1599 3196 turbis,
1617 3142 1681 3184 cum
1695 3128 1757 3184 lan-

122 3206 177 3262 rnia
190 3216 248 3275 tua,
262 3225 313 3267 nec
325 3211 406 3268 dilata
426 3213 595 3283 minuentur;
619 3218 705 3275 nostri
727 3221 817 3291 potius
831 3222 913 3278 mise-
963 3219 1042 3282 dibus
1054 3227 1081 3273 ct
1099 3218 1207 3290 hymnis
1227 3220 1261 3274 ad
1278 3219 1441 3276 Turonicam
1453 3227 1592 3290 portatum
1603 3227 1646 3275 est
1661 3218 1756 3275 cirita-

122 3313 194 3354 rere.
216 3299 292 3355 Tunc
316 3301 362 3358 ille
385 3312 475 3360 motus
499 3320 593 3361 eornm
618 3304 725 3365 fletibus
746 3310 912 3382 lacrymasse
963 3315 1031 3377 tem,
1048 3310 1139 3379 ibique
1157 3325 1218 3365 cum
1232 3327 1334 3384 magna
1349 3310 1522 3368 veneratione
1544 3310 1679 3382 sepultum
1700 3321 1756 3378 est,

122 3390 296 3462 perhibemr;
308 3408 509 3467 conuersusque
523 3401 558 3454 ad
568 3400 712 3459 Dominum
723 3404 835 3476 supplici
846 3421 913 3463 voce
963 3407 1124 3470 assequente
1137 3412 1198 3454 eura
1212 3400 1315 3455 coelcsti
1331 3401 1409 3457 turba
1434 3415 1496 3456 cuna
1511 3399 1669 3455 ooelestibus
1679 3399 1756 3472 lapm-

122 3470 207 3534 dirit:
222 3479 346 3551 Domine,
359 3486 382 3539 si
396 3486 484 3543 adhuc
494 3489 593 3559 populo
604 3499 650 3547 tuo
660 3509 719 3548 sum
731 3497 911 3565 necessarius,
964 3489 1006 3545 nis
1018 3504 1105 3561 usque
1117 3488 1152 3545 ad
1164 3489 1253 3546 lotum
1264 3490 1389 3562 sepulcri·
1400 3491 1430 3546 1¹¹
1444 3506 1498 3562 (1¹¹⁰
1509 3498 1604 3561 9⁰⁸1&
1616 3489 1676 3545 ¹⁰0⁰
1690 3489 1756 3547 Μ’·

122 3584 177 3625 non
190 3584 286 3626 recuso
296 3571 433 3641 laborem
450 3575 497 3631 tiat
509 3578 633 3637 voluntas
647 3587 702 3636 tua.
717 3581 850 3640 Nimirum
864 3600 912 3642 ne.
962 3586 1006 3634 tus
1019 3580 1133 3635 antistes
1149 3579 1298 3652 Perpetuus
1314 3596 1411 3636 nouam
1435 3579 1562 3636 laudabili
1584 3594 1668 3650 opere
1690 3595 1755 3636 oon·

124 3658 227 3715 sciebat
241 3661 305 3731 quid
317 3663 408 3732 potius
420 3667 530 3724 maliet:
554 3669 619 3741 quia
644 3686 694 3727 nec
708 3673 758 3728 hos
775 3673 913 3746 deserere,
962 3671 1061 3726 struxi!
1075 3670 1228 3737 ecclesiam,
1240 3670 1308 3726 limi
1328 3672 1436 3741 patroni
1455 3671 1571 3742 “lisine
1588 3672 1640 3727 llil
1658 3671 1754 3728 0⁰⁰ffi·

124 3763 175 3805 nec
189 3748 324 3807 aChristo
337 3754 446 3810 uolebat
460 3757 560 3813 diutius
571 3759 700 3830 separari.
716 3759 788 3818 Nihil
800 3762 912 3821 enimin
962 3774 1042 3829 gnam
1054 3760 1168 3816 meritis·
1179 3760 1209 3815 ln
1223 3776 1277 3831 (tua
1290 3762 1372 3816 etlam
1382 3777 1467 3833 usque
1480 3763 1559 3818 hodie
1571 3761 1657 3817 mul&
1670 3762 1755 3818 mlta·

123 3847 187 3894 roto
201 3854 251 3896 suo
264 3857 367 3911 ponens
378 3847 467 3902 omnia
488 3847 546 3906 haec
566 3849 594 3904 in
615 3851 661 3907 llei
676 3852 789 3913 arbitrio
808 3855 912 3912 dimisit
962 3850 1084 3907 culorum
1095 3852 1183 3924 signa,
1196 3851 1319 3921 plurimae
1331 3852 1477 3907 sanitatum
1489 3852 1615 3918 virtutes,
1630 3851 1755 3909 consola-

124 3928 234 3986 dicens:
245 3930 399 4004 Domine,si
412 3938 501 3995 adbuc
514 3955 557 3995 me
569 3941 610 3998 ris
624 3943 651 3998 in
664 3958 777 4015 corpore
790 3961 911 4018 manere,
963 3941 1052 3999 tlonet
1063 3942 1244 4008 moerentium,
1260 3950 1287 3997 el
1298 3943 1412 4014 pietates
1423 3942 1582 4011 laeltsslltlffls
1603 3951 1755 4015 termille

123 4031 178 4074 non
203 4036 299 4078 recuso
321 4023 459 4082 laborem:
475 4035 502 4084 ct
517 4029 539 4084 si
555 4033 645 4101 parcis
656 4035 741 4100 etati,
755 4035 856 4091 bonurn
869 4045 913 4094 cst
963 4034 1077 4090 Domino
1092 4034 1261 4091 nostrolesu
1279 4035 1398 4102 Christo,
1419 4035 1479 4092 fieri
1500 4035 1604 4093 solent:
1624 4039 1672 4109 qui
1688 4036 1757 4092 vivit

126 4109 208 4166 mihis
222 4113 269 4168 ilat
280 4117 405 4174 uoluntas
417 4127 474 4175 tua.
488 4120 653 4190 limantem,
664 4125 698 4181 dc
711 4127 909 4199 quibustimeo,
963 4133 991 4181 ct
1006 4134 1102 4198 regnat
1125 4127 1153 4182 in
1173 4127 1277 4183 unitate
1297 4125 1464 4197 maiestatis,
1479 4142 1527 4199 per
1548 4128 1640 4185 omnia
1653 4125 1755 4186 secula

42 4208 44 4211 ’
126 4206 157 4254 ιιι
174 4202 231 4271 ipse
244 4205 358 4261 custodi.
376 4206 499 4265 Orirunr
516 4210 686 4278 ineffabilem,
702 4231 751 4271 nec
768 4217 860 4274 labore
871 4219 911 4275 ri·
964 4218 1134 4275 sacculorum.
1152 4218 1248 4276 Amen.

160 4346 174 4375 ·
187 4333 312 4392 Clausala
323 4336 483 4396 beccadem
503 4350 545 4398 est
564 4359 597 4400 ac
615 4348 791 4415 precedentis
803 4350 910 4420 scripti,
928 4365 1009 4422 supra
1020 4367 1095 4408 num.
1111 4353 1155 4409 ii.

142 4472 1748 4515 mmm-„-

454 4606 983 4738 roaOPUSCULUM
1025 4613 1428 4759 SECUNDUM.

382 4837 507 4919 vrrs
532 4839 571 4922 s.
598 4843 817 4929 vunasrr
846 4847 1077 4930 nrrsoonr
1098 4853 1495 4952 arumarunsrs

720 5021 846 5104 Scripta
860 5028 1071 5090 cirenensem
1089 5031 1158 5095 800.

858 5173 995 5187 *-

156 5248 318 5306 dulcissimo
328 5247 480 5305 dilectionis
494 5248 550 5305 tilio
564 5250 669 5307 iiadoni
682 5264 696 5293 ⁸
712 5254 801 5310 abbati
821 5257 948 5321 humi-n
994 5259 1014 5314 1.
1039 5261 1194 5321 Dilectionis
1212 5273 1309 5323 vestre
1327 5270 1478 5328 uenerabile
1497 5281 1662 5345 preceptum
1676 5289 1756 5334 seor

119 5337 155 5399 lis
165 5339 246 5397 levita
258 5339 372 5395 Albinus
383 5338 506 5395 salutem.
962 5348 1111 5416 mellitam
1126 5356 1212 5411 sancti
1227 5355 1337 5414 Vedasti
1350 5360 1438 5417 Patris
1452 5364 1535 5418 vestri
1548 5373 1576 5420 ct
1589 5365 1755 5425 intercesso-

158 5525 171 5553 ⁸
191 5511 305 5569 Rodum.
321 5513 433 5580 Surius,
449 5513 563 5570 Radani.
579 5516 604 5573 ls
618 5518 701 5575 abbas
711 5518 797 5576 iactus
817 5535 908 5576 mona-
960 5530 1012 5594 vig
1027 5539 1055 5587 ea
1073 5549 1145 5591 2000
1163 5535 1216 5594 345
1229 5539 1306 5605 opific,
1325 5549 1406 5611 pmug
1424 5541 1523 5614 regitur
1536 5542 1565 5598 a„
1578 5543 1681 5600 epm,
1700 5540 1755 5597 vg.

120 5583 197 5636 stcrii
212 5582 349 5667 vedastini
362 5584 499 5667 aoncilii
514 5589 717 5672 monasterium.
737 5590 866 5662 tempium
879 5600 908 5648 et
960 5598 1066 5656 dastino
1081 5605 1151 5674 apud
1171 5605 1297 5666 Locrinm
1312 5621 1339 5666 ct
1353 5611 1449 5671 Fraus.
1468 5610 1507 5668 Le
1527 5611 1582 5669 Bar
1603 5614 1631 5670 in
1655 5627 1755 5669 monu-

120 5650 222 5708 cultum
235 5663 325 5741 sareu
336 5654 446 5712 ledasu
459 5666 584 5713 maxumus
606 5658 758 5730 sumptibus
771 5661 907 5718 instanra-
959 5669 1057 5727 uncatis
1069 5689 1135 5729 mss.
