3780 6120
123 270 170 327 dol

582 275 775 334 tttcttclca.
788 310 821 316 »-
839 270 940 333 eloha
957 272 1272 336 sscutltlzstoutllt.

1698 266 1750 329 rot

124 399 158 441 ne
180 386 280 441 iterum
304 386 337 439 ad
352 385 513 440 uoluntatem
529 388 631 454 peccati
648 386 759 450 redeat,
781 389 914 457 propitius
930 394 951 448 Α
966 388 1099 453 illustret,
1123 390 1231 444 rohoret
1245 406 1276 443 ac
1291 388 1431 443 condmtet
1450 429 1456 450 ,
1482 388 1617 457 praeterita
1641 395 1748 455 peecata

124 488 185 530 etant
198 477 336 531 custodire
348 476 475 546 digneris.
491 476 543 530 l’er
557 476 697 532 bominum
709 489 841 533 nostrum.

156 565 276 621 Secreto.
293 566 423 636 suscipe,
447 566 656 621 clementissime
678 578 775 636 pater,
799 567 915 621 bostiam

124 658 284 728 placationis
298 669 324 713 ct
337 659 433 723 lanulis,
449 676 517 730 quas
533 676 582 729 ego
597 660 721 731 indiguus
738 670 766 715 et
788 669 915 730 precator

125 750 240 806 famulus
251 761 312 806 ttius
323 752 369 806 tihi
382 750 479 806 ouium
491 767 624 822 praesumo
634 753 667 807 ad
680 754 808 807 honorem
824 753 916 821 gloriae

127 847 242 900 nominis
268 846 325 903 tui,
344 853 370 896 ct
391 860 441 913 pro
464 844 646 898 incolumitate
665 842 757 898 famuli
783 844 821 897 tui
836 843 867 896 N.
886 854 916 898 ut

126 938 244 991 onttritttn
259 937 417 990 delictorum
429 950 539 988 sutor-run
551 936 657 988 versiam
668 935 796 1002 oonscqui
812 949 917 989 atterca-

128 1036 179 1080 tur.
195 1023 248 1077 Per
264 1025 405 1079 Dominum
420 1035 553 1079 nostrum.

162 1115 358 1169 Postrornrnuu.
373 1116 527 1179 Preearuur,
541 1116 666 1177 Domine,
690 1124 721 1169 ut
746 1117 916 1172 interreden-

130 1205 196 1259 tibus
211 1206 313 1260 sanetis
327 1206 380 1261 tuis
398 1222 447 1276 pro
462 1206 560 1261 iamulo
575 1216 620 1261 tuo
632 1206 664 1262 N..
682 1207 876 1277 indulgentiam
890 1209 914 1262 ei

130 1294 229 1347 tribuas
249 1294 369 1348 omniurn
392 1303 581 1363 precatorum,
604 1312 673 1366 opus
694 1296 753 1365 ejus
773 1297 800 1349 io
815 1298 914 1351 borium

130 1384 266 1453 perficias;
283 1401 345 1438 narn
368 1396 395 1438 ct
408 1387 521 1453 gratiam
538 1397 610 1439 tatium
633 1387 657 1439 ei
681 1390 831 1451 concedas,
848 1387 911 1452 lule,

132 1491 175 1548 spe
187 1486 216 1532 et
227 1477 361 1533 charitate
380 1492 441 1532 eum
465 1478 583 1546 repleas,
599 1487 716 1533 mentem
739 1476 844 1545 eiusad
860 1494 915 1534 eta-

131 1571 204 1627 tenta
229 1572 363 1627 desideria
381 1572 484 1642 erigas,
504 1579 532 1626 et
546 1572 579 1624 ab
595 1575 666 1628 omni
683 1574 839 1628 diuersitate
852 1588 914 1629 eum

133 1660 271 1726 delendas,
289 1669 317 1717 et
342 1662 375 1717 ad
398 1662 494 1716 borram
514 1664 741 1731 perseverantiam
770 1666 913 1733 perducas.

134 1751 181 1806 l’er
193 1751 346 1806 Douriuruu.

411 1861 524 1918 CAPUT
546 1864 636 1918 xllll.

169 1975 306 2045 disrupto
326 1972 410 2027 solerte
424 1972 540 2027 cicorum
560 1983 583 2027 ct
604 1975 691 2045 requie
706 1986 878 2030 ntortuorruu.

165 2086 337 2155 Omnipotens
354 2084 516 2154 sempiterne
540 2082 627 2149 Deus,
652 2085 697 2155 qui
721 2086 844 2141 rivorum
867 2088 915 2141 do-

135 2178 240 2233 minaris
253 2175 374 2244 simulet
394 2183 582 2239 rurortuorum,
611 2175 786 2245 omuiumque
809 2175 914 2248 [Δάαι.

135 2265 278 2340 misereris]
310 2282 378 2336 quos
410 2265 538 2321 turosilde
568 2274 596 2319 et
618 2278 699 2333 opere
735 2264 838 2319 loturos
856 2281 916 2320 esse

134 2358 284 2431 praenoscis,
301 2367 327 2413 te
351 2358 507 2428 suppliciter
524 2373 617 2422 exoro,
635 2364 666 2410 ut
691 2372 741 2428 pro
763 2358 860 2427 uirilius
877 2356 916 2410 cl-

134 2448 239 2506 tondere
256 2464 353 2522 preces
366 2448 488 2514 decret-u
504 2463 623 2518 quiesque
636 2446 679 2502 rel
692 2461 811 2516 praesens
834 2462 916 2501 seeu-

134 2543 183 2599 lom
195 2544 284 2598 adhuc
298 2543 325 2598 iu
347 2556 427 2597 carue
440 2542 548 2606 retinet,
563 2541 604 2595 rel
618 2540 736 2595 loturum
748 2537 805 2609 jam
820 2548 917 2593 exutos

135 2648 242 2705 corpore
254 2635 382 2705 suscepit,
396 2634 504 2705 pietatis
519 2644 570 2689 tuae
580 2634 740 2698 clementia,
757 2633 915 2688 delictomm

133 2739 237 2781 suorum
265 2726 370 2780 reniam
397 2736 609 2793 consequantur.
632 2722 683 2778 Per
705 2722 847 2778 hominm
869 2739 916 2778 no·

131 2812 212 2871 duim
226 2813 318 2872 lesum
331 2814 478 2872 Christum.

165 2905 280 2962 Secreta
295 2907 382 2971 Deus,
397 2908 441 2962 cui
455 2907 505 2962 soli
519 2907 642 2977 cognitus
658 2916 701 2962 est
713 2922 841 2962 numerus
864 2907 917 2962 ele-

133 3008 234 3053 ctorum
253 2998 280 3052 iu
299 3011 414 3067 superna
437 2994 566 3052 lellcitate
586 2996 781 3062 locandorum,
807 2997 914 3060 tribue,

967 478 1112 548 indulgeat,
1123 480 1266 548 praeseutia
1278 494 1310 534 ae
1321 478 1411 532 lutrrra
1421 486 1545 548 pmtegat
1559 493 1590 532 ae
1606 476 1731 532 delendat
1744 496 1749 530 :

966 569 1002 623 sit
1015 584 1111 623 manus
1123 569 1230 624 llomim
1244 569 1399 624 auxiliatrix
1414 570 1463 633 tui,
1479 577 1507 625 ct
1529 568 1669 625 brachium
1690 584 1753 625 san·

966 664 1039 713 etum
1064 656 1124 725 ejus
1148 660 1197 714 tibi
1216 661 1344 715 auxilium
1358 660 1488 716 concedat
1511 660 1636 716 omnibus
1659 660 1752 717 diebus

965 749 1027 801 ritae
1042 755 1102 802 tuo.
1119 748 1214 804 Amen.

1000 836 1283 894 Benedicatlloutiuus
1294 841 1375 895 corda
1388 851 1416 895 et
1426 856 1538 911 corpora
1550 853 1653 906 nostra,
1668 852 1696 898 cl
1710 845 1752 899 dm

966 940 1112 996 supernos
1129 927 1357 994 benedictionem,
1379 931 1449 984 sicut
1466 932 1541 985 lsaae
1556 933 1694 988 benedixit
1709 932 1750 988 la.

965 1016 1027 1070 eob.
1044 1014 1138 1071 Mantus
1152 1016 1258 1072 Domini
1272 1032 1353 1087 snper
1363 1032 1422 1085 nos,
1435 1021 1526 1075 mittat
1539 1019 1662 1091 angelum
1675 1040 1753 1080 sumu

966 1108 1114 1174 custodem,
1128 1108 1173 1179 qrri
1188 1110 1321 1164 custodiat
1338 1126 1387 1165 nos
1401 1110 1429 1164 iu
1441 1110 1566 1166 oumibus
1579 1113 1630 1167 riis
1642 1112 1752 1178 noslris,

965 1196 1141 1267 perficiatque
1153 1214 1264 1269 gressus
1282 1207 1390 1254 nostros
1403 1241 1410 1265 ,
1424 1210 1521 1255 utnon
1536 1210 1695 1267 proteantur
1708 1218 1753 1258 re-

966 1288 1045 1360 stigia
1067 1298 1176 1354 nostra,
1199 1290 1265 1344 loris
1285 1304 1333 1344 uos
1356 1300 1481 1362 protegat
1504 1300 1584 1362 atque
1608 1295 1752 1357 defendat,

967 1377 1039 1432 intus
1054 1380 1210 1435 corroboret
1227 1390 1254 1433 et
1270 1378 1412 1436 eorrdrmet
1430 1382 1456 1436 in
1477 1384 1552 1438 oriani
1566 1384 1636 1441 hoco
1650 1392 1677 1443 el
1696 1387 1754 1442 leli·

966 1468 1057 1523 citato.
1075 1469 1170 1524 drneri.

1116 1579 1230 1636 collecto
1245 1600 1324 1654 super
1334 1583 1467 1653 judicium
1481 1584 1602 1639 discredo.

1003 1690 1179 1763 Omnipotens
1191 1697 1354 1764 sempiterne
1374 1697 1461 1762 Deus,
1477 1700 1523 1769 qui
1538 1709 1583 1754 tua
1594 1699 1697 1767 judicia
1715 1702 1755 1756 in-

967 1783 1148 1837 commutabili
1165 1785 1341 1853 dispositione
1352 1785 1443 1853 justus
1455 1787 1553 1858 ubique
1562 1789 1644 1859 judex
1659 1792 1753 1847 decer-

967 1873 1019 1938 uis,
1036 1882 1064 1928 tu
1076 1875 1194 1931 clerucns
1211 1877 1238 1930 iu
1252 1878 1303 1934 hoc
1325 1888 1369 1933 tuo
1379 1878 1493 1949 judicio,
1510 1881 1544 1935 ad
1557 1881 1754 1938 invocationem

968 1967 1021 2036 19
1036 1969 1121 2023 sancti
1146 1971 1184 2023 tui
1207 1973 1333 2037 norriiuis,
1344 1975 1444 2043 qtroda
1461 1984 1486 2029 tc
1504 1974 1621 2030 fidelium
1641 1978 1755 2032 intentio

966 2055 1104 2126 implorat,
1125 2068 1170 2113 tua
1181 2059 1332 2127 justissima
1350 2065 1548 2121 examinatione
1560 2067 1676 2122 declara.
1693 2068 1752 2122 Per.

1002 2147 1016 2187 b
1035 2146 1102 2201 Item
1114 2149 1178 2203 olio.
1200 2152 1271 2206 Deus
1289 2151 1371 2220 judex
1386 2153 1486 2222 justos,
1498 2157 1577 2212 fortis
1593 2169 1621 2213 et
1637 2161 1752 2228 paticus,

966 2237 1012 2305 tpd
1025 2246 1120 2293 auctor
1129 2240 1203 2308 pacis
1214 2256 1254 2304 es,
1265 2251 1291 2296 et
1302 2242 1407 2313 judicas
1418 2246 1582 2314 equitatem.
1602 2249 1641 2302 Tu
1650 2248 1752 2317 judica,

967 2329 1038 2397 quod
1049 2327 1151 2396 justum
1165 2339 1218 2397 est,
1240 2331 1397 2399 bominem
1408 2345 1511 2391 rectum
1521 2336 1651 2405 judicium
1663 2350 1753 2395 tuum:

967 2420 1013 2488 qui
1028 2421 1139 2491 respicis
1149 2436 1228 2491 super
1240 2431 1351 2489 terram,
1366 2425 1467 2484 eliaeis
1479 2444 1539 2483 eam
1551 2438 1675 2485 tremere.
1703 2431 1754 2494 Tu,

967 2508 1038 2564 Deus
1050 2512 1230 2582 omnipotens,
1245 2515 1290 2582 (μή
1304 2530 1353 2583 per
1366 2517 1509 2574 adventum
1520 2520 1581 2576 Filii
1592 2523 1630 2576 tui
1647 2522 1753 2577 Douriui

967 2605 1053 2659 nostri
1065 2604 1128 2660 lesu
1140 2605 1240 2661 Christi
1253 2608 1384 2664 mundum
1406 2611 1526 2677 salvasti,
1546 2621 1573 2667 et
1583 2627 1632 2684 per
1642 2616 1758 2671 sanctis⁶

967 2695 1064 2751 simam
1086 2697 1144 2768 rjus
1166 2699 1318 2768 passionem
1342 2704 1586 2771 genushumanum
1608 2706 1755 2762 redemisti.

968 2787 1006 2843 To
1016 2789 1086 2844 hanc
1100 2804 1196 2859 aquam
1210 2791 1270 2860 igne
1285 2789 1442 2857 lerrerttem,
1457 2795 1514 2850 sive
1523 2793 1624 2851 lerrum
1636 2796 1753 2853 calidum

967 2876 1115 2944 sanctifica,
1134 2878 1180 2947 qui
1193 2888 1248 2935 tres
1263 2895 1373 2951 pueros,
1390 2882 1481 2948 idest,
1505 2883 1609 2951 Sidrae,
1626 2885 1710 2942 llisac
1731 2897 1759 2941 et

967 2967 1121 3042 abdenego,
1142 2971 1254 3042 jubente
1264 2990 1327 3046 rege
1338 2975 1595 3045 Nabuchodonosor,
1608 2981 1635 3035 in
1651 2983 1757 3037 cantino

132 3104 230 3160 nouo,
248 3097 279 3144 ot
300 3092 486 3145 universorum
502 3131 509 3155 ,
523 3105 591 3161 qrros
607 3091 634 3144 iu
648 3091 770 3146 oratione
784 3100 918 3144 commeo·
931 3079 955 3143 C
968 3059 1047 3130 ’μὴ’
1072 3075 1184 3118 ³⁰⁰⁰¹¹⁵³
1197 3060 1316 3130 smmi
1328 3064 1437 3124 ”limi
1455 3065 1563 3137 Μῶν
1578 3078 1605 3121 0‘
1621 3084 1668 3142 9²¹⁴
1679 3087 1756 3148 ³280·

132 3180 207 3238 datos
218 3182 341 3251 suscepi,
355 3181 396 3237 rel
411 3183 530 3236 omnium
548 3180 666 3237 ildelium
686 3181 814 3245 nomina,
836 3180 920 3235 heato

132 3274 372 3344 predestinationis
394 3273 463 3328 liber
484 3275 601 3344 ascripta
619 3274 742 3329 retineat.
763 3272 920 3328 cornoru-

135 3378 205 3421 nora.

166 3456 361 3514 Portcomnum.
382 3457 484 3514 Divinae
499 3459 610 3531 largitor
629 3458 733 3534 [Forte.
750 3460 820 3518 [teus
834 3464 920 3518 ueniat

134 3550 254 3623 largitor]
269 3558 297 3605 ct
311 3549 434 3605 lrtrmaune
449 3550 543 3606 salutis
557 3559 672 3619 amator,
697 3569 851 3623 quaesumus
865 3555 919 3611 cle-

133 3643 260 3697 mentiam
275 3648 359 3704 littam,
369 3650 397 3695 ut
410 3643 518 3696 nomina
533 3641 692 3697 famulorum
705 3643 919 3714 famularumque

135 3729 239 3788 mamm
252 3771 259 3796 ,
271 3744 331 3802 quo
345 3732 388 3787 bic
403 3732 448 3802 pio
464 3732 614 3787 dilectionis
635 3732 723 3788 officio
737 3735 840 3803 pariter
857 3750 920 3789 con-

134 3824 305 3897 scripsimus,
319 3824 346 3878 in
362 3823 432 3878 libro
443 3824 519 3888 rita,
535 3824 715 3878 miserationis
735 3831 786 3878 tute
811 3825 894 3894 gratia
913 3866 919 3888 ,

133 3915 226 3986 lubeas
251 3912 397 3970 conscribi.
427 3911 479 3967 Per
507 3910 651 3968 Dominum
680 3920 801 3969 nostrum
828 3913 920 3969 lesum

135 4004 283 4063 Christum.

283 4134 297 4162 ι
315 4118 585 4176 beseotcttortcs
603 4116 775 4176 btvausm.

971 3148 1026 3205 lum
1042 3159 1118 3206 tuum
1132 3152 1259 3209 eduxisti.
1284 3157 1334 3223 Tu,
1352 3158 1472 3215 clemens
1483 3163 1657 3220 satiatissime
1671 3167 1757 3220 domi

969 3248 1058 3307 nator,
1077 3251 1184 3313 praesta,
1211 3254 1241 3298 ut
1255 3247 1277 3300 si
1301 3247 1429 3305 innocens
1458 3252 1491 3307 de
1515 3252 1650 3311 hoclurto
1665 3258 1705 3312 rel
1727 3260 1760 3314 de

969 3339 1071 3401 stupro,
1088 3333 1115 3386 iu
1128 3349 1224 3404 aquam
1235 3336 1305 3393 hane
1321 3339 1382 3407 igue
1400 3340 1558 3410 ferventem,
1584 3345 1640 3402 sire
1659 3345 1758 3403 loreum

969 3423 1084 3479 calidum
1097 3441 1205 3482 manure
1221 3443 1297 3484 suam
1309 3432 1423 3496 miserit,
1443 3435 1512 3491 sicut
1527 3444 1582 3493 tres
1604 3455 1702 3510 pueros
1716 3456 1760 3495 su-

968 3527 1018 3582 pra
1032 3513 1117 3569 dictos
1131 3515 1158 3570 iu
1173 3518 1278 3574 camino
1303 3521 1372 3592 ignis
1383 3524 1497 3591 soluisti,
1519 3536 1547 3583 et
1559 3527 1710 3585 Susannam
1726 3533 1759 3586 de

969 3604 1037 3661 lalso
1049 3608 1161 3664 crimine
1172 3611 1303 3678 liberasti,
1330 3616 1367 3670 ita
1393 3617 1427 3672 de
1447 3619 1498 3675 hae
1524 3637 1603 3691 aqua,
1629 3624 1690 3694 igne
1706 3625 1760 3679 let·-⁴

970 3704 1058 3762 rente,
1078 3699 1134 3751 sive
1146 3698 1218 3755 lerro
1233 3702 1331 3769 callido,
1355 3722 1463 3762 inanum
1490 3711 1591 3767 salsam
1610 3722 1637 3767 ct
1650 3715 1758 3770 illaesam

970 3786 1077 3843 educat.
1117 3787 1145 3842 Si
1173 3805 1237 3844 vero
1252 3792 1357 3862 culpam
1378 3796 1534 3865 ingravante
1561 3802 1689 3868 diabolo,
1714 3822 1761 3860 cor

970 3877 1122 3933 induratum
1137 3885 1338 3950 praesumpserit
1363 3886 1388 3938 in
1412 3888 1482 3942 lianc
1504 3904 1601 3958 aquam
1631 3894 1691 3963 igne
1709 3893 1761 3950 ier-

970 3979 1088 4035 reutem,
1113 3972 1169 4028 sive
1190 3971 1292 4028 serram
1316 3976 1442 4043 calidum,
1469 3995 1579 4036 martum
1602 3998 1678 4042 suant
1696 3988 1758 4045 mit-

971 4067 1040 4126 tere,
1063 4071 1107 4144 tria
1118 4063 1268 4133 iustissima
1295 4068 1395 4125 veritas
1421 4070 1472 4126 hoc
1483 4072 1610 4142 declaret,
1632 4087 1659 4132 et
1671 4080 1697 4135 iu
1712 4083 1761 4135 lur-

968 4154 1013 4223 Jus
1026 4169 1136 4223 corpore
1149 4164 1220 4211 tuam
1232 4158 1373 4214 ueritatem
1388 4162 1539 4229 martilesta,
1562 4179 1591 4224 ot
1610 4171 1698 4226 anirrta
1713 4189 1762 4242 per

173 4253 314 4308 banelieat
330 4263 357 4308 te
370 4254 499 4310 Dominus
513 4270 545 4308 es·
560 4253 635 4317 Sion,
649 4254 695 4322 qrri
706 4253 771 4308 lenit
785 4254 880 4308 eoelum
894 4263 921 4307 ct
970 4244 1155 4311 pcnuitnntiam
1181 4248 1306 4303 soluetur.
1339 4252 1371 4307 Ei
1395 4256 1417 4309 si
1441 4258 1581 4328 culpabilis
1603 4277 1652 4331 per
1673 4263 1761 4333 aliqua

141 4343 292 4412 terram,in
309 4345 440 4415 sapientia
459 4360 507 4400 sus
526 4344 712 4399 benedictione
730 4352 851 4407 eterna,
876 4346 921 4413 qud
972 4334 1118 4405 lllllssflll'l,
1139 4350 1186 4395 aut
1208 4356 1255 4410 per
1278 4342 1399 4411 hethei,
1423 4360 1533 4420 morata
1563 4367 1610 4409 suo
1639 4358 1760 4411 corrtueri

144 4433 383 4491 mpjgpomm
395 4444 503 4493 „fletos
524 4444 620 4507 pam„-
640 4443 747 4491 nostros
767 4444 794 4491 ρ,
809 4435 923 4506 patriar.
937 4422 961 4480 b
973 4426 1099 4492 voluerit,
1129 4440 1173 4486 tua
1197 4432 1309 4490 deutera
1334 4436 1387 4494 boc
1400 4455 1533 4498 evacuare
1552 4444 1688 4514 dignetur.
1712 4445 1763 4501 Per

146 4523 205 4579 pm
230 4534 348 4590 meros,
372 4526 518 4589 Abraham,
542 4523 924 4591 132200212001)‚02m11111.
976 4518 1142 4590 unigenitum
1157 4522 1297 4580 Mminum
1315 4538 1436 4586 nostrum
1455 4530 1546 4588 lesuin
1559 4533 1695 4592 Christum
1715 4537 1761 4593 Fi-

148 4611 222 4681 uloet
232 4615 261 4670 ln
275 4628 303 4669 te
317 4617 429 4687 gratiam
446 4632 522 4671 sitam
535 4616 681 4685 spiritalem
692 4656 700 4681 ,
712 4618 782 4673 sieta
796 4617 924 4688 urultipli-
976 4608 1040 4666 lium
1053 4620 1139 4679 tuoto,
1148 4616 1192 4684 qui
1204 4624 1293 4672 tecum
1303 4619 1369 4675 uiuit
1379 4629 1407 4675 et
1419 4633 1514 4693 regnat
1528 4624 1608 4692 beas,
1623 4627 1763 4689 inanitate

153 4704 214 4760 mit
234 4719 327 4761 setnon
340 4720 433 4762 eorum
445 4716 573 4777 unquam
594 4709 687 4763 stellas
708 4709 786 4769 enti.
803 4719 832 4764 et
854 4710 927 4765 velut

156 4802 252 4851 thaam
266 4812 328 4868 que
340 4805 382 4852 est
395 4797 421 4851 in
436 4797 525 4853 littore
538 4800 630 4861 maris,
644 4800 701 4867 ipsc
712 4808 835 4870 protegat
846 4809 927 4868 atque

157 4880 268 4946 &Mal
279 4891 406 4946 ommhus
418 4891 513 4948 diebus
526 4893 589 4946 vitta
603 4902 664 4956 tua,
679 4902 706 4947 ct
720 4895 886 4962 perducatis
900 4895 926 4948 in

159 4982 254 5043 rtetrum
267 4979 360 5050 glorie
369 4995 435 5035 suae.
451 4980 546 5034 Amen.

187 5062 339 5139 aspiratio
361 5077 389 5126 te
407 5070 521 5128 Creator
543 5084 670 5138 aeternus,
685 5086 828 5131 conservet
850 5078 875 5131 in
903 5087 928 5131 te

158 5159 256 5218 maan
269 5176 450 5233 soatn,quau1
464 5180 545 5247 super
562 5175 588 5221 te
604 5165 712 5232 inludit,
726 5175 841 5222 mentem
855 5177 928 5223 tuam

156 5247 232 5318 llatt,
243 5255 303 5309 rias
317 5262 378 5311 tuas
393 5254 511 5327 dirigat,
523 5259 700 5330 cogitationes
724 5269 785 5314 toas
807 5260 833 5314 io
859 5262 930 5317 bono

185 5407 273 5477 *Qum
287 5419 447 5493 sequuntur,
461 5413 487 5468 in
499 5413 592 5470 codice
602 5433 655 5486 quo
667 5415 851 5482 Qucrcctanus
867 5433 931 5473 usus

150 5471 199 5537 Ψ,
215 5480 379 5552 Appendteis
391 5482 449 5538 loen
460 5485 581 5553 subiecta
595 5495 666 5540 suut.

182 5539 197 5582 ⁵
212 5549 366 5608 eoncordat
378 5554 406 5608 in
419 5553 554 5624 aliquibus
563 5570 624 5610 euru
636 5555 822 5612 betredietioue
844 5572 930 5627 aqrtae,

977 4699 1093 4772 Spiritus
1103 4707 1198 4769 sancti,
1211 4721 1259 4776 pe:
1271 4710 1361 4764 omnia
1374 4711 1470 4767 secula
1482 4716 1653 4772 saeculorum.
1664 4718 1758 4775 hmctr.

1131 4832 1141 4856 ι’
1164 4818 1302 4875 Orationes
1318 4823 1352 4874 etl
1365 4823 1443 4877 horus
1457 4829 1605 4883 rdnouiroa.

1013 4904 1105 4959 Oratio
1128 4908 1162 4960 nd
1188 4906 1317 4963 Prr'utnrn.
1365 4911 1456 4978 Deus,
1483 4919 1527 4986 qul
1551 4919 1584 4973 ald
1601 4921 1761 4994 principium

978 4996 1057 5050 istius
1078 4997 1130 5051 diei
1144 5014 1193 5069 per
1215 5009 1287 5056 tuam
1309 5006 1423 5073 gratiam
1440 5025 1488 5064 nos
1504 5014 1643 5080 pervenire
1665 5012 1761 5076 iecisti.

979 5096 1023 5142 tua
1048 5104 1097 5143 nes
1118 5091 1189 5144 salta
1212 5092 1325 5160 uirtute;
1349 5106 1379 5151 ut
1405 5100 1431 5153 in
1460 5102 1510 5156 hae
1537 5103 1580 5157 die
1603 5104 1635 5159 ad
1661 5102 1762 5162 uulltrm

979 5181 1143 5237 declinemus
1158 5191 1306 5252 peceatum,
1331 5190 1378 5245 sed
1387 5206 1495 5264 semper
1504 5193 1538 5248 ad
1550 5201 1622 5249 tuam
1631 5195 1763 5265 justiliam

980 5270 1131 5329 faciendam
1144 5285 1235 5331 nostra
1247 5282 1521 5355 procedauteloquia.
1541 5284 1593 5343 Pet·
1610 5286 1762 5344 Dotninum.

981 5424 1041 5487 llil,
1055 5436 1083 5481 et
1095 5445 1157 5484 cum
1168 5431 1252 5488 altera
1264 5451 1291 5505 p.
1304 5435 1367 5502 lli,
1381 5445 1410 5493 et
1419 5452 1480 5510 pag.
1493 5439 1554 5498 l82.

1018 5507 1028 5534 ι
1048 5497 1109 5553 lstec
1122 5502 1258 5583 orationes
1270 5504 1304 5561 ad
1322 5508 1558 5568 horaseanouieas
1580 5514 1688 5571 inserta
1701 5530 1766 5587 urin·

981 5580 1034 5634 que
1056 5580 1120 5626 sont
1140 5569 1245 5630 Ltbello
1269 5574 1424 5634 Peccatorio
1446 5578 1535 5638 Caroli
1553 5578 1641 5652 Calri,
1656 5599 1717 5657 pag.
1733 5584 1766 5639 st

148 5613 269 5677 ‘llataex
282 5621 367 5678 reteri
388 5623 481 5679 codice
496 5624 630 5681 Uticensis
643 5627 799 5681 monasterii
824 5628 933 5685 exhibet
982 5645 1010 5692 cl
1027 5635 1070 5692 25.

148 5662 264 5747 ³¹²rtcne
276 5692 315 5747 lle
325 5691 444 5766 antiquis
461 5693 587 5754 Ecclesia
602 5694 707 5751 ltitibus
721 5705 784 5751 torn.
802 5695 843 5761 ltl,
870 5712 931 5772 pag.
