<?xml version="1.0" encoding="UTF-8"?>
<!DOCTYPE html PUBLIC "-//W3C//DTD XHTML 1.0 Transitional//EN"
    "http://www.w3.org/TR/xhtml1/DTD/xhtml1-transitional.dtd">
<html xmlns="http://www.w3.org/1999/xhtml" xml:lang="en" lang="en">
 <head>
  <title>
</title>
<meta http-equiv="Content-Type" content="text/html;charset=utf-8" />
  <meta name='ocr-system' content='tesseract 3.04.00' />
  <meta name='ocr-capabilities' content='ocr_page ocr_carea ocr_par ocr_line ocrx_word'/>
</head>
<body>
  <div class='ocr_page' id='page_1' title='image "./patrologiaecurs25goog/patrologiaecurs25goog_0656.png"; bbox 0 0 3780 6120; ppageno 0'>
   <div class='ocr_carea' id='block_1_1' title="bbox 126 336 1763 412">
    <p class='ocr_par' dir='ltr' id='par_1_1' title="bbox 126 336 1763 412">
     <span class='ocr_line' id='line_1_1' title="bbox 126 336 1763 412; baseline -0.002 -13"><span class='ocrx_word' id='word_1_1' title='bbox 126 352 195 412; x_wconf 71' lang='lat' dir='ltr'><strong>nat</strong></span> <span class='ocrx_word' id='word_1_2' title='bbox 296 366 310 389; x_wconf 72' lang='lat' dir='ltr'><strong>v</strong></span> <span class='ocrx_word' id='word_1_3' title='bbox 544 344 622 404; x_wconf 77' lang='lat' dir='ltr'><strong>01’P.</strong></span> <span class='ocrx_word' id='word_1_4' title='bbox 643 343 844 403; x_wconf 80' lang='lat' dir='ltr'><strong>suneustrt.</strong></span> <span class='ocrx_word' id='word_1_5' title='bbox 865 339 1075 399; x_wconf 50' lang='grc' dir='ltr'><strong>ων’1101111111</strong></span> <span class='ocrx_word' id='word_1_6' title='bbox 1095 337 1140 396; x_wconf 79' lang='lat' dir='ltr'><strong>lt.</strong></span> <span class='ocrx_word' id='word_1_7' title='bbox 1160 336 1331 396; x_wconf 83' lang='grc' dir='ltr'>-11οΝΙΤ.</span> <span class='ocrx_word' id='word_1_8' title='bbox 1694 336 1763 397; x_wconf 68' lang='lat'><strong>{298</strong></span> 
     </span>
    </p>
   </div>
   <div class='ocr_carea' id='block_1_2' title="bbox 124 449 1771 1999">
    <p class='ocr_par' dir='ltr' id='par_1_2' title="bbox 124 449 1771 1999">
     <span class='ocr_line' id='line_1_2' title="bbox 124 449 1763 537; baseline -0.009 -16"><span class='ocrx_word' id='word_1_9' title='bbox 124 468 153 525; x_wconf 78' lang='lat' dir='ltr'><strong>in</strong></span> <span class='ocrx_word' id='word_1_10' title='bbox 181 464 343 537; x_wconf 73' lang='lat' dir='ltr'>Apocalypsi</span> <span class='ocrx_word' id='word_1_11' title='bbox 366 461 488 533; x_wconf 76' lang='lat' dir='ltr'><strong>legitur:</strong></span> <span class='ocrx_word' id='word_1_12' title='bbox 509 460 544 515; x_wconf 76' lang='lat' dir='ltr'><strong>Et</strong></span> <span class='ocrx_word' id='word_1_13' title='bbox 562 476 621 514; x_wconf 83' lang='lat' dir='ltr'><strong>earn</strong></span> <span class='ocrx_word' id='word_1_14' title='bbox 655 459 782 528; x_wconf 70' lang='lat' dir='ltr'><strong>finierint,</strong></span> <span class='ocrx_word' id='word_1_15' title='bbox 815 455 914 526; x_wconf 81' lang='lat' dir='ltr'><strong>inquit,</strong></span> <span class='ocrx_word' id='word_1_16' title='bbox 932 453 1066 525; x_wconf 73' lang='lat' dir='ltr'><strong>tplliorre</strong></span> <span class='ocrx_word' id='word_1_17' title='bbox 1089 460 1118 508; x_wconf 85' lang='lat' dir='ltr'><strong>et</strong></span> <span class='ocrx_word' id='word_1_18' title='bbox 1138 450 1282 514; x_wconf 86' lang='lat' dir='ltr'><strong>soliosuo,</strong></span> <span class='ocrx_word' id='word_1_19' title='bbox 1307 451 1335 504; x_wconf 91' lang='lat' dir='ltr'><strong>in</strong></span> <span class='ocrx_word' id='word_1_20' title='bbox 1358 449 1418 505; x_wconf 92' lang='lat' dir='ltr'><strong>loco</strong></span> <span class='ocrx_word' id='word_1_21' title='bbox 1434 450 1479 506; x_wconf 87' lang='lat' dir='ltr'><strong>illo</strong></span> <span class='ocrx_word' id='word_1_22' title='bbox 1504 452 1537 506; x_wconf 87' lang='lat' dir='ltr'><strong>de</strong></span> <span class='ocrx_word' id='word_1_23' title='bbox 1554 464 1611 521; x_wconf 75' lang='lat' dir='ltr'><strong>otro</strong></span> <span class='ocrx_word' id='word_1_24' title='bbox 1633 452 1763 507; x_wconf 77' lang='lat' dir='ltr'><strong>Doudoua</strong></span> 
     </span>
     <span class='ocr_line' id='line_1_3' title="bbox 124 543 1763 624; baseline -0.01 -8"><span class='ocrx_word' id='word_1_25' title='bbox 124 557 303 618; x_wconf 81' lang='lat' dir='ltr'><strong>testimoninm</strong></span> <span class='ocrx_word' id='word_1_26' title='bbox 314 573 403 621; x_wconf 84' lang='lat' dir='ltr'><strong>mam,</strong></span> <span class='ocrx_word' id='word_1_27' title='bbox 422 555 514 619; x_wconf 83' lang='lat' dir='ltr'><strong>teatin,</strong></span> <span class='ocrx_word' id='word_1_28' title='bbox 541 569 600 624; x_wconf 80' lang='lat' dir='ltr'><strong>qun</strong></span> <span class='ocrx_word' id='word_1_29' title='bbox 619 551 741 607; x_wconf 75' lang='lat' dir='ltr'><strong>ascendet</strong></span> <span class='ocrx_word' id='word_1_30' title='bbox 756 552 788 603; x_wconf 89' lang='lat' dir='ltr'><strong>tle</strong></span> <span class='ocrx_word' id='word_1_31' title='bbox 814 549 919 620; x_wconf 78' lang='lat' dir='ltr'><strong>elprae,</strong></span> <span class='ocrx_word' id='word_1_32' title='bbox 971 543 1138 602; x_wconf 83' lang='lat' dir='ltr'><strong>ascerrditad</strong></span> <span class='ocrx_word' id='word_1_33' title='bbox 1150 543 1233 600; x_wconf 82' lang='lat' dir='ltr'><strong>cretos</strong></span> <span class='ocrx_word' id='word_1_34' title='bbox 1246 560 1253 598; x_wconf 92' lang='lat'>:</span> <span class='ocrx_word' id='word_1_35' title='bbox 1267 543 1495 615; x_wconf 81' lang='lat' dir='ltr'><strong>qrrodutrumqac</strong></span> <span class='ocrx_word' id='word_1_36' title='bbox 1508 553 1680 616; x_wconf 80' lang='lat' dir='ltr'><strong>potestesse,</strong></span> <span class='ocrx_word' id='word_1_37' title='bbox 1700 547 1763 617; x_wconf 83' lang='lat' dir='ltr'><strong>qrria</strong></span> 
     </span>
     <span class='ocr_line' id='line_1_4' title="bbox 125 633 1765 723; baseline -0.009 -16"><span class='ocrx_word' id='word_1_38' title='bbox 125 651 204 723; x_wconf 69' lang='lat' dir='ltr'><strong>societ</strong></span> <span class='ocrx_word' id='word_1_39' title='bbox 229 647 325 704; x_wconf 78' lang='lat' dir='ltr'><strong>bellam</strong></span> <span class='ocrx_word' id='word_1_40' title='bbox 357 647 482 703; x_wconf 84' lang='lat' dir='ltr'><strong>odnerstta</strong></span> <span class='ocrx_word' id='word_1_41' title='bbox 506 644 577 708; x_wconf 86' lang='lat' dir='ltr'><strong>iiior,</strong></span> <span class='ocrx_word' id='word_1_42' title='bbox 601 655 626 699; x_wconf 89' lang='lat' dir='ltr'><strong>et</strong></span> <span class='ocrx_word' id='word_1_43' title='bbox 646 645 728 700; x_wconf 82' lang='lat' dir='ltr'><strong>uincet</strong></span> <span class='ocrx_word' id='word_1_44' title='bbox 754 660 808 707; x_wconf 84' lang='lat' dir='ltr'><strong>eos,</strong></span> <span class='ocrx_word' id='word_1_45' title='bbox 830 650 855 696; x_wconf 92' lang='lat' dir='ltr'><strong>et</strong></span> <span class='ocrx_word' id='word_1_46' title='bbox 877 658 921 697; x_wconf 89' lang='lat' dir='ltr'><strong>oe·</strong></span> <span class='ocrx_word' id='word_1_47' title='bbox 971 635 995 693; x_wconf 83' lang='lat' dir='ltr'><strong>&#39;si</strong></span> <span class='ocrx_word' id='word_1_48' title='bbox 1020 635 1134 692; x_wconf 82' lang='lat' dir='ltr'><strong>blicbael</strong></span> <span class='ocrx_word' id='word_1_49' title='bbox 1144 634 1192 690; x_wconf 87' lang='lat' dir='ltr'><strong>Dei</strong></span> <span class='ocrx_word' id='word_1_50' title='bbox 1209 634 1307 691; x_wconf 76' lang='lat' dir='ltr'><strong>iaciens</strong></span> <span class='ocrx_word' id='word_1_51' title='bbox 1326 633 1462 690; x_wconf 84' lang='lat' dir='ltr'><strong>venientis</strong></span> <span class='ocrx_word' id='word_1_52' title='bbox 1484 635 1519 690; x_wconf 88' lang='lat' dir='ltr'><strong>ad</strong></span> <span class='ocrx_word' id='word_1_53' title='bbox 1533 634 1666 705; x_wconf 67' lang='lat' dir='ltr'><strong>iudicium</strong></span> <span class='ocrx_word' id='word_1_54' title='bbox 1694 652 1765 709; x_wconf 80' lang='lat' dir='ltr'><strong>prae·</strong></span> 
     </span>
     <span class='ocr_line' id='line_1_5' title="bbox 124 723 1766 809; baseline -0.01 -13"><span class='ocrx_word' id='word_1_55' title='bbox 124 741 205 805; x_wconf 79' lang='lat' dir='ltr'><strong>ridet,</strong></span> <span class='ocrx_word' id='word_1_56' title='bbox 230 748 284 795; x_wconf 88' lang='lat' dir='ltr'><strong>etc.</strong></span> <span class='ocrx_word' id='word_1_57' title='bbox 297 737 390 809; x_wconf 73' lang='lat' dir='ltr'><strong>irlpoc.</strong></span> <span class='ocrx_word' id='word_1_58' title='bbox 418 737 508 809; x_wconf 60' lang='lat' dir='ltr'><strong>aad).</strong></span> <span class='ocrx_word' id='word_1_59' title='bbox 526 736 578 807; x_wconf 84' lang='lat' dir='ltr'><strong>ipsi</strong></span> <span class='ocrx_word' id='word_1_60' title='bbox 601 751 666 791; x_wconf 88' lang='lat' dir='ltr'><strong>vero</strong></span> <span class='ocrx_word' id='word_1_61' title='bbox 684 735 768 790; x_wconf 89' lang='lat' dir='ltr'><strong>occisi</strong></span> <span class='ocrx_word' id='word_1_62' title='bbox 789 742 850 805; x_wconf 86' lang='lat' dir='ltr'><strong>post</strong></span> <span class='ocrx_word' id='word_1_63' title='bbox 867 744 922 788; x_wconf 89' lang='lat' dir='ltr'><strong>tres</strong></span> <span class='ocrx_word' id='word_1_64' title='bbox 972 728 1085 783; x_wconf 79' lang='lat' dir='ltr'><strong>veniens</strong></span> <span class='ocrx_word' id='word_1_65' title='bbox 1108 741 1171 780; x_wconf 87' lang='lat' dir='ltr'><strong>euru</strong></span> <span class='ocrx_word' id='word_1_66' title='bbox 1197 723 1383 791; x_wconf 76' lang='lat' dir='ltr'><strong>interfecerit,</strong></span> <span class='ocrx_word' id='word_1_67' title='bbox 1399 741 1453 780; x_wconf 84' lang='lat' dir='ltr'><strong>non</strong></span> <span class='ocrx_word' id='word_1_68' title='bbox 1468 740 1527 790; x_wconf 88' lang='lat' dir='ltr'><strong>sua,</strong></span> <span class='ocrx_word' id='word_1_69' title='bbox 1548 726 1595 780; x_wconf 89' lang='lat' dir='ltr'><strong>sud</strong></span> <span class='ocrx_word' id='word_1_70' title='bbox 1609 725 1658 781; x_wconf 92' lang='lat' dir='ltr'><strong>Dei</strong></span> <span class='ocrx_word' id='word_1_71' title='bbox 1678 728 1766 781; x_wconf 84' lang='lat' dir='ltr'><strong>virtus</strong></span> 
     </span>
     <span class='ocr_line' id='line_1_6' title="bbox 127 821 1174 893; baseline -0.013 -6"><span class='ocrx_word' id='word_1_72' title='bbox 127 832 187 887; x_wconf 87' lang='lat' dir='ltr'><strong>dies</strong></span> <span class='ocrx_word' id='word_1_73' title='bbox 203 831 345 885; x_wconf 84' lang='lat' dir='ltr'><strong>aDomino</strong></span> <span class='ocrx_word' id='word_1_74' title='bbox 372 828 586 884; x_wconf 73' lang='lat' dir='ltr'><strong>sciscitabantur.</strong></span> <span class='ocrx_word' id='word_1_75' title='bbox 612 826 677 883; x_wconf 76' lang='lat' dir='ltr'><strong>l‘tnt</strong></span> <span class='ocrx_word' id='word_1_76' title='bbox 692 834 805 880; x_wconf 72' lang='lat' dir='ltr'><strong>caeteros</strong></span> <span class='ocrx_word' id='word_1_77' title='bbox 828 823 923 881; x_wconf 86' lang='lat' dir='ltr'><strong>lideles</strong></span> <span class='ocrx_word' id='word_1_78' title='bbox 971 822 1025 876; x_wconf 86' lang='lat' dir='ltr'><strong>erit</strong></span> <span class='ocrx_word' id='word_1_79' title='bbox 1039 831 1066 876; x_wconf 90' lang='lat' dir='ltr'><strong>et</strong></span> <span class='ocrx_word' id='word_1_80' title='bbox 1078 821 1174 893; x_wconf 84' lang='lat' dir='ltr'><strong>jussio.</strong></span> 
     </span>
     <span class='ocr_line' id='line_1_7' title="bbox 127 910 1766 994; baseline -0.008 -16"><span class='ocrx_word' id='word_1_81' title='bbox 127 937 295 994; x_wconf 78' lang='lat' dir='ltr'><strong>persequens</strong></span> <span class='ocrx_word' id='word_1_82' title='bbox 311 919 404 976; x_wconf 89' lang='lat' dir='ltr'><strong>reddet</strong></span> <span class='ocrx_word' id='word_1_83' title='bbox 430 918 530 993; x_wconf 78' lang='lat' dir='ltr'><strong>gladio,</strong></span> <span class='ocrx_word' id='word_1_84' title='bbox 557 928 604 975; x_wconf 90' lang='lat' dir='ltr'><strong>aut</strong></span> <span class='ocrx_word' id='word_1_85' title='bbox 632 926 771 990; x_wconf 89' lang='lat' dir='ltr'><strong>apostatas</strong></span> <span class='ocrx_word' id='word_1_86' title='bbox 801 916 920 980; x_wconf 82' lang='lat' dir='ltr'><strong>laciet·;</strong></span> <span class='ocrx_word' id='word_1_87' title='bbox 1009 914 1240 969; x_wconf 75' lang='lat' dir='ltr'><strong>belcontus-etiarn</strong></span> <span class='ocrx_word' id='word_1_88' title='bbox 1255 912 1410 969; x_wconf 89' lang='lat' dir='ltr'><strong>lirmissime</strong></span> <span class='ocrx_word' id='word_1_89' title='bbox 1423 911 1618 983; x_wconf 78' lang='lat' dir='ltr'><strong>credensquotl</strong></span> <span class='ocrx_word' id='word_1_90' title='bbox 1636 910 1766 967; x_wconf 78' lang='lat' dir='ltr'><strong>cumba·</strong></span> 
     </span>
     <span class='ocr_line' id='line_1_8' title="bbox 128 1003 1767 1085; baseline -0.007 -15"><span class='ocrx_word' id='word_1_91' title='bbox 128 1013 213 1085; x_wconf 83' lang='lat' dir='ltr'><strong>ctqui</strong></span> <span class='ocrx_word' id='word_1_92' title='bbox 226 1014 325 1068; x_wconf 87' lang='lat' dir='ltr'><strong>ineam</strong></span> <span class='ocrx_word' id='word_1_93' title='bbox 338 1011 634 1083; x_wconf 71' lang='lat' dir='ltr'><strong>crediderint,sissnurn</strong></span> <span class='ocrx_word' id='word_1_94' title='bbox 645 1008 812 1067; x_wconf 72' lang='lat' dir='ltr'><strong>characteris</strong></span> <span class='ocrx_word' id='word_1_95' title='bbox 825 1009 923 1079; x_wconf 85' lang='lat' dir='ltr'><strong>ejnsiu</strong></span> <span class='ocrx_word' id='word_1_96' title='bbox 974 1007 1114 1064; x_wconf 84' lang='lat' dir='ltr'><strong>ticbristas</strong></span> <span class='ocrx_word' id='word_1_97' title='bbox 1127 1006 1234 1061; x_wconf 82' lang='lat' dir='ltr'><strong>occisus</strong></span> <span class='ocrx_word' id='word_1_98' title='bbox 1251 1005 1343 1069; x_wconf 85' lang='lat' dir='ltr'><strong>luerit,</strong></span> <span class='ocrx_word' id='word_1_99' title='bbox 1361 1021 1415 1061; x_wconf 91' lang='lat' dir='ltr'><strong>non</strong></span> <span class='ocrx_word' id='word_1_100' title='bbox 1438 1004 1463 1077; x_wconf 69' lang='grc'>11</span> <span class='ocrx_word' id='word_1_101' title='bbox 1486 1005 1578 1059; x_wconf 86' lang='lat' dir='ltr'><strong>statim</strong></span> <span class='ocrx_word' id='word_1_102' title='bbox 1599 1004 1690 1059; x_wconf 88' lang='lat' dir='ltr'><strong>veniet</strong></span> <span class='ocrx_word' id='word_1_103' title='bbox 1708 1003 1767 1059; x_wconf 87' lang='lat' dir='ltr'><strong>dies</strong></span> 
     </span>
     <span class='ocr_line' id='line_1_9' title="bbox 129 1095 1765 1172; baseline -0.006 -14"><span class='ocrx_word' id='word_1_104' title='bbox 129 1103 218 1159; x_wconf 74' lang='lat' dir='ltr'><strong>frome</strong></span> <span class='ocrx_word' id='word_1_105' title='bbox 234 1103 394 1172; x_wconf 74' lang='lat' dir='ltr'><strong>suscipient.</strong></span> <span class='ocrx_word' id='word_1_106' title='bbox 970 1099 1077 1170; x_wconf 63' lang='lat' dir='ltr'><strong>indicii,</strong></span> <span class='ocrx_word' id='word_1_107' title='bbox 1106 1099 1168 1172; x_wconf 76' lang='lat' dir='ltr'><strong>nec]</strong></span> <span class='ocrx_word' id='word_1_108' title='bbox 1183 1099 1277 1153; x_wconf 89' lang='lat' dir='ltr'><strong>statim</strong></span> <span class='ocrx_word' id='word_1_109' title='bbox 1300 1098 1334 1152; x_wconf 89' lang='lat' dir='ltr'><strong>ad</strong></span> <span class='ocrx_word' id='word_1_110' title='bbox 1352 1096 1485 1166; x_wconf 85' lang='lat' dir='ltr'><strong>judicium</strong></span> <span class='ocrx_word' id='word_1_111' title='bbox 1509 1096 1639 1158; x_wconf 76' lang='lat' dir='ltr'><strong>Dominus</strong></span> <span class='ocrx_word' id='word_1_112' title='bbox 1657 1095 1765 1161; x_wconf 85' lang='lat' dir='ltr'><strong>veniet;</strong></span> 
     </span>
     <span class='ocr_line' id='line_1_10' title="bbox 163 1189 1766 1265; baseline -0.005 -14"><span class='ocrx_word' id='word_1_113' title='bbox 163 1194 218 1251; x_wconf 86' lang='lat' dir='ltr'><strong>Sed</strong></span> <span class='ocrx_word' id='word_1_114' title='bbox 230 1194 294 1265; x_wconf 85' lang='lat' dir='ltr'><strong>quia</strong></span> <span class='ocrx_word' id='word_1_115' title='bbox 313 1194 346 1251; x_wconf 89' lang='lat' dir='ltr'><strong>do</strong></span> <span class='ocrx_word' id='word_1_116' title='bbox 359 1194 417 1264; x_wconf 83' lang='lat' dir='ltr'><strong>ejus</strong></span> <span class='ocrx_word' id='word_1_117' title='bbox 431 1192 566 1264; x_wconf 91' lang='lat' dir='ltr'><strong>principio</strong></span> <span class='ocrx_word' id='word_1_118' title='bbox 582 1200 609 1248; x_wconf 91' lang='lat' dir='ltr'><strong>et</strong></span> <span class='ocrx_word' id='word_1_119' title='bbox 626 1193 681 1249; x_wconf 89' lang='lat' dir='ltr'><strong>vita</strong></span> <span class='ocrx_word' id='word_1_120' title='bbox 695 1192 824 1256; x_wconf 77' lang='lat' dir='ltr'>diximus,</span> <span class='ocrx_word' id='word_1_121' title='bbox 843 1206 923 1262; x_wconf 79' lang='lat' dir='ltr'><strong>navem</strong></span> <span class='ocrx_word' id='word_1_122' title='bbox 974 1195 1021 1250; x_wconf 90' lang='lat' dir='ltr'><strong>sed</strong></span> <span class='ocrx_word' id='word_1_123' title='bbox 1035 1194 1106 1250; x_wconf 88' lang='lat' dir='ltr'><strong>sieut</strong></span> <span class='ocrx_word' id='word_1_124' title='bbox 1120 1192 1294 1264; x_wconf 81' lang='lat' dir='ltr'><strong>intelligimus</strong></span> <span class='ocrx_word' id='word_1_125' title='bbox 1307 1208 1340 1247; x_wconf 84' lang='lat' dir='ltr'><strong>ex</strong></span> <span class='ocrx_word' id='word_1_126' title='bbox 1350 1191 1420 1248; x_wconf 91' lang='lat' dir='ltr'><strong>libro</strong></span> <span class='ocrx_word' id='word_1_127' title='bbox 1432 1190 1563 1256; x_wconf 80' lang='lat' dir='ltr'><strong>Danielis,</strong></span> <span class='ocrx_word' id='word_1_128' title='bbox 1586 1189 1766 1260; x_wconf 74' lang='lat' dir='ltr'><strong>quadraginta</strong></span> 
     </span>
     <span class='ocr_line' id='line_1_11' title="bbox 129 1282 1768 1356; baseline -0.009 -5"><span class='ocrx_word' id='word_1_129' title='bbox 129 1282 211 1341; x_wconf 69' lang='lat' dir='ltr'><strong>finem</strong></span> <span class='ocrx_word' id='word_1_130' title='bbox 228 1285 350 1351; x_wconf 58' lang='lat' dir='ltr'><strong>habebnt</strong></span> <span class='ocrx_word' id='word_1_131' title='bbox 370 1284 501 1341; x_wconf 62' lang='lat' dir='ltr'><strong>dicamus.</strong></span> <span class='ocrx_word' id='word_1_132' title='bbox 528 1284 579 1341; x_wconf 87' lang='lat' dir='ltr'><strong>Hic</strong></span> <span class='ocrx_word' id='word_1_133' title='bbox 592 1301 709 1356; x_wconf 70' lang='lat' dir='ltr'><strong>nampre</strong></span> <span class='ocrx_word' id='word_1_134' title='bbox 727 1284 925 1347; x_wconf 70' lang='lat' dir='ltr'><strong>tlnticbristos.</strong></span> <span class='ocrx_word' id='word_1_135' title='bbox 974 1288 1032 1344; x_wconf 83' lang='lat' dir='ltr'><strong>alies</strong></span> <span class='ocrx_word' id='word_1_136' title='bbox 1058 1286 1188 1342; x_wconf 89' lang='lat' dir='ltr'><strong>Dominus</strong></span> <span class='ocrx_word' id='word_1_137' title='bbox 1199 1287 1346 1342; x_wconf 87' lang='lat' dir='ltr'><strong>incantatis</strong></span> <span class='ocrx_word' id='word_1_138' title='bbox 1371 1293 1400 1340; x_wconf 91' lang='lat' dir='ltr'><strong>ct</strong></span> <span class='ocrx_word' id='word_1_139' title='bbox 1423 1283 1601 1341; x_wconf 87' lang='lat' dir='ltr'><strong>caracteratis</strong></span> <span class='ocrx_word' id='word_1_140' title='bbox 1627 1289 1662 1338; x_wconf 87' lang='lat' dir='ltr'><strong>ad</strong></span> <span class='ocrx_word' id='word_1_141' title='bbox 1678 1282 1768 1354; x_wconf 88' lang='lat' dir='ltr'><strong>poeni·</strong></span> 
     </span>
     <span class='ocr_line' id='line_1_12' title="bbox 131 1371 1769 1449; baseline -0.012 -3"><span class='ocrx_word' id='word_1_142' title='bbox 131 1378 230 1434; x_wconf 66' lang='grc'>(1101011</span> <span class='ocrx_word' id='word_1_143' title='bbox 258 1378 339 1445; x_wconf 59' lang='grc'>1111118,</span> <span class='ocrx_word' id='word_1_144' title='bbox 364 1387 392 1432; x_wconf 64' lang='lat' dir='ltr'><strong>ei</strong></span> <span class='ocrx_word' id='word_1_145' title='bbox 404 1379 489 1434; x_wconf 64' lang='grc' dir='ltr'>10ῑίὓῦ</span> <span class='ocrx_word' id='word_1_146' title='bbox 518 1377 630 1432; x_wconf 58' lang='lat' dir='ltr'><strong>”Wlfflin</strong></span> <span class='ocrx_word' id='word_1_147' title='bbox 661 1377 795 1448; x_wconf 82' lang='lat' dir='ltr'><strong>pessimus</strong></span> <span class='ocrx_word' id='word_1_148' title='bbox 813 1375 922 1439; x_wconf 64' lang='lat' dir='ltr'><strong>iliifss·</strong></span> <span class='ocrx_word' id='word_1_149' title='bbox 975 1381 1086 1436; x_wconf 88' lang='lat' dir='ltr'><strong>tentiam</strong></span> <span class='ocrx_word' id='word_1_150' title='bbox 1111 1379 1278 1444; x_wconf 68' lang='lat' dir='ltr'><strong>cotrcedctt,</strong></span> <span class='ocrx_word' id='word_1_151' title='bbox 1304 1386 1447 1449; x_wconf 85' lang='lat' dir='ltr'><strong>propterca</strong></span> <span class='ocrx_word' id='word_1_152' title='bbox 1475 1377 1538 1447; x_wconf 85' lang='lat' dir='ltr'><strong>qrria</strong></span> <span class='ocrx_word' id='word_1_153' title='bbox 1558 1375 1669 1430; x_wconf 78' lang='lat' dir='ltr'><strong>suntab</strong></span> <span class='ocrx_word' id='word_1_154' title='bbox 1692 1371 1769 1427; x_wconf 80' lang='lat' dir='ltr'><strong>anri-</strong></span> 
     </span>
     <span class='ocr_line' id='line_1_13' title="bbox 130 1463 1766 1544; baseline -0.007 -17"><span class='ocrx_word' id='word_1_155' title='bbox 130 1485 192 1527; x_wconf 87' lang='lat' dir='ltr'><strong>cum</strong></span> <span class='ocrx_word' id='word_1_156' title='bbox 216 1486 266 1540; x_wconf 90' lang='lat' dir='ltr'><strong>per</strong></span> <span class='ocrx_word' id='word_1_157' title='bbox 279 1478 335 1526; x_wconf 91' lang='lat' dir='ltr'><strong>tres</strong></span> <span class='ocrx_word' id='word_1_158' title='bbox 352 1486 438 1526; x_wconf 84' lang='lat' dir='ltr'><strong>anuos</strong></span> <span class='ocrx_word' id='word_1_159' title='bbox 452 1479 480 1525; x_wconf 91' lang='lat' dir='ltr'><strong>et</strong></span> <span class='ocrx_word' id='word_1_160' title='bbox 499 1469 641 1526; x_wconf 89' lang='lat' dir='ltr'><strong>dimidium</strong></span> <span class='ocrx_word' id='word_1_161' title='bbox 662 1471 771 1544; x_wconf 73' lang='lat' dir='ltr'><strong>[inagna</strong></span> <span class='ocrx_word' id='word_1_162' title='bbox 797 1483 925 1538; x_wconf 87' lang='lat' dir='ltr'><strong>persecu·</strong></span> <span class='ocrx_word' id='word_1_163' title='bbox 974 1472 1077 1528; x_wconf 89' lang='lat' dir='ltr'><strong>cbristo</strong></span> <span class='ocrx_word' id='word_1_164' title='bbox 1102 1469 1215 1526; x_wconf 77' lang='lat' dir='ltr'><strong>seducti.</strong></span> <span class='ocrx_word' id='word_1_165' title='bbox 1238 1467 1384 1536; x_wconf 87' lang='lat' dir='ltr'><strong>Postquam</strong></span> <span class='ocrx_word' id='word_1_166' title='bbox 1394 1480 1459 1521; x_wconf 89' lang='lat' dir='ltr'><strong>vero</strong></span> <span class='ocrx_word' id='word_1_167' title='bbox 1483 1466 1554 1520; x_wconf 83' lang='lat' dir='ltr'><strong>lianc</strong></span> <span class='ocrx_word' id='word_1_168' title='bbox 1579 1463 1766 1534; x_wconf 81' lang='lat' dir='ltr'><strong>paenitentiam</strong></span> 
     </span>
     <span class='ocr_line' id='line_1_14' title="bbox 129 1555 1765 1635; baseline -0.005 -18"><span class='ocrx_word' id='word_1_169' title='bbox 129 1557 221 1633; x_wconf 87' lang='lat' dir='ltr'><strong>tione]</strong></span> <span class='ocrx_word' id='word_1_170' title='bbox 247 1569 333 1618; x_wconf 90' lang='lat' dir='ltr'><strong>totum</strong></span> <span class='ocrx_word' id='word_1_171' title='bbox 351 1561 480 1617; x_wconf 83' lang='lat' dir='ltr'><strong>anundum</strong></span> <span class='ocrx_word' id='word_1_172' title='bbox 496 1562 645 1627; x_wconf 76' lang='lat' dir='ltr'><strong>vexaverit,</strong></span> <span class='ocrx_word' id='word_1_173' title='bbox 674 1561 762 1616; x_wconf 91' lang='lat' dir='ltr'><strong>etDci</strong></span> <span class='ocrx_word' id='word_1_174' title='bbox 792 1559 923 1631; x_wconf 91' lang='lat' dir='ltr'><strong>populum</strong></span> <span class='ocrx_word' id='word_1_175' title='bbox 973 1565 1150 1635; x_wconf 64' lang='lat' dir='ltr'><strong>exple-verim,</strong></span> <span class='ocrx_word' id='word_1_176' title='bbox 1167 1560 1441 1633; x_wconf 80' lang='lat' dir='ltr'><strong>qnarrtnmteniporis</strong></span> <span class='ocrx_word' id='word_1_177' title='bbox 1458 1559 1576 1629; x_wconf 86' lang='lat' dir='ltr'><strong>spatium</strong></span> <span class='ocrx_word' id='word_1_178' title='bbox 1600 1563 1693 1626; x_wconf 84' lang='lat' dir='ltr'><strong>postea</strong></span> <span class='ocrx_word' id='word_1_179' title='bbox 1709 1555 1765 1619; x_wconf 81' lang='lat' dir='ltr'><strong>bat,</strong></span> 
     </span>
     <span class='ocr_line' id='line_1_15' title="bbox 128 1644 1767 1727; baseline -0.005 -20"><span class='ocrx_word' id='word_1_180' title='bbox 128 1652 213 1707; x_wconf 81' lang='lat' dir='ltr'><strong>varnis</strong></span> <span class='ocrx_word' id='word_1_181' title='bbox 238 1653 329 1722; x_wconf 81' lang='lat' dir='ltr'><strong>poenis</strong></span> <span class='ocrx_word' id='word_1_182' title='bbox 354 1652 527 1716; x_wconf 82' lang='lat' dir='ltr'><strong>cruciaverit,</strong></span> <span class='ocrx_word' id='word_1_183' title='bbox 556 1661 584 1706; x_wconf 87' lang='lat' dir='ltr'><strong>et</strong></span> <span class='ocrx_word' id='word_1_184' title='bbox 600 1653 627 1707; x_wconf 93' lang='lat' dir='ltr'><strong>in</strong></span> <span class='ocrx_word' id='word_1_185' title='bbox 654 1652 706 1707; x_wconf 81' lang='lat' dir='ltr'><strong>lide</strong></span> <span class='ocrx_word' id='word_1_186' title='bbox 731 1660 924 1722; x_wconf 80' lang='lat' dir='ltr'><strong>permanentes</strong></span> <span class='ocrx_word' id='word_1_187' title='bbox 973 1657 1098 1727; x_wconf 73' lang='lat' dir='ltr'><strong>utramvis</strong></span> <span class='ocrx_word' id='word_1_188' title='bbox 1120 1655 1240 1711; x_wconf 89' lang='lat' dir='ltr'><strong>arbitror</strong></span> <span class='ocrx_word' id='word_1_189' title='bbox 1261 1652 1332 1723; x_wconf 83' lang='lat' dir='ltr'><strong>qivod</strong></span> <span class='ocrx_word' id='word_1_190' title='bbox 1353 1649 1443 1705; x_wconf 88' lang='lat' dir='ltr'><strong>nullus</strong></span> <span class='ocrx_word' id='word_1_191' title='bbox 1468 1649 1504 1703; x_wconf 87' lang='lat' dir='ltr'><strong>sit</strong></span> <span class='ocrx_word' id='word_1_192' title='bbox 1518 1648 1655 1718; x_wconf 80' lang='lat' dir='ltr'><strong>quvisciat,</strong></span> <span class='ocrx_word' id='word_1_193' title='bbox 1680 1644 1767 1700; x_wconf 84' lang='lat' dir='ltr'><strong>sedin</strong></span> 
     </span>
     <span class='ocr_line' id='line_1_16' title="bbox 128 1734 1768 1817; baseline -0.005 -16"><span class='ocrx_word' id='word_1_194' title='bbox 128 1746 452 1817; x_wconf 75' lang='lat' dir='ltr'><strong>martyrioeorooaveril,</strong></span> <span class='ocrx_word' id='word_1_195' title='bbox 478 1746 511 1799; x_wconf 91' lang='lat' dir='ltr'><strong>ad</strong></span> <span class='ocrx_word' id='word_1_196' title='bbox 530 1744 655 1799; x_wconf 90' lang='lat' dir='ltr'><strong>ultinmm</strong></span> <span class='ocrx_word' id='word_1_197' title='bbox 673 1745 766 1799; x_wconf 88' lang='lat' dir='ltr'><strong>veniet</strong></span> <span class='ocrx_word' id='word_1_198' title='bbox 789 1743 921 1814; x_wconf 73' lang='lat' dir='ltr'><strong>iudicium</strong></span> <span class='ocrx_word' id='word_1_199' title='bbox 975 1746 1177 1817; x_wconf 75' lang='lat' dir='ltr'><strong>dispensatione</strong></span> <span class='ocrx_word' id='word_1_200' title='bbox 1200 1744 1248 1799; x_wconf 91' lang='lat' dir='ltr'><strong>Dei</strong></span> <span class='ocrx_word' id='word_1_201' title='bbox 1274 1750 1378 1806; x_wconf 76' lang='lat' dir='ltr'><strong>maeret,</strong></span> <span class='ocrx_word' id='word_1_202' title='bbox 1407 1739 1453 1809; x_wconf 80' lang='lat' dir='ltr'><strong>qlti</strong></span> <span class='ocrx_word' id='word_1_203' title='bbox 1475 1737 1607 1808; x_wconf 85' lang='lat' dir='ltr'><strong>judicabit</strong></span> <span class='ocrx_word' id='word_1_204' title='bbox 1638 1734 1768 1792; x_wconf 76' lang='lat' dir='ltr'><strong>sacillum</strong></span> 
     </span>
     <span class='ocr_line' id='line_1_17' title="bbox 128 1825 1769 1909; baseline -0.009 -17"><span class='ocrx_word' id='word_1_205' title='bbox 128 1836 179 1892; x_wconf 86' lang='lat' dir='ltr'><strong>Dei</strong></span> <span class='ocrx_word' id='word_1_206' title='bbox 195 1852 277 1906; x_wconf 91' lang='lat' dir='ltr'><strong>snper</strong></span> <span class='ocrx_word' id='word_1_207' title='bbox 305 1851 378 1902; x_wconf 90' lang='lat' dir='ltr'><strong>eum,</strong></span> <span class='ocrx_word' id='word_1_208' title='bbox 397 1837 468 1894; x_wconf 88' lang='lat' dir='ltr'><strong>sicut</strong></span> <span class='ocrx_word' id='word_1_209' title='bbox 483 1837 578 1892; x_wconf 74' lang='lat' dir='ltr'><strong>beatus</strong></span> <span class='ocrx_word' id='word_1_210' title='bbox 588 1835 838 1906; x_wconf 85' lang='lat' dir='ltr'><strong>Paulnsapostolus</strong></span> <span class='ocrx_word' id='word_1_211' title='bbox 857 1835 924 1891; x_wconf 87' lang='lat' dir='ltr'><strong>scri·</strong></span> <span class='ocrx_word' id='word_1_212' title='bbox 977 1854 1025 1909; x_wconf 87' lang='lat' dir='ltr'><strong>prr</strong></span> <span class='ocrx_word' id='word_1_213' title='bbox 1052 1837 1152 1909; x_wconf 78' lang='lat' dir='ltr'><strong>ignem,</strong></span> <span class='ocrx_word' id='word_1_214' title='bbox 1177 1851 1208 1890; x_wconf 89' lang='lat' dir='ltr'><strong>ea</strong></span> <span class='ocrx_word' id='word_1_215' title='bbox 1236 1833 1303 1889; x_wconf 79' lang='lat' dir='ltr'><strong>liora</strong></span> <span class='ocrx_word' id='word_1_216' title='bbox 1330 1847 1384 1902; x_wconf 82' lang='lat' dir='ltr'><strong>qtla</strong></span> <span class='ocrx_word' id='word_1_217' title='bbox 1412 1828 1530 1901; x_wconf 78' lang='lat' dir='ltr'><strong>praefixit</strong></span> <span class='ocrx_word' id='word_1_218' title='bbox 1558 1842 1618 1883; x_wconf 88' lang='lat' dir='ltr'><strong>esse</strong></span> <span class='ocrx_word' id='word_1_219' title='bbox 1641 1825 1769 1896; x_wconf 81' lang='lat' dir='ltr'><strong>indican-</strong></span> 
     </span>
     <span class='ocr_line' id='line_1_18' title="bbox 128 1918 1771 1999; baseline -0.007 -14"><span class='ocrx_word' id='word_1_220' title='bbox 128 1929 170 1985; x_wconf 91' lang='lat' dir='ltr'><strong>bit</strong></span> <span class='ocrx_word' id='word_1_221' title='bbox 187 1928 301 1985; x_wconf 84' lang='lat' dir='ltr'><strong>dicens:</strong></span> <span class='ocrx_word' id='word_1_222' title='bbox 317 1928 400 1995; x_wconf 79' lang='lat' dir='ltr'><strong>Quem</strong></span> <span class='ocrx_word' id='word_1_223' title='bbox 428 1929 556 1984; x_wconf 85' lang='lat' dir='ltr'><strong>Domintrt</strong></span> <span class='ocrx_word' id='word_1_224' title='bbox 583 1928 723 1997; x_wconf 79' lang='lat' dir='ltr'><strong>interficiet</strong></span> <span class='ocrx_word' id='word_1_225' title='bbox 748 1929 843 1999; x_wconf 86' lang='lat' dir='ltr'><strong>spirita</strong></span> <span class='ocrx_word' id='word_1_226' title='bbox 870 1928 925 1981; x_wconf 82' lang='lat' dir='ltr'><strong>oris</strong></span> <span class='ocrx_word' id='word_1_227' title='bbox 975 1931 1039 1986; x_wconf 88' lang='lat' dir='ltr'><strong>dum</strong></span> <span class='ocrx_word' id='word_1_228' title='bbox 1064 1938 1127 1985; x_wconf 89' lang='lat' dir='ltr'><strong>ante</strong></span> <span class='ocrx_word' id='word_1_229' title='bbox 1147 1927 1243 1984; x_wconf 81' lang='lat' dir='ltr'><strong>saecrrla</strong></span> <span class='ocrx_word' id='word_1_230' title='bbox 1277 1925 1298 1979; x_wconf 82' lang='lat'><strong>¹.</strong></span> <span class='ocrx_word' id='word_1_231' title='bbox 1325 1924 1428 1979; x_wconf 86' lang='lat' dir='ltr'><strong>Taineu</strong></span> <span class='ocrx_word' id='word_1_232' title='bbox 1458 1921 1624 1992; x_wconf 68' lang='lat' dir='ltr'><strong>Augustinus</strong></span> <span class='ocrx_word' id='word_1_233' title='bbox 1646 1921 1674 1975; x_wconf 91' lang='lat' dir='ltr'><strong>in</strong></span> <span class='ocrx_word' id='word_1_234' title='bbox 1705 1918 1771 1988; x_wconf 80' lang='lat' dir='ltr'><strong>Epi-</strong></span> 
     </span>
    </p>
   </div>
   <div class='ocr_carea' id='block_1_3' title="bbox 128 2015 926 2634">
    <p class='ocr_par' dir='ltr' id='par_1_3' title="bbox 128 2015 926 2634">
     <span class='ocr_line' id='line_1_19' title="bbox 128 2015 922 2087; baseline -0.008 -11"><span class='ocrx_word' id='word_1_235' title='bbox 128 2021 181 2085; x_wconf 72' lang='grc' dir='ltr'><strong>Μ’,</strong></span> <span class='ocrx_word' id='word_1_236' title='bbox 195 2029 220 2075; x_wconf 85' lang='lat' dir='ltr'><strong>et</strong></span> <span class='ocrx_word' id='word_1_237' title='bbox 240 2019 356 2078; x_wconf 82' lang='lat' dir='ltr'><strong>destruet</strong></span> <span class='ocrx_word' id='word_1_238' title='bbox 371 2018 548 2074; x_wconf 71' lang='lat' dir='ltr'><strong>illustratione</strong></span> <span class='ocrx_word' id='word_1_239' title='bbox 560 2023 688 2073; x_wconf 81' lang='lat' dir='ltr'><strong>aduentus</strong></span> <span class='ocrx_word' id='word_1_240' title='bbox 699 2020 741 2072; x_wconf 84' lang='lat' dir='ltr'><strong>soi</strong></span> <span class='ocrx_word' id='word_1_241' title='bbox 766 2016 809 2087; x_wconf 77' lang='lat' dir='ltr'><strong>(tl</strong></span> <span class='ocrx_word' id='word_1_242' title='bbox 830 2015 922 2071; x_wconf 80' lang='lat' dir='ltr'><strong>Ticer.</strong></span> 
     </span>
     <span class='ocr_line' id='line_1_20' title="bbox 128 2104 925 2182; baseline -0.008 -16"><span class='ocrx_word' id='word_1_243' title='bbox 128 2122 159 2177; x_wconf 84' lang='lat' dir='ltr'><strong>n,</strong></span> <span class='ocrx_word' id='word_1_244' title='bbox 186 2108 214 2182; x_wconf 84' lang='lat'><strong>8)</strong></span> <span class='ocrx_word' id='word_1_245' title='bbox 233 2110 248 2151; x_wconf 72' lang='lat' dir='ltr'><strong>b</strong></span> <span class='ocrx_word' id='word_1_246' title='bbox 266 2108 349 2182; x_wconf 83' lang='lat' dir='ltr'><strong>:qnia</strong></span> <span class='ocrx_word' id='word_1_247' title='bbox 366 2116 441 2163; x_wconf 87' lang='lat' dir='ltr'><strong>tanta</strong></span> <span class='ocrx_word' id='word_1_248' title='bbox 453 2108 506 2163; x_wconf 91' lang='lat' dir='ltr'><strong>erit</strong></span> <span class='ocrx_word' id='word_1_249' title='bbox 522 2107 669 2162; x_wconf 86' lang='lat' dir='ltr'><strong>ernioentla</strong></span> <span class='ocrx_word' id='word_1_250' title='bbox 685 2107 817 2163; x_wconf 88' lang='lat' dir='ltr'><strong>adventus</strong></span> <span class='ocrx_word' id='word_1_251' title='bbox 834 2104 925 2175; x_wconf 86' lang='lat' dir='ltr'><strong>splen-</strong></span> 
     </span>
     <span class='ocr_line' id='line_1_21' title="bbox 128 2196 925 2268; baseline -0.003 -13"><span class='ocrx_word' id='word_1_252' title='bbox 128 2199 205 2255; x_wconf 85' lang='lat' dir='ltr'><strong>doris</strong></span> <span class='ocrx_word' id='word_1_253' title='bbox 221 2197 334 2266; x_wconf 83' lang='lat' dir='ltr'><strong>Christi,</strong></span> <span class='ocrx_word' id='word_1_254' title='bbox 362 2205 393 2253; x_wconf 87' lang='lat' dir='ltr'><strong>ut</strong></span> <span class='ocrx_word' id='word_1_255' title='bbox 411 2213 466 2268; x_wconf 80' lang='lat' dir='ltr'><strong>prm</strong></span> <span class='ocrx_word' id='word_1_256' title='bbox 490 2196 595 2268; x_wconf 74' lang='lat' dir='ltr'><strong>fulgore</strong></span> <span class='ocrx_word' id='word_1_257' title='bbox 613 2196 698 2252; x_wconf 88' lang='lat' dir='ltr'><strong>divini</strong></span> <span class='ocrx_word' id='word_1_258' title='bbox 716 2196 837 2263; x_wconf 86' lang='lat' dir='ltr'><strong>luminis,</strong></span> <span class='ocrx_word' id='word_1_259' title='bbox 863 2212 925 2253; x_wconf 91' lang='lat' dir='ltr'><strong>sor·</strong></span> 
     </span>
     <span class='ocr_line' id='line_1_22' title="bbox 129 2287 925 2359; baseline -0.001 -16"><span class='ocrx_word' id='word_1_260' title='bbox 129 2288 208 2345; x_wconf 80' lang='lat' dir='ltr'><strong>diluis</strong></span> <span class='ocrx_word' id='word_1_261' title='bbox 227 2290 331 2345; x_wconf 89' lang='lat' dir='ltr'><strong>ventris</strong></span> <span class='ocrx_word' id='word_1_262' title='bbox 356 2304 405 2359; x_wconf 87' lang='lat' dir='ltr'><strong>por</strong></span> <span class='ocrx_word' id='word_1_263' title='bbox 430 2303 575 2343; x_wconf 78' lang='lat' dir='ltr'><strong>excessant</strong></span> <span class='ocrx_word' id='word_1_264' title='bbox 602 2287 722 2352; x_wconf 70' lang='lat' dir='ltr'><strong>anissis,</strong></span> <span class='ocrx_word' id='word_1_265' title='bbox 748 2294 821 2342; x_wconf 89' lang='lat' dir='ltr'><strong>totus</strong></span> <span class='ocrx_word' id='word_1_266' title='bbox 846 2287 925 2342; x_wconf 91' lang='lat' dir='ltr'><strong>coin·</strong></span> 
     </span>
     <span class='ocr_line' id='line_1_23' title="bbox 129 2377 925 2451; baseline 0.004 -18"><span class='ocrx_word' id='word_1_267' title='bbox 129 2379 259 2451; x_wconf 80' lang='lat' dir='ltr'><strong>quinctus</strong></span> <span class='ocrx_word' id='word_1_268' title='bbox 287 2380 328 2434; x_wconf 91' lang='lat' dir='ltr'><strong>sic</strong></span> <span class='ocrx_word' id='word_1_269' title='bbox 351 2395 406 2450; x_wconf 75' lang='lat' dir='ltr'><strong>prae</strong></span> <span class='ocrx_word' id='word_1_270' title='bbox 429 2379 528 2433; x_wconf 86' lang='lat' dir='ltr'><strong>timore</strong></span> <span class='ocrx_word' id='word_1_271' title='bbox 550 2390 651 2450; x_wconf 87' lang='lat' dir='ltr'><strong>pereat.</strong></span> <span class='ocrx_word' id='word_1_272' title='bbox 677 2377 800 2434; x_wconf 84' lang='lat' dir='ltr'><strong>Tradunt</strong></span> <span class='ocrx_word' id='word_1_273' title='bbox 817 2394 925 2450; x_wconf 80' lang='lat' dir='ltr'><strong>quinque</strong></span> 
     </span>
     <span class='ocr_line' id='line_1_24' title="bbox 130 2468 925 2540; baseline 0.003 -15"><span class='ocrx_word' id='word_1_274' title='bbox 130 2468 264 2534; x_wconf 83' lang='lat' dir='ltr'><strong>doctores,</strong></span> <span class='ocrx_word' id='word_1_275' title='bbox 292 2478 322 2522; x_wconf 90' lang='lat' dir='ltr'><strong>ut</strong></span> <span class='ocrx_word' id='word_1_276' title='bbox 343 2469 382 2523; x_wconf 88' lang='lat' dir='ltr'><strong>ait</strong></span> <span class='ocrx_word' id='word_1_277' title='bbox 401 2468 549 2539; x_wconf 74' lang='lat' dir='ltr'><strong>Gregorius</strong></span> <span class='ocrx_word' id='word_1_278' title='bbox 570 2484 641 2540; x_wconf 88' lang='lat' dir='ltr'><strong>papa</strong></span> <span class='ocrx_word' id='word_1_279' title='bbox 658 2479 682 2533; x_wconf 73' lang='lat'><strong>⁰,</strong></span> <span class='ocrx_word' id='word_1_280' title='bbox 711 2470 782 2539; x_wconf 71' lang='lat' dir='ltr'><strong>aaron</strong></span> <span class='ocrx_word' id='word_1_281' title='bbox 810 2468 925 2527; x_wconf 85' lang='lat' dir='ltr'><strong>llicbacl</strong></span> 
     </span>
     <span class='ocr_line' id='line_1_25' title="bbox 130 2560 926 2634; baseline 0 -17"><span class='ocrx_word' id='word_1_282' title='bbox 130 2561 309 2631; x_wconf 69' lang='lat' dir='ltr'><strong>mbangelus</strong></span> <span class='ocrx_word' id='word_1_283' title='bbox 334 2561 450 2632; x_wconf 85' lang='lat' dir='ltr'><strong>perimet</strong></span> <span class='ocrx_word' id='word_1_284' title='bbox 468 2560 540 2617; x_wconf 90' lang='lat' dir='ltr'><strong>illum</strong></span> <span class='ocrx_word' id='word_1_285' title='bbox 557 2562 585 2616; x_wconf 90' lang='lat' dir='ltr'><strong>in</strong></span> <span class='ocrx_word' id='word_1_286' title='bbox 597 2572 691 2618; x_wconf 86' lang='lat' dir='ltr'><strong>monte</strong></span> <span class='ocrx_word' id='word_1_287' title='bbox 706 2562 816 2629; x_wconf 85' lang='lat' dir='ltr'><strong>illivcti,</strong></span> <span class='ocrx_word' id='word_1_288' title='bbox 832 2563 859 2617; x_wconf 90' lang='lat' dir='ltr'><strong>in</strong></span> <span class='ocrx_word' id='word_1_289' title='bbox 876 2579 926 2634; x_wconf 90' lang='lat' dir='ltr'><strong>pa·</strong></span> 
     </span>
    </p>
   </div>
   <div class='ocr_carea' id='block_1_4' title="bbox 129 2693 926 4102">
    <p class='ocr_par' dir='ltr' id='par_1_4' title="bbox 129 2693 924 2829">
     <span class='ocr_line' id='line_1_26' title="bbox 129 2693 924 2819; baseline 0.006 -71"><span class='ocrx_word' id='word_1_290' title='bbox 129 2699 173 2819; x_wconf 43' lang='lat' dir='ltr'><strong>{rea</strong></span> <span class='ocrx_word' id='word_1_291' title='bbox 200 2707 247 2749; x_wconf 84' lang='lat' dir='ltr'><strong>eos</strong></span> <span class='ocrx_word' id='word_1_292' title='bbox 269 2693 389 2765; x_wconf 88' lang='lat' dir='ltr'><strong>primurn</strong></span> <span class='ocrx_word' id='word_1_293' title='bbox 401 2709 450 2750; x_wconf 91' lang='lat' dir='ltr'><strong>sua</strong></span> <span class='ocrx_word' id='word_1_294' title='bbox 475 2710 551 2750; x_wconf 83' lang='lat' dir='ltr'><strong>arina</strong></span> <span class='ocrx_word' id='word_1_295' title='bbox 569 2695 708 2765; x_wconf 86' lang='lat' dir='ltr'><strong>corripiet,</strong></span> <span class='ocrx_word' id='word_1_296' title='bbox 724 2711 825 2766; x_wconf 81' lang='lat' dir='ltr'><strong>eosqtre</strong></span> <span class='ocrx_word' id='word_1_297' title='bbox 836 2697 924 2753; x_wconf 90' lang='lat' dir='ltr'><strong>inter-</strong></span> 
     </span>
     <span class='ocr_line' id='line_1_27' title="bbox 167 2762 319 2829; baseline 0 -11"><span class='ocrx_word' id='word_1_298' title='bbox 167 2762 205 2818; x_wconf 82' lang='lat' dir='ltr'><strong>icl</strong></span> <span class='ocrx_word' id='word_1_299' title='bbox 223 2784 246 2829; x_wconf 88' lang='grc' dir='ltr'><strong>ι,</strong></span> <span class='ocrx_word' id='word_1_300' title='bbox 264 2773 319 2820; x_wconf 82' lang='lat' dir='ltr'><strong>etc.</strong></span> 
     </span>
    </p>

    <p class='ocr_par' dir='ltr' id='par_1_5' title="bbox 130 2831 924 3046">
     <span class='ocr_line' id='line_1_28' title="bbox 165 2831 924 2904; baseline 0.008 -15"><span class='ocrx_word' id='word_1_301' title='bbox 165 2845 180 2875; x_wconf 80' lang='lat'>⁸</span> <span class='ocrx_word' id='word_1_302' title='bbox 196 2831 263 2889; x_wconf 81' lang='lat' dir='ltr'><strong>Cori.</strong></span> <span class='ocrx_word' id='word_1_303' title='bbox 279 2835 339 2890; x_wconf 84' lang='lat' dir='ltr'><strong>l&#39;at.</strong></span> <span class='ocrx_word' id='word_1_304' title='bbox 355 2851 362 2888; x_wconf 92' lang='lat'>:</span> <span class='ocrx_word' id='word_1_305' title='bbox 381 2853 389 2885; x_wconf 87' lang='grc' dir='ltr'><strong>ι</strong></span> <span class='ocrx_word' id='word_1_306' title='bbox 408 2833 554 2904; x_wconf 80' lang='lat' dir='ltr'><strong>Postquam</strong></span> <span class='ocrx_word' id='word_1_307' title='bbox 568 2850 633 2904; x_wconf 73' lang='lat' dir='ltr'><strong>erpo</strong></span> <span class='ocrx_word' id='word_1_308' title='bbox 661 2835 705 2890; x_wconf 81' lang='lat' dir='ltr'><strong>isti</strong></span> <span class='ocrx_word' id='word_1_309' title='bbox 719 2833 773 2891; x_wconf 79' lang='lat' dir='ltr'><strong>elato</strong></span> <span class='ocrx_word' id='word_1_310' title='bbox 788 2836 924 2895; x_wconf 84' lang='lat' dir='ltr'><strong>interlecti</strong></span> 
     </span>
     <span class='ocr_line' id='line_1_29' title="bbox 130 2901 924 2981; baseline 0.006 -23"><span class='ocrx_word' id='word_1_311' title='bbox 130 2901 248 2965; x_wconf 82' lang='lat' dir='ltr'><strong>buerunt,</strong></span> <span class='ocrx_word' id='word_1_312' title='bbox 261 2904 323 2960; x_wconf 85' lang='lat' dir='ltr'><strong>inde</strong></span> <span class='ocrx_word' id='word_1_313' title='bbox 339 2913 451 2961; x_wconf 71' lang='lat' dir='ltr'><strong>cutem</strong></span> <span class='ocrx_word' id='word_1_314' title='bbox 473 2920 639 2975; x_wconf 81' lang='lat' dir='ltr'><strong>persequens</strong></span> <span class='ocrx_word' id='word_1_315' title='bbox 653 2915 785 2978; x_wconf 80' lang='lat' dir='ltr'><strong>martyres</strong></span> <span class='ocrx_word' id='word_1_316' title='bbox 796 2922 844 2962; x_wconf 76' lang='lat' dir='ltr'><strong>eres</strong></span> <span class='ocrx_word' id='word_1_317' title='bbox 865 2909 924 2981; x_wconf 73' lang='lat' dir='ltr'><strong>glo·</strong></span> 
     </span>
     <span class='ocr_line' id='line_1_30' title="bbox 131 2973 677 3046; baseline -0.007 -15"><span class='ocrx_word' id='word_1_318' title='bbox 131 2973 219 3031; x_wconf 73' lang='lat' dir='ltr'><strong>motos</strong></span> <span class='ocrx_word' id='word_1_319' title='bbox 231 2973 324 3040; x_wconf 84' lang='lat' dir='ltr'><strong>laniet,</strong></span> <span class='ocrx_word' id='word_1_320' title='bbox 339 2985 386 3030; x_wconf 91' lang='lat' dir='ltr'><strong>aut</strong></span> <span class='ocrx_word' id='word_1_321' title='bbox 395 2984 534 3046; x_wconf 86' lang='lat' dir='ltr'><strong>apostatas</strong></span> <span class='ocrx_word' id='word_1_322' title='bbox 546 2976 649 3030; x_wconf 62' lang='lat' dir='ltr'><strong>rooldi-t.</strong></span> <span class='ocrx_word' id='word_1_323' title='bbox 661 2996 677 3039; x_wconf 85' lang='grc' dir='ltr'><strong>Ιι</strong></span> 
     </span>
    </p>

    <p class='ocr_par' dir='ltr' id='par_1_6' title="bbox 130 3040 924 3523">
     <span class='ocr_line' id='line_1_31' title="bbox 164 3040 923 3119; baseline 0.007 -20"><span class='ocrx_word' id='word_1_324' title='bbox 164 3040 286 3100; x_wconf 71' lang='lat' dir='ltr'><strong>i›Diliert</strong></span> <span class='ocrx_word' id='word_1_325' title='bbox 299 3045 326 3100; x_wconf 92' lang='lat' dir='ltr'><strong>in</strong></span> <span class='ocrx_word' id='word_1_326' title='bbox 349 3047 525 3117; x_wconf 86' lang='lat' dir='ltr'><strong>sequentibus</strong></span> <span class='ocrx_word' id='word_1_327' title='bbox 534 3045 595 3100; x_wconf 90' lang='lat' dir='ltr'><strong>cod.</strong></span> <span class='ocrx_word' id='word_1_328' title='bbox 614 3046 683 3107; x_wconf 79' lang='lat' dir='ltr'><strong>Vnt..</strong></span> <span class='ocrx_word' id='word_1_329' title='bbox 701 3063 726 3101; x_wconf 91' lang='grc' dir='ltr'><strong>ιιι</strong></span> <span class='ocrx_word' id='word_1_330' title='bbox 741 3062 796 3117; x_wconf 81' lang='lat' dir='ltr'><strong>qim</strong></span> <span class='ocrx_word' id='word_1_331' title='bbox 809 3049 846 3103; x_wconf 90' lang='lat' dir='ltr'><strong>ita</strong></span> <span class='ocrx_word' id='word_1_332' title='bbox 861 3067 923 3119; x_wconf 87' lang='lat' dir='ltr'><strong>per-</strong></span> 
     </span>
     <span class='ocr_line' id='line_1_32' title="bbox 130 3114 923 3239; baseline 0.01 -70"><span class='ocrx_word' id='word_1_333' title='bbox 130 3115 204 3187; x_wconf 64' lang='lat' dir='ltr'><strong>gitur</strong></span> <span class='ocrx_word' id='word_1_334' title='bbox 220 3133 226 3170; x_wconf 76' lang='grc' dir='ltr'><strong>ε</strong></span> <span class='ocrx_word' id='word_1_335' title='bbox 244 3131 256 3167; x_wconf 86' lang='grc' dir='ltr'><strong>ι</strong></span> <span class='ocrx_word' id='word_1_336' title='bbox 274 3115 377 3239; x_wconf 81' lang='lat' dir='ltr'><strong>Spiritu</strong></span> <span class='ocrx_word' id='word_1_337' title='bbox 393 3117 449 3171; x_wconf 90' lang='lat' dir='ltr'><strong>oris</strong></span> <span class='ocrx_word' id='word_1_338' title='bbox 476 3115 529 3181; x_wconf 82' lang='lat' dir='ltr'><strong>siri,</strong></span> <span class='ocrx_word' id='word_1_339' title='bbox 553 3114 611 3171; x_wconf 84' lang='lat' dir='ltr'><strong>sive</strong></span> <span class='ocrx_word' id='word_1_340' title='bbox 630 3116 760 3172; x_wconf 84' lang='lat' dir='ltr'><strong>Dorulaus</strong></span> <span class='ocrx_word' id='word_1_341' title='bbox 783 3117 862 3174; x_wconf 82' lang='lat' dir='ltr'><strong>Jesus</strong></span> <span class='ocrx_word' id='word_1_342' title='bbox 882 3122 923 3176; x_wconf 92' lang='lat' dir='ltr'><strong>iu·</strong></span> 
     </span>
     <span class='ocr_line' id='line_1_33' title="bbox 132 3183 924 3258; baseline 0.004 -16"><span class='ocrx_word' id='word_1_343' title='bbox 132 3188 268 3242; x_wconf 84' lang='lat' dir='ltr'><strong>terlecerit</strong></span> <span class='ocrx_word' id='word_1_344' title='bbox 286 3187 373 3251; x_wconf 90' lang='lat' dir='ltr'><strong>ilum,</strong></span> <span class='ocrx_word' id='word_1_345' title='bbox 400 3184 520 3258; x_wconf 90' lang='lat' dir='ltr'><strong>potentia</strong></span> <span class='ocrx_word' id='word_1_346' title='bbox 547 3183 676 3254; x_wconf 84' lang='lat' dir='ltr'><strong>jussionis</strong></span> <span class='ocrx_word' id='word_1_347' title='bbox 702 3203 773 3253; x_wconf 74' lang='lat' dir='ltr'><strong>suac3</strong></span> <span class='ocrx_word' id='word_1_348' title='bbox 796 3190 852 3244; x_wconf 88' lang='lat' dir='ltr'><strong>sive</strong></span> <span class='ocrx_word' id='word_1_349' title='bbox 879 3208 924 3245; x_wconf 90' lang='lat' dir='ltr'><strong>ar·</strong></span> 
     </span>
     <span class='ocr_line' id='line_1_34' title="bbox 131 3256 923 3329; baseline 0.005 -17"><span class='ocrx_word' id='word_1_350' title='bbox 131 3256 278 3327; x_wconf 64' lang='lat' dir='ltr'><strong>clientelas</strong></span> <span class='ocrx_word' id='word_1_351' title='bbox 309 3256 421 3312; x_wconf 80' lang='lat' dir='ltr'><strong>blicbael</strong></span> <span class='ocrx_word' id='word_1_352' title='bbox 453 3257 619 3312; x_wconf 76' lang='lat' dir='ltr'><strong>interfecerit</strong></span> <span class='ocrx_word' id='word_1_353' title='bbox 642 3257 728 3324; x_wconf 81' lang='lat' dir='ltr'><strong>illuni,</strong></span> <span class='ocrx_word' id='word_1_354' title='bbox 756 3273 806 3329; x_wconf 86' lang='lat' dir='ltr'><strong>per</strong></span> <span class='ocrx_word' id='word_1_355' title='bbox 836 3260 923 3317; x_wconf 88' lang='lat' dir='ltr'><strong>virtu-</strong></span> 
     </span>
     <span class='ocr_line' id='line_1_35' title="bbox 133 3326 924 3403; baseline 0.006 -22"><span class='ocrx_word' id='word_1_356' title='bbox 133 3333 188 3403; x_wconf 73' lang='lat' dir='ltr'><strong>tem</strong></span> <span class='ocrx_word' id='word_1_357' title='bbox 216 3326 322 3385; x_wconf 83' lang='lat' dir='ltr'><strong>Domini</strong></span> <span class='ocrx_word' id='word_1_358' title='bbox 349 3329 489 3384; x_wconf 90' lang='lat' dir='ltr'><strong>occidetur</strong></span> <span class='ocrx_word' id='word_1_359' title='bbox 515 3329 543 3382; x_wconf 94' lang='lat' dir='ltr'><strong>in</strong></span> <span class='ocrx_word' id='word_1_360' title='bbox 568 3327 704 3399; x_wconf 77' lang='lat' dir='ltr'><strong>Babylone</strong></span> <span class='ocrx_word' id='word_1_361' title='bbox 726 3330 753 3385; x_wconf 93' lang='lat' dir='ltr'><strong>in</strong></span> <span class='ocrx_word' id='word_1_362' title='bbox 776 3329 845 3387; x_wconf 88' lang='lat' dir='ltr'><strong>solio</strong></span> <span class='ocrx_word' id='word_1_363' title='bbox 863 3346 924 3397; x_wconf 85' lang='lat' dir='ltr'><strong>suo,</strong></span> 
     </span>
     <span class='ocr_line' id='line_1_36' title="bbox 132 3396 923 3520; baseline 0.009 -70"><span class='ocrx_word' id='word_1_364' title='bbox 132 3396 160 3451; x_wconf 94' lang='lat' dir='ltr'><strong>in</strong></span> <span class='ocrx_word' id='word_1_365' title='bbox 175 3397 236 3520; x_wconf 81' lang='lat' dir='ltr'><strong>¹illo</strong></span> <span class='ocrx_word' id='word_1_366' title='bbox 266 3397 326 3454; x_wconf 81' lang='lat' dir='ltr'><strong>luem</strong></span> <span class='ocrx_word' id='word_1_367' title='bbox 353 3407 447 3455; x_wconf 85' lang='lat' dir='ltr'><strong>contra</strong></span> <span class='ocrx_word' id='word_1_368' title='bbox 479 3413 560 3469; x_wconf 90' lang='lat' dir='ltr'><strong>quem</strong></span> <span class='ocrx_word' id='word_1_369' title='bbox 585 3402 712 3455; x_wconf 78' lang='lat' dir='ltr'><strong>ascendet</strong></span> <span class='ocrx_word' id='word_1_370' title='bbox 740 3399 870 3458; x_wconf 83' lang='lat' dir='ltr'><strong>Dominus</strong></span> <span class='ocrx_word' id='word_1_371' title='bbox 891 3404 923 3457; x_wconf 86' lang='lat' dir='ltr'><strong>ad</strong></span> 
     </span>
     <span class='ocr_line' id='line_1_37' title="bbox 131 3480 251 3523; baseline -0.025 0"><span class='ocrx_word' id='word_1_372' title='bbox 131 3480 251 3523; x_wconf 57' lang='lat' dir='ltr'><strong>mosa</strong></span> 
     </span>
    </p>

    <p class='ocr_par' dir='ltr' id='par_1_7' title="bbox 130 3536 926 4102">
     <span class='ocr_line' id='line_1_38' title="bbox 168 3536 924 3609; baseline 0.008 -17"><span class='ocrx_word' id='word_1_373' title='bbox 168 3548 179 3576; x_wconf 74' lang='lat'><strong>⁰</strong></span> <span class='ocrx_word' id='word_1_374' title='bbox 206 3536 235 3592; x_wconf 90' lang='lat' dir='ltr'><strong>S.</strong></span> <span class='ocrx_word' id='word_1_375' title='bbox 251 3537 332 3608; x_wconf 78' lang='lat' dir='ltr'><strong>Greg.</strong></span> <span class='ocrx_word' id='word_1_376' title='bbox 346 3538 393 3593; x_wconf 90' lang='lat' dir='ltr'><strong>lib.</strong></span> <span class='ocrx_word' id='word_1_377' title='bbox 413 3555 488 3594; x_wconf 81' lang='lat' dir='ltr'><strong>xxva</strong></span> <span class='ocrx_word' id='word_1_378' title='bbox 503 3539 611 3605; x_wconf 69' lang='lat' dir='ltr'><strong>lloral„</strong></span> <span class='ocrx_word' id='word_1_379' title='bbox 632 3556 692 3609; x_wconf 90' lang='lat' dir='ltr'><strong>cap.</strong></span> <span class='ocrx_word' id='word_1_380' title='bbox 705 3541 748 3602; x_wconf 76' lang='lat' dir='ltr'><strong>lii,</strong></span> <span class='ocrx_word' id='word_1_381' title='bbox 771 3557 845 3595; x_wconf 89' lang='lat' dir='ltr'><strong>num.</strong></span> <span class='ocrx_word' id='word_1_382' title='bbox 863 3542 924 3598; x_wconf 75' lang='lat' dir='ltr'><strong>‘lla</strong></span> 
     </span>
     <span class='ocr_line' id='line_1_39' title="bbox 134 3605 926 3694; baseline 0.013 -35"><span class='ocrx_word' id='word_1_383' title='bbox 134 3624 144 3659; x_wconf 88' lang='lat' dir='ltr'><strong>r</strong></span> <span class='ocrx_word' id='word_1_384' title='bbox 163 3605 228 3662; x_wconf 85' lang='lat' dir='ltr'><strong>Sine</strong></span> <span class='ocrx_word' id='word_1_385' title='bbox 256 3623 336 3660; x_wconf 85' lang='lat' dir='ltr'><strong>nrarru</strong></span> <span class='ocrx_word' id='word_1_386' title='bbox 353 3610 451 3678; x_wconf 79' lang='lat' dir='ltr'><strong>quippe</strong></span> <span class='ocrx_word' id='word_1_387' title='bbox 461 3616 618 3677; x_wconf 85' lang='lat' dir='ltr'><strong>conteretur</strong></span> <span class='ocrx_word' id='word_1_388' title='bbox 630 3608 926 3694; x_wconf 77' lang='lat' dir='ltr'><strong>(bubulinisttrst,quia</strong></span> 
     </span>
     <span class='ocr_line' id='line_1_40' title="bbox 130 3676 920 3747; baseline 0.004 -16"><span class='ocrx_word' id='word_1_389' title='bbox 130 3692 185 3732; x_wconf 81' lang='lat' dir='ltr'><strong>riou</strong></span> <span class='ocrx_word' id='word_1_390' title='bbox 205 3676 360 3747; x_wconf 78' lang='lat' dir='ltr'><strong>augelorum</strong></span> <span class='ocrx_word' id='word_1_391' title='bbox 388 3677 469 3743; x_wconf 90' lang='lat' dir='ltr'><strong>bello,</strong></span> <span class='ocrx_word' id='word_1_392' title='bbox 495 3693 550 3733; x_wconf 92' lang='lat' dir='ltr'><strong>nou</strong></span> <span class='ocrx_word' id='word_1_393' title='bbox 577 3687 732 3733; x_wconf 88' lang='lat' dir='ltr'><strong>sanctorum</strong></span> <span class='ocrx_word' id='word_1_394' title='bbox 760 3689 920 3746; x_wconf 82' lang='lat' dir='ltr'><strong>certamine,</strong></span> 
     </span>
     <span class='ocr_line' id='line_1_41' title="bbox 131 3746 921 3818; baseline 0.006 -17"><span class='ocrx_word' id='word_1_395' title='bbox 131 3747 180 3803; x_wconf 85' lang='lat' dir='ltr'><strong>sed</strong></span> <span class='ocrx_word' id='word_1_396' title='bbox 212 3760 262 3817; x_wconf 89' lang='lat' dir='ltr'><strong>per</strong></span> <span class='ocrx_word' id='word_1_397' title='bbox 274 3747 417 3801; x_wconf 86' lang='lat' dir='ltr'><strong>adveutum</strong></span> <span class='ocrx_word' id='word_1_398' title='bbox 432 3746 535 3802; x_wconf 79' lang='lat' dir='ltr'><strong>iudicis</strong></span> <span class='ocrx_word' id='word_1_399' title='bbox 551 3748 609 3803; x_wconf 90' lang='lat' dir='ltr'><strong>solo</strong></span> <span class='ocrx_word' id='word_1_400' title='bbox 623 3748 679 3802; x_wconf 78' lang='lat' dir='ltr'><strong>bria</strong></span> <span class='ocrx_word' id='word_1_401' title='bbox 701 3750 796 3818; x_wconf 90' lang='lat' dir='ltr'><strong>spiritu</strong></span> <span class='ocrx_word' id='word_1_402' title='bbox 820 3759 921 3806; x_wconf 77' lang='lat' dir='ltr'><strong>aeterum</strong></span> 
     </span>
     <span class='ocr_line' id='line_1_42' title="bbox 132 3816 918 3889; baseline 0.003 -17"><span class='ocrx_word' id='word_1_403' title='bbox 132 3826 221 3872; x_wconf 88' lang='lat' dir='ltr'><strong>nmrte</strong></span> <span class='ocrx_word' id='word_1_404' title='bbox 243 3816 365 3872; x_wconf 72' lang='lat' dir='ltr'><strong>lanietur.</strong></span> <span class='ocrx_word' id='word_1_405' title='bbox 391 3838 399 3869; x_wconf 83' lang='grc' dir='ltr'><strong>ι</strong></span> <span class='ocrx_word' id='word_1_406' title='bbox 429 3818 457 3873; x_wconf 87' lang='lat' dir='ltr'><strong>S.</strong></span> <span class='ocrx_word' id='word_1_407' title='bbox 484 3817 607 3884; x_wconf 82' lang='lat' dir='ltr'><strong>Dieron,</strong></span> <span class='ocrx_word' id='word_1_408' title='bbox 622 3819 649 3872; x_wconf 91' lang='lat' dir='ltr'><strong>in</strong></span> <span class='ocrx_word' id='word_1_409' title='bbox 671 3817 738 3872; x_wconf 87' lang='lat' dir='ltr'><strong>Dan.</strong></span> <span class='ocrx_word' id='word_1_410' title='bbox 752 3834 813 3889; x_wconf 89' lang='lat' dir='ltr'><strong>cap.</strong></span> <span class='ocrx_word' id='word_1_411' title='bbox 839 3835 878 3882; x_wconf 86' lang='grc' dir='ltr'><strong>ιιι,</strong></span> <span class='ocrx_word' id='word_1_412' title='bbox 893 3838 918 3875; x_wconf 88' lang='lat' dir='ltr'><strong>v.</strong></span> 
     </span>
     <span class='ocr_line' id='line_1_43' title="bbox 131 3887 921 3960; baseline 0.004 -19"><span class='ocrx_word' id='word_1_413' title='bbox 131 3887 185 3942; x_wconf 66' lang='lat' dir='ltr'><strong>ld:</strong></span> <span class='ocrx_word' id='word_1_414' title='bbox 205 3905 214 3940; x_wconf 87' lang='grc' dir='ltr'><strong>ι</strong></span> <span class='ocrx_word' id='word_1_415' title='bbox 235 3887 312 3943; x_wconf 83' lang='lat' dir='ltr'><strong>Tunc</strong></span> <span class='ocrx_word' id='word_1_416' title='bbox 337 3888 437 3951; x_wconf 85' lang='lat' dir='ltr'><strong>veniet,</strong></span> <span class='ocrx_word' id='word_1_417' title='bbox 461 3889 557 3959; x_wconf 74' lang='lat' dir='ltr'><strong>irruerit.</strong></span> <span class='ocrx_word' id='word_1_418' title='bbox 582 3888 765 3944; x_wconf 74' lang='lat' dir='ltr'><strong>Antichristus</strong></span> <span class='ocrx_word' id='word_1_419' title='bbox 786 3904 872 3960; x_wconf 82' lang='lat' dir='ltr'><strong>usqne</strong></span> <span class='ocrx_word' id='word_1_420' title='bbox 888 3891 921 3945; x_wconf 92' lang='lat' dir='ltr'><strong>ad</strong></span> 
     </span>
     <span class='ocr_line' id='line_1_44' title="bbox 133 3958 922 4032; baseline 0.006 -22"><span class='ocrx_word' id='word_1_421' title='bbox 133 3958 318 4012; x_wconf 86' lang='lat' dir='ltr'><strong>summitatem</strong></span> <span class='ocrx_word' id='word_1_422' title='bbox 347 3961 445 4015; x_wconf 80' lang='lat' dir='ltr'><strong>ruinalis</strong></span> <span class='ocrx_word' id='word_1_423' title='bbox 465 3958 534 4028; x_wconf 81' lang='lat' dir='ltr'><strong>ejas,</strong></span> <span class='ocrx_word' id='word_1_424' title='bbox 557 3961 609 4015; x_wconf 86' lang='lat' dir='ltr'><strong>boc</strong></span> <span class='ocrx_word' id='word_1_425' title='bbox 626 3968 678 4020; x_wconf 89' lang='lat' dir='ltr'><strong>est,</strong></span> <span class='ocrx_word' id='word_1_426' title='bbox 702 3970 836 4015; x_wconf 79' lang='lat' dir='ltr'><strong>ttrotrtaurc</strong></span> <span class='ocrx_word' id='word_1_427' title='bbox 861 3978 922 4032; x_wconf 90' lang='lat' dir='ltr'><strong>pro·</strong></span> 
     </span>
     <span class='ocr_line' id='line_1_45' title="bbox 132 4028 922 4102; baseline 0.009 -23"><span class='ocrx_word' id='word_1_428' title='bbox 132 4028 239 4092; x_wconf 74' lang='lat' dir='ltr'><strong>vincire,</strong></span> <span class='ocrx_word' id='word_1_429' title='bbox 268 4029 294 4083; x_wconf 89' lang='lat' dir='ltr'><strong>id</strong></span> <span class='ocrx_word' id='word_1_430' title='bbox 319 4041 370 4091; x_wconf 88' lang='lat' dir='ltr'><strong>est,</strong></span> <span class='ocrx_word' id='word_1_431' title='bbox 383 4030 511 4085; x_wconf 88' lang='lat' dir='ltr'><strong>verticem</strong></span> <span class='ocrx_word' id='word_1_432' title='bbox 528 4031 626 4085; x_wconf 82' lang='lat' dir='ltr'><strong>moritis</strong></span> <span class='ocrx_word' id='word_1_433' title='bbox 652 4029 760 4086; x_wconf 71' lang='lat' dir='ltr'><strong>Dlii&#39;eti.</strong></span> <span class='ocrx_word' id='word_1_434' title='bbox 776 4033 822 4102; x_wconf 79' lang='lat' dir='ltr'><strong>quii</strong></span> <span class='ocrx_word' id='word_1_435' title='bbox 836 4032 922 4088; x_wconf 89' lang='lat' dir='ltr'><strong>inclv-</strong></span> 
     </span>
    </p>
   </div>
   <div class='ocr_carea' id='block_1_5' title="bbox 975 2008 1772 2638">
    <p class='ocr_par' dir='ltr' id='par_1_8' title="bbox 975 2008 1772 2360">
     <span class='ocr_line' id='line_1_46' title="bbox 975 2008 1770 2086; baseline -0.015 -12"><span class='ocrx_word' id='word_1_436' title='bbox 975 2020 1093 2074; x_wconf 82' lang='lat' dir='ltr'><strong>stolam:</strong></span> <span class='ocrx_word' id='word_1_437' title='bbox 1114 2016 1247 2073; x_wconf 84' lang='lat' dir='ltr'><strong>Nolumus</strong></span> <span class='ocrx_word' id='word_1_438' title='bbox 1270 2033 1314 2072; x_wconf 84' lang='lat' dir='ltr'><strong>eos</strong></span> <span class='ocrx_word' id='word_1_439' title='bbox 1351 2017 1476 2086; x_wconf 74' lang='lat' dir='ltr'><strong>innorore</strong></span> <span class='ocrx_word' id='word_1_440' title='bbox 1509 2012 1542 2067; x_wconf 88' lang='lat' dir='ltr'><strong>de</strong></span> <span class='ocrx_word' id='word_1_441' title='bbox 1568 2008 1770 2075; x_wconf 71' lang='lat' dir='ltr'><strong>dormientibus,</strong></span> 
     </span>
     <span class='ocr_line' id='line_1_47' title="bbox 976 2100 1771 2172; baseline -0.011 -6"><span class='ocrx_word' id='word_1_442' title='bbox 976 2110 1059 2166; x_wconf 84' lang='lat' dir='ltr'><strong>multa</strong></span> <span class='ocrx_word' id='word_1_443' title='bbox 1074 2109 1287 2164; x_wconf 84' lang='lat' dir='ltr'><strong>lncrilcntissimc</strong></span> <span class='ocrx_word' id='word_1_444' title='bbox 1312 2107 1375 2163; x_wconf 90' lang='lat' dir='ltr'><strong>inde</strong></span> <span class='ocrx_word' id='word_1_445' title='bbox 1388 2104 1509 2161; x_wconf 83' lang='lat' dir='ltr'><strong>declarat</strong></span> <span class='ocrx_word' id='word_1_446' title='bbox 1532 2105 1556 2158; x_wconf 81' lang='lat'><strong>⁸.</strong></span> <span class='ocrx_word' id='word_1_447' title='bbox 1575 2102 1610 2158; x_wconf 80' lang='lat' dir='ltr'><strong>Et</strong></span> <span class='ocrx_word' id='word_1_448' title='bbox 1638 2100 1771 2172; x_wconf 68' lang='grc'>11151011]-</span> 
     </span>
     <span class='ocr_line' id='line_1_48' title="bbox 975 2193 1772 2272; baseline -0.011 -15"><span class='ocrx_word' id='word_1_449' title='bbox 975 2217 1037 2258; x_wconf 87' lang='lat' dir='ltr'><strong>mus</strong></span> <span class='ocrx_word' id='word_1_450' title='bbox 1061 2201 1089 2256; x_wconf 91' lang='lat' dir='ltr'><strong>iu</strong></span> <span class='ocrx_word' id='word_1_451' title='bbox 1115 2198 1284 2272; x_wconf 83' lang='lat' dir='ltr'><strong>expositione</strong></span> <span class='ocrx_word' id='word_1_452' title='bbox 1311 2206 1415 2267; x_wconf 87' lang='lat' dir='ltr'><strong>septem</strong></span> <span class='ocrx_word' id='word_1_453' title='bbox 1443 2197 1572 2252; x_wconf 88' lang='lat' dir='ltr'><strong>tubarum</strong></span> <span class='ocrx_word' id='word_1_454' title='bbox 1597 2195 1632 2248; x_wconf 84' lang='lat' dir='ltr'><strong>ad</strong></span> <span class='ocrx_word' id='word_1_455' title='bbox 1660 2193 1772 2249; x_wconf 76' lang='lat' dir='ltr'><strong>livervi-</strong></span> 
     </span>
     <span class='ocr_line' id='line_1_49' title="bbox 975 2286 1770 2360; baseline -0.014 -10"><span class='ocrx_word' id='word_1_456' title='bbox 975 2310 1041 2350; x_wconf 89' lang='lat' dir='ltr'><strong>num</strong></span> <span class='ocrx_word' id='word_1_457' title='bbox 1058 2291 1085 2359; x_wconf 71' lang='lat' dir='ltr'><strong>l,</strong></span> <span class='ocrx_word' id='word_1_458' title='bbox 1099 2293 1146 2348; x_wconf 90' lang='lat' dir='ltr'><strong>dat</strong></span> <span class='ocrx_word' id='word_1_459' title='bbox 1170 2290 1249 2347; x_wconf 88' lang='lat' dir='ltr'><strong>nobis</strong></span> <span class='ocrx_word' id='word_1_460' title='bbox 1261 2290 1323 2346; x_wconf 89' lang='lat' dir='ltr'><strong>iude</strong></span> <span class='ocrx_word' id='word_1_461' title='bbox 1341 2303 1446 2360; x_wconf 78' lang='lat' dir='ltr'><strong>magnae</strong></span> <span class='ocrx_word' id='word_1_462' title='bbox 1465 2286 1587 2343; x_wconf 76' lang='lat' dir='ltr'><strong>scientiae</strong></span> <span class='ocrx_word' id='word_1_463' title='bbox 1598 2287 1770 2342; x_wconf 87' lang='lat' dir='ltr'><strong>documenta.</strong></span> 
     </span>
    </p>

    <p class='ocr_par' dir='ltr' id='par_1_9' title="bbox 976 2378 1772 2638">
     <span class='ocr_line' id='line_1_50' title="bbox 1015 2378 1772 2454; baseline -0.011 -13"><span class='ocrx_word' id='word_1_464' title='bbox 1015 2387 1022 2427; x_wconf 78' lang='grc'>1</span> <span class='ocrx_word' id='word_1_465' title='bbox 1048 2385 1131 2447; x_wconf 83' lang='lat' dir='ltr'><strong>Ecce,</strong></span> <span class='ocrx_word' id='word_1_466' title='bbox 1157 2385 1255 2441; x_wconf 85' lang='lat' dir='ltr'><strong>dourna</strong></span> <span class='ocrx_word' id='word_1_467' title='bbox 1269 2381 1373 2454; x_wconf 80' lang='lat' dir='ltr'><strong>regina,</strong></span> <span class='ocrx_word' id='word_1_468' title='bbox 1394 2397 1445 2453; x_wconf 81' lang='lat' dir='ltr'><strong>ego</strong></span> <span class='ocrx_word' id='word_1_469' title='bbox 1464 2378 1550 2436; x_wconf 81' lang='lat' dir='ltr'><strong>fidelis</strong></span> <span class='ocrx_word' id='word_1_470' title='bbox 1576 2388 1676 2443; x_wconf 87' lang='lat' dir='ltr'><strong>vester,</strong></span> <span class='ocrx_word' id='word_1_471' title='bbox 1700 2378 1772 2449; x_wconf 82' lang='lat' dir='ltr'><strong>qrrod</strong></span> 
     </span>
     <span class='ocr_line' id='line_1_51' title="bbox 976 2470 1772 2548; baseline -0.01 -15"><span class='ocrx_word' id='word_1_472' title='bbox 976 2475 1152 2548; x_wconf 74' lang='lat' dir='ltr'><strong>praecepistis,</strong></span> <span class='ocrx_word' id='word_1_473' title='bbox 1169 2474 1287 2530; x_wconf 86' lang='lat' dir='ltr'><strong>tideliter</strong></span> <span class='ocrx_word' id='word_1_474' title='bbox 1300 2473 1425 2544; x_wconf 85' lang='lat' dir='ltr'><strong>implevi;</strong></span> <span class='ocrx_word' id='word_1_475' title='bbox 1438 2483 1549 2544; x_wconf 89' lang='lat' dir='ltr'><strong>paratus</strong></span> <span class='ocrx_word' id='word_1_476' title='bbox 1559 2472 1592 2528; x_wconf 90' lang='lat' dir='ltr'><strong>de</strong></span> <span class='ocrx_word' id='word_1_477' title='bbox 1604 2470 1712 2527; x_wconf 64' lang='lat' dir='ltr'><strong>certeris</strong></span> <span class='ocrx_word' id='word_1_478' title='bbox 1723 2471 1772 2526; x_wconf 88' lang='lat' dir='ltr'><strong>ob-</strong></span> 
     </span>
     <span class='ocr_line' id='line_1_52' title="bbox 976 2564 1570 2638; baseline -0.008 -16"><span class='ocrx_word' id='word_1_479' title='bbox 976 2567 1061 2632; x_wconf 82' lang='lat' dir='ltr'><strong>edire,</strong></span> <span class='ocrx_word' id='word_1_480' title='bbox 1081 2582 1142 2638; x_wconf 84' lang='lat' dir='ltr'><strong>qnae</strong></span> <span class='ocrx_word' id='word_1_481' title='bbox 1169 2565 1275 2621; x_wconf 86' lang='lat' dir='ltr'><strong>lueritis</strong></span> <span class='ocrx_word' id='word_1_482' title='bbox 1298 2565 1408 2637; x_wconf 79' lang='lat' dir='ltr'><strong>dignata</strong></span> <span class='ocrx_word' id='word_1_483' title='bbox 1424 2564 1570 2636; x_wconf 83' lang='lat' dir='ltr'><strong>imperare·</strong></span> 
     </span>
    </p>
   </div>
   <div class='ocr_carea' id='block_1_6' title="bbox 974 2699 1774 4045">
    <p class='ocr_par' dir='ltr' id='par_1_10' title="bbox 976 2699 1774 3042">
     <span class='ocr_line' id='line_1_53' title="bbox 977 2699 1774 2772; baseline -0.008 -10"><span class='ocrx_word' id='word_1_484' title='bbox 977 2707 1098 2762; x_wconf 86' lang='lat' dir='ltr'><strong>ascendit</strong></span> <span class='ocrx_word' id='word_1_485' title='bbox 1125 2706 1158 2759; x_wconf 68' lang='lat' dir='ltr'><strong>ari</strong></span> <span class='ocrx_word' id='word_1_486' title='bbox 1184 2704 1305 2767; x_wconf 82' lang='lat' dir='ltr'><strong>Patrem,</strong></span> <span class='ocrx_word' id='word_1_487' title='bbox 1322 2713 1348 2758; x_wconf 84' lang='lat' dir='ltr'><strong>rt</strong></span> <span class='ocrx_word' id='word_1_488' title='bbox 1372 2703 1463 2760; x_wconf 90' lang='lat' dir='ltr'><strong>nullus</strong></span> <span class='ocrx_word' id='word_1_489' title='bbox 1489 2699 1659 2759; x_wconf 75' lang='lat' dir='ltr'><strong>Antichristo</strong></span> <span class='ocrx_word' id='word_1_490' title='bbox 1672 2699 1774 2772; x_wconf 85' lang='lat' dir='ltr'><strong>poterit</strong></span> 
     </span>
     <span class='ocr_line' id='line_1_54' title="bbox 976 2772 1772 2840; baseline -0.008 -8"><span class='ocrx_word' id='word_1_491' title='bbox 976 2778 1112 2840; x_wconf 82' lang='lat' dir='ltr'><strong>arixiliari,</strong></span> <span class='ocrx_word' id='word_1_492' title='bbox 1133 2786 1227 2830; x_wconf 80' lang='lat' dir='ltr'><strong>curura</strong></span> <span class='ocrx_word' id='word_1_493' title='bbox 1242 2792 1272 2829; x_wconf 71' lang='lat' dir='ltr'><strong>ae</strong></span> <span class='ocrx_word' id='word_1_494' title='bbox 1297 2773 1410 2830; x_wconf 88' lang='lat' dir='ltr'><strong>Domino</strong></span> <span class='ocrx_word' id='word_1_495' title='bbox 1433 2773 1573 2829; x_wconf 75' lang='lat' dir='ltr'><strong>seviente.</strong></span> <span class='ocrx_word' id='word_1_496' title='bbox 1589 2772 1622 2827; x_wconf 82' lang='lat' dir='ltr'><strong>Et</strong></span> <span class='ocrx_word' id='word_1_497' title='bbox 1647 2781 1772 2828; x_wconf 85' lang='lat' dir='ltr'><strong>asserunt</strong></span> 
     </span>
     <span class='ocr_line' id='line_1_55' title="bbox 976 2842 1772 2917; baseline -0.01 -12"><span class='ocrx_word' id='word_1_498' title='bbox 976 2849 1015 2905; x_wconf 89' lang='lat' dir='ltr'><strong>ibi</strong></span> <span class='ocrx_word' id='word_1_499' title='bbox 1032 2847 1228 2903; x_wconf 75' lang='lat' dir='ltr'><strong>leuticia-istoru</strong></span> <span class='ocrx_word' id='word_1_500' title='bbox 1243 2861 1305 2900; x_wconf 78' lang='lat' dir='ltr'><strong>csse</strong></span> <span class='ocrx_word' id='word_1_501' title='bbox 1317 2845 1479 2917; x_wconf 84' lang='lat' dir='ltr'><strong>periturum,</strong></span> <span class='ocrx_word' id='word_1_502' title='bbox 1494 2844 1566 2900; x_wconf 85' lang='lat' dir='ltr'><strong>unde</strong></span> <span class='ocrx_word' id='word_1_503' title='bbox 1583 2842 1772 2898; x_wconf 82' lang='lat' dir='ltr'><strong>Dominusas·</strong></span> 
     </span>
     <span class='ocr_line' id='line_1_56' title="bbox 976 2917 1272 2987; baseline -0.027 -11"><span class='ocrx_word' id='word_1_504' title='bbox 976 2919 1068 2976; x_wconf 87' lang='lat' dir='ltr'><strong>cendit</strong></span> <span class='ocrx_word' id='word_1_505' title='bbox 1090 2919 1123 2987; x_wconf 79' lang='lat' dir='ltr'><strong>ad</strong></span> <span class='ocrx_word' id='word_1_506' title='bbox 1141 2917 1235 2972; x_wconf 73' lang='lat' dir='ltr'><strong>amiras.</strong></span> <span class='ocrx_word' id='word_1_507' title='bbox 1262 2935 1272 2968; x_wconf 85' lang='grc' dir='ltr'><strong>ι</strong></span> 
     </span>
     <span class='ocr_line' id='line_1_57' title="bbox 991 2987 1250 3042; baseline -0.015 1"><span class='ocrx_word' id='word_1_508' title='bbox 991 2987 1024 3028; x_wconf 63' lang='grc' dir='ltr'><strong>’ὃ</strong></span> <span class='ocrx_word' id='word_1_509' title='bbox 1045 2989 1084 3042; x_wconf 78' lang='lat' dir='ltr'><strong>lix</strong></span> <span class='ocrx_word' id='word_1_510' title='bbox 1108 2988 1169 3042; x_wconf 89' lang='lat' dir='ltr'><strong>cod.</strong></span> <span class='ocrx_word' id='word_1_511' title='bbox 1190 2987 1250 3042; x_wconf 82' lang='lat' dir='ltr'><strong>l&#39;at.</strong></span> 
     </span>
    </p>

    <p class='ocr_par' dir='ltr' id='par_1_11' title="bbox 976 3053 1774 3493">
     <span class='ocr_line' id='line_1_58' title="bbox 1013 3053 1774 3129; baseline -0.007 -14"><span class='ocrx_word' id='word_1_512' title='bbox 1013 3058 1104 3115; x_wconf 65' lang='lat' dir='ltr'><strong>econ.</strong></span> <span class='ocrx_word' id='word_1_513' title='bbox 1124 3059 1184 3112; x_wconf 87' lang='lat' dir='ltr'><strong>l&#39;at.</strong></span> <span class='ocrx_word' id='word_1_514' title='bbox 1198 3067 1226 3112; x_wconf 88' lang='lat' dir='ltr'><strong>rt</strong></span> <span class='ocrx_word' id='word_1_515' title='bbox 1239 3056 1307 3126; x_wconf 76' lang='lat' dir='ltr'><strong>lug.</strong></span> <span class='ocrx_word' id='word_1_516' title='bbox 1326 3074 1333 3110; x_wconf 77' lang='grc' dir='ltr'><strong>ε</strong></span> <span class='ocrx_word' id='word_1_517' title='bbox 1352 3074 1361 3104; x_wconf 81' lang='lat' dir='ltr'><strong>v</strong></span> <span class='ocrx_word' id='word_1_518' title='bbox 1375 3056 1558 3129; x_wconf 65' lang='lat' dir='ltr'><strong>Quadraginta</strong></span> <span class='ocrx_word' id='word_1_519' title='bbox 1570 3055 1629 3112; x_wconf 88' lang='lat' dir='ltr'><strong>dies</strong></span> <span class='ocrx_word' id='word_1_520' title='bbox 1642 3053 1774 3110; x_wconf 83' lang='lat' dir='ltr'><strong>Dominus</strong></span> 
     </span>
     <span class='ocr_line' id='line_1_59' title="bbox 977 3124 1772 3198; baseline -0.009 -12"><span class='ocrx_word' id='word_1_521' title='bbox 977 3130 1108 3186; x_wconf 87' lang='lat' dir='ltr'><strong>concedet</strong></span> <span class='ocrx_word' id='word_1_522' title='bbox 1130 3128 1234 3192; x_wconf 88' lang='lat' dir='ltr'><strong>electis,</strong></span> <span class='ocrx_word' id='word_1_523' title='bbox 1251 3136 1280 3181; x_wconf 91' lang='lat' dir='ltr'><strong>nt</strong></span> <span class='ocrx_word' id='word_1_524' title='bbox 1293 3135 1374 3198; x_wconf 80' lang='lat' dir='ltr'><strong>agant</strong></span> <span class='ocrx_word' id='word_1_525' title='bbox 1385 3126 1606 3198; x_wconf 72' lang='lat' dir='ltr'><strong>poenitentiam.»</strong></span> <span class='ocrx_word' id='word_1_526' title='bbox 1622 3126 1699 3197; x_wconf 78' lang='lat' dir='ltr'><strong>Apud</strong></span> <span class='ocrx_word' id='word_1_527' title='bbox 1716 3124 1772 3180; x_wconf 82' lang='lat' dir='ltr'><strong>lla-</strong></span> 
     </span>
     <span class='ocr_line' id='line_1_60' title="bbox 976 3197 1772 3270; baseline -0.005 -16"><span class='ocrx_word' id='word_1_528' title='bbox 976 3202 1077 3254; x_wconf 91' lang='lat' dir='ltr'><strong>baunm</strong></span> <span class='ocrx_word' id='word_1_529' title='bbox 1092 3217 1100 3254; x_wconf 75' lang='grc' dir='ltr'><strong>ε</strong></span> <span class='ocrx_word' id='word_1_530' title='bbox 1122 3218 1131 3250; x_wconf 88' lang='grc' dir='ltr'><strong>ι</strong></span> <span class='ocrx_word' id='word_1_531' title='bbox 1150 3198 1207 3253; x_wconf 83' lang='lat' dir='ltr'><strong>Non</strong></span> <span class='ocrx_word' id='word_1_532' title='bbox 1233 3198 1327 3254; x_wconf 88' lang='lat' dir='ltr'><strong>statim</strong></span> <span class='ocrx_word' id='word_1_533' title='bbox 1342 3199 1432 3254; x_wconf 88' lang='lat' dir='ltr'><strong>veniet</strong></span> <span class='ocrx_word' id='word_1_534' title='bbox 1445 3198 1479 3254; x_wconf 89' lang='lat' dir='ltr'><strong>ad</strong></span> <span class='ocrx_word' id='word_1_535' title='bbox 1491 3197 1639 3270; x_wconf 80' lang='lat' dir='ltr'><strong>judicium„</strong></span> <span class='ocrx_word' id='word_1_536' title='bbox 1659 3197 1707 3250; x_wconf 82' lang='lat' dir='ltr'><strong>aed</strong></span> <span class='ocrx_word' id='word_1_537' title='bbox 1721 3211 1772 3250; x_wconf 81' lang='lat' dir='ltr'><strong>ex-</strong></span> 
     </span>
     <span class='ocr_line' id='line_1_61' title="bbox 976 3267 1772 3341; baseline -0.001 -18"><span class='ocrx_word' id='word_1_538' title='bbox 976 3271 1113 3341; x_wconf 81' lang='lat' dir='ltr'><strong>spectabit</strong></span> <span class='ocrx_word' id='word_1_539' title='bbox 1137 3269 1268 3324; x_wconf 91' lang='lat' dir='ltr'><strong>Dumiaus</strong></span> <span class='ocrx_word' id='word_1_540' title='bbox 1290 3269 1439 3339; x_wconf 83' lang='lat' dir='ltr'><strong>qvtosdam,</strong></span> <span class='ocrx_word' id='word_1_541' title='bbox 1464 3270 1535 3324; x_wconf 82' lang='lat' dir='ltr'><strong>sicut</strong></span> <span class='ocrx_word' id='word_1_542' title='bbox 1549 3282 1584 3323; x_wconf 77' lang='lat' dir='ltr'><strong>ex</strong></span> <span class='ocrx_word' id='word_1_543' title='bbox 1601 3267 1712 3324; x_wconf 83' lang='lat' dir='ltr'><strong>Daniele</strong></span> <span class='ocrx_word' id='word_1_544' title='bbox 1729 3268 1772 3322; x_wconf 89' lang='lat' dir='ltr'><strong>iu-</strong></span> 
     </span>
     <span class='ocr_line' id='line_1_62' title="bbox 976 3337 1772 3409; baseline -0.005 -14"><span class='ocrx_word' id='word_1_545' title='bbox 976 3341 1139 3406; x_wconf 84' lang='lat' dir='ltr'><strong>telleriurus,</strong></span> <span class='ocrx_word' id='word_1_546' title='bbox 1166 3340 1211 3403; x_wconf 84' lang='lat' dir='ltr'><strong>uui</strong></span> <span class='ocrx_word' id='word_1_547' title='bbox 1235 3339 1344 3394; x_wconf 86' lang='lat' dir='ltr'><strong>seducti</strong></span> <span class='ocrx_word' id='word_1_548' title='bbox 1366 3346 1440 3403; x_wconf 86' lang='lat' dir='ltr'><strong>sum,</strong></span> <span class='ocrx_word' id='word_1_549' title='bbox 1465 3348 1495 3394; x_wconf 91' lang='lat' dir='ltr'><strong>nt</strong></span> <span class='ocrx_word' id='word_1_550' title='bbox 1523 3340 1557 3392; x_wconf 84' lang='lat' dir='ltr'><strong>ad</strong></span> <span class='ocrx_word' id='word_1_551' title='bbox 1582 3337 1772 3409; x_wconf 75' lang='lat' dir='ltr'><strong>penitentiam</strong></span> 
     </span>
     <span class='ocr_line' id='line_1_63' title="bbox 976 3408 1771 3493; baseline -0.008 -26"><span class='ocrx_word' id='word_1_552' title='bbox 976 3420 1157 3467; x_wconf 86' lang='lat' dir='ltr'><strong>revertantur.</strong></span> <span class='ocrx_word' id='word_1_553' title='bbox 1169 3409 1315 3479; x_wconf 78' lang='lat' dir='ltr'><strong>Postquam</strong></span> <span class='ocrx_word' id='word_1_554' title='bbox 1325 3424 1389 3465; x_wconf 88' lang='lat' dir='ltr'><strong>vero</strong></span> <span class='ocrx_word' id='word_1_555' title='bbox 1403 3411 1474 3464; x_wconf 82' lang='lat' dir='ltr'><strong>lianc</strong></span> <span class='ocrx_word' id='word_1_556' title='bbox 1484 3408 1673 3493; x_wconf 73' lang='lat' dir='ltr'><strong>paenitentiam</strong></span> <span class='ocrx_word' id='word_1_557' title='bbox 1684 3427 1705 3469; x_wconf 85' lang='grc' dir='ltr'><strong>ι,</strong></span> <span class='ocrx_word' id='word_1_558' title='bbox 1718 3415 1771 3463; x_wconf 89' lang='lat' dir='ltr'><strong>etc.</strong></span> 
     </span>
    </p>

    <p class='ocr_par' dir='ltr' id='par_1_12' title="bbox 1014 3477 1598 3537">
     <span class='ocr_line' id='line_1_64' title="bbox 1014 3477 1598 3537; baseline -0.007 0"><span class='ocrx_word' id='word_1_559' title='bbox 1014 3480 1024 3522; x_wconf 72' lang='lat'><strong><em>¹</em></strong></span> <span class='ocrx_word' id='word_1_560' title='bbox 1042 3482 1091 3537; x_wconf 89' lang='lat' dir='ltr'><strong>llic</strong></span> <span class='ocrx_word' id='word_1_561' title='bbox 1104 3481 1197 3536; x_wconf 82' lang='lat' dir='ltr'><strong>llaritnr</strong></span> <span class='ocrx_word' id='word_1_562' title='bbox 1212 3481 1240 3535; x_wconf 89' lang='lat' dir='ltr'><strong>in</strong></span> <span class='ocrx_word' id='word_1_563' title='bbox 1251 3481 1311 3536; x_wconf 90' lang='lat' dir='ltr'><strong>cod.</strong></span> <span class='ocrx_word' id='word_1_564' title='bbox 1328 3477 1390 3537; x_wconf 82' lang='lat' dir='ltr'><strong>Vat.</strong></span> <span class='ocrx_word' id='word_1_565' title='bbox 1418 3486 1445 3534; x_wconf 91' lang='lat' dir='ltr'><strong>et</strong></span> <span class='ocrx_word' id='word_1_566' title='bbox 1457 3480 1517 3535; x_wconf 89' lang='lat' dir='ltr'><strong>abis</strong></span> <span class='ocrx_word' id='word_1_567' title='bbox 1532 3494 1598 3535; x_wconf 87' lang='lat' dir='ltr'><strong>mss.</strong></span> 
     </span>
    </p>

    <p class='ocr_par' dir='ltr' id='par_1_13' title="bbox 976 3548 1771 3686">
     <span class='ocr_line' id='line_1_65' title="bbox 1012 3548 1771 3622; baseline -0.011 -13"><span class='ocrx_word' id='word_1_568' title='bbox 1012 3553 1027 3592; x_wconf 80' lang='lat'>⁸</span> <span class='ocrx_word' id='word_1_569' title='bbox 1044 3552 1076 3609; x_wconf 89' lang='lat' dir='ltr'><strong>S.</strong></span> <span class='ocrx_word' id='word_1_570' title='bbox 1092 3552 1174 3622; x_wconf 67' lang='lat' dir='ltr'><strong>larg,</strong></span> <span class='ocrx_word' id='word_1_571' title='bbox 1189 3567 1272 3608; x_wconf 84' lang='lat' dir='ltr'><strong>scrin.</strong></span> <span class='ocrx_word' id='word_1_572' title='bbox 1289 3549 1340 3605; x_wconf 79' lang='lat' dir='ltr'><strong>tre</strong></span> <span class='ocrx_word' id='word_1_573' title='bbox 1358 3558 1386 3606; x_wconf 88' lang='lat' dir='ltr'><strong>et</strong></span> <span class='ocrx_word' id='word_1_574' title='bbox 1406 3551 1457 3606; x_wconf 78' lang='grc'><strong>115</strong></span> <span class='ocrx_word' id='word_1_575' title='bbox 1475 3550 1509 3606; x_wconf 90' lang='lat' dir='ltr'><strong>de</strong></span> <span class='ocrx_word' id='word_1_576' title='bbox 1524 3550 1618 3605; x_wconf 88' lang='lat' dir='ltr'><strong>Verbis</strong></span> <span class='ocrx_word' id='word_1_577' title='bbox 1630 3548 1724 3620; x_wconf 73' lang='lat' dir='ltr'><strong>Apost.</strong></span> <span class='ocrx_word' id='word_1_578' title='bbox 1750 3548 1771 3602; x_wconf 93' lang='lat' dir='ltr'><strong>ll</strong></span> 
     </span>
     <span class='ocr_line' id='line_1_66' title="bbox 976 3619 1584 3686; baseline -0.012 -6"><span class='ocrx_word' id='word_1_579' title='bbox 976 3623 1072 3680; x_wconf 81' lang='lat' dir='ltr'><strong>Tiress.</strong></span> <span class='ocrx_word' id='word_1_580' title='bbox 1086 3638 1123 3686; x_wconf 88' lang='lat' dir='ltr'><strong>rr,</strong></span> <span class='ocrx_word' id='word_1_581' title='bbox 1140 3621 1183 3677; x_wconf 68' lang='lat' dir='ltr'><strong>lit.</strong></span> <span class='ocrx_word' id='word_1_582' title='bbox 1208 3621 1310 3676; x_wconf 84' lang='lat' dir='ltr'><strong>ilemm</strong></span> <span class='ocrx_word' id='word_1_583' title='bbox 1325 3619 1361 3676; x_wconf 93' lang='lat' dir='ltr'><strong>ibi</strong></span> <span class='ocrx_word' id='word_1_584' title='bbox 1379 3620 1413 3676; x_wconf 89' lang='lat' dir='ltr'><strong>de</strong></span> <span class='ocrx_word' id='word_1_585' title='bbox 1435 3620 1479 3676; x_wconf 88' lang='lat' dir='ltr'><strong>bis</strong></span> <span class='ocrx_word' id='word_1_586' title='bbox 1507 3620 1584 3674; x_wconf 84' lang='lat' dir='ltr'><strong>nibli.</strong></span> 
     </span>
    </p>

    <p class='ocr_par' dir='ltr' id='par_1_14' title="bbox 976 3689 1772 3832">
     <span class='ocr_line' id='line_1_67' title="bbox 1012 3689 1772 3759; baseline -0.008 -12"><span class='ocrx_word' id='word_1_587' title='bbox 1012 3696 1024 3733; x_wconf 79' lang='lat'><strong>¹³</strong></span> <span class='ocrx_word' id='word_1_588' title='bbox 1046 3692 1088 3747; x_wconf 79' lang='lat' dir='ltr'><strong>dd</strong></span> <span class='ocrx_word' id='word_1_589' title='bbox 1101 3692 1270 3746; x_wconf 82' lang='lat' dir='ltr'><strong>lt&#39;uereinum.</strong></span> <span class='ocrx_word' id='word_1_590' title='bbox 1287 3689 1352 3759; x_wconf 78' lang='lat' dir='ltr'><strong>Leg.</strong></span> <span class='ocrx_word' id='word_1_591' title='bbox 1368 3691 1402 3745; x_wconf 85' lang='lat' dir='ltr'><strong>ad</strong></span> <span class='ocrx_word' id='word_1_592' title='bbox 1427 3689 1587 3745; x_wconf 78' lang='lat' dir='ltr'><strong>Minervium</strong></span> <span class='ocrx_word' id='word_1_593' title='bbox 1608 3695 1637 3743; x_wconf 88' lang='lat' dir='ltr'><strong>ct</strong></span> <span class='ocrx_word' id='word_1_594' title='bbox 1656 3689 1772 3743; x_wconf 73' lang='lat' dir='ltr'><strong>allexan-</strong></span> 
     </span>
     <span class='ocr_line' id='line_1_68' title="bbox 976 3758 1628 3832; baseline -0.011 -13"><span class='ocrx_word' id='word_1_595' title='bbox 976 3763 1065 3819; x_wconf 85' lang='lat' dir='ltr'><strong>druuv.</strong></span> <span class='ocrx_word' id='word_1_596' title='bbox 1083 3776 1143 3832; x_wconf 80' lang='lat' dir='ltr'><strong>quae</strong></span> <span class='ocrx_word' id='word_1_597' title='bbox 1164 3759 1296 3828; x_wconf 86' lang='lat' dir='ltr'><strong>estepist.</strong></span> <span class='ocrx_word' id='word_1_598' title='bbox 1318 3759 1371 3815; x_wconf 88' lang='grc'><strong>119</strong></span> <span class='ocrx_word' id='word_1_599' title='bbox 1398 3759 1426 3813; x_wconf 91' lang='lat' dir='ltr'><strong>in</strong></span> <span class='ocrx_word' id='word_1_600' title='bbox 1446 3759 1513 3814; x_wconf 86' lang='lat' dir='ltr'><strong>edit.</strong></span> <span class='ocrx_word' id='word_1_601' title='bbox 1530 3758 1628 3816; x_wconf 74' lang='lat' dir='ltr'><strong>ieron.</strong></span> 
     </span>
    </p>

    <p class='ocr_par' dir='ltr' id='par_1_15' title="bbox 974 3827 1774 4045">
     <span class='ocr_line' id='line_1_69' title="bbox 1013 3827 1774 3899; baseline -0.007 -13"><span class='ocrx_word' id='word_1_602' title='bbox 1013 3835 1020 3874; x_wconf 90' lang='lat' dir='ltr'><strong>t</strong></span> <span class='ocrx_word' id='word_1_603' title='bbox 1049 3832 1112 3886; x_wconf 77' lang='lat' dir='ltr'><strong>linc</strong></span> <span class='ocrx_word' id='word_1_604' title='bbox 1125 3830 1247 3885; x_wconf 91' lang='lat' dir='ltr'><strong>clausula</strong></span> <span class='ocrx_word' id='word_1_605' title='bbox 1269 3835 1360 3884; x_wconf 82' lang='lat' dir='ltr'><strong>exstat</strong></span> <span class='ocrx_word' id='word_1_606' title='bbox 1383 3827 1410 3883; x_wconf 91' lang='lat' dir='ltr'><strong>in</strong></span> <span class='ocrx_word' id='word_1_607' title='bbox 1426 3842 1493 3884; x_wconf 88' lang='lat' dir='ltr'><strong>mss.</strong></span> <span class='ocrx_word' id='word_1_608' title='bbox 1517 3830 1589 3883; x_wconf 90' lang='lat' dir='ltr'><strong>unde</strong></span> <span class='ocrx_word' id='word_1_609' title='bbox 1618 3828 1774 3899; x_wconf 89' lang='lat' dir='ltr'><strong>ipsamcpi-</strong></span> 
     </span>
     <span class='ocr_line' id='line_1_70' title="bbox 974 3898 1772 3982; baseline -0.005 -24"><span class='ocrx_word' id='word_1_610' title='bbox 974 3902 1072 3958; x_wconf 86' lang='lat' dir='ltr'><strong>stolam</strong></span> <span class='ocrx_word' id='word_1_611' title='bbox 1095 3901 1129 3954; x_wconf 88' lang='lat' dir='ltr'><strong>ad</strong></span> <span class='ocrx_word' id='word_1_612' title='bbox 1154 3900 1323 3982; x_wconf 66' lang='lat' dir='ltr'><strong>Gerberpam</strong></span> <span class='ocrx_word' id='word_1_613' title='bbox 1348 3899 1472 3967; x_wconf 68' lang='lat' dir='ltr'><strong>recinam</strong></span> <span class='ocrx_word' id='word_1_614' title='bbox 1493 3913 1624 3970; x_wconf 86' lang='lat' dir='ltr'><strong>occepere</strong></span> <span class='ocrx_word' id='word_1_615' title='bbox 1653 3898 1772 3955; x_wconf 76' lang='lat' dir='ltr'><strong>editores</strong></span> 
     </span>
     <span class='ocr_line' id='line_1_71' title="bbox 975 3969 1316 4045; baseline -0.021 -15"><span class='ocrx_word' id='word_1_616' title='bbox 975 3975 1095 4045; x_wconf 86' lang='lat' dir='ltr'><strong>Operum</strong></span> <span class='ocrx_word' id='word_1_617' title='bbox 1111 3970 1140 4026; x_wconf 91' lang='lat' dir='ltr'><strong>S.</strong></span> <span class='ocrx_word' id='word_1_618' title='bbox 1162 3969 1316 4043; x_wconf 72' lang='lat' dir='ltr'><strong>duginnai.</strong></span> 
     </span>
    </p>
   </div>
   <div class='ocr_carea' id='block_1_7' title="bbox 133 4093 924 4171">
    <p class='ocr_par' dir='ltr' id='par_1_16' title="bbox 133 4093 924 4171">
     <span class='ocr_line' id='line_1_72' title="bbox 133 4093 924 4171; baseline 0.005 -19"><span class='ocrx_word' id='word_1_619' title='bbox 133 4105 176 4152; x_wconf 81' lang='lat' dir='ltr'><strong>tus</strong></span> <span class='ocrx_word' id='word_1_620' title='bbox 200 4107 322 4164; x_wconf 89' lang='lat' dir='ltr'><strong>vacatur,</strong></span> <span class='ocrx_word' id='word_1_621' title='bbox 351 4102 415 4171; x_wconf 77' lang='lat' dir='ltr'><strong>apuria</strong></span> <span class='ocrx_word' id='word_1_622' title='bbox 432 4116 465 4155; x_wconf 84' lang='lat' dir='ltr'><strong>ex</strong></span> <span class='ocrx_word' id='word_1_623' title='bbox 494 4116 526 4156; x_wconf 90' lang='lat' dir='ltr'><strong>eo</strong></span> <span class='ocrx_word' id='word_1_624' title='bbox 543 4099 673 4156; x_wconf 88' lang='lat' dir='ltr'><strong>Dominus</strong></span> <span class='ocrx_word' id='word_1_625' title='bbox 695 4110 776 4171; x_wconf 86' lang='lat' dir='ltr'><strong>atquc</strong></span> <span class='ocrx_word' id='word_1_626' title='bbox 798 4093 924 4158; x_wconf 78' lang='lat' dir='ltr'><strong>Salvator</strong></span> 
     </span>
    </p>
   </div>
   <div class='ocr_carea' id='block_1_8' title="bbox 547 4393 910 4500">
    <p class='ocr_par' dir='ltr' id='par_1_17' title="bbox 547 4393 910 4500">
     <span class='ocr_line' id='line_1_73' title="bbox 547 4393 910 4500; baseline 0 -2"><span class='ocrx_word' id='word_1_627' title='bbox 547 4393 910 4500; x_wconf 75' lang='lat' dir='ltr'><strong>floullnlAE</strong></span> 
     </span>
    </p>
   </div>
   <div class='ocr_carea' id='block_1_9' title="bbox 975 4394 1352 4537">
    <p class='ocr_par' dir='ltr' id='par_1_18' title="bbox 975 4394 1352 4537">
     <span class='ocr_line' id='line_1_74' title="bbox 975 4394 1352 4537; baseline 0 -37"><span class='ocrx_word' id='word_1_628' title='bbox 975 4394 1352 4537; x_wconf 79' lang='lat' dir='ltr'><strong>puauuon</strong></span> 
     </span>
    </p>
   </div>
   <div class='ocr_carea' id='block_1_10' title="bbox 733 4591 1169 4650">
    <p class='ocr_par' dir='ltr' id='par_1_19' title="bbox 733 4591 1169 4650">
     <span class='ocr_line' id='line_1_75' title="bbox 733 4591 1169 4650; baseline 0.002 -4"><span class='ocrx_word' id='word_1_629' title='bbox 733 4591 763 4646; x_wconf 87' lang='lat' dir='ltr'><strong>b.</strong></span> <span class='ocrx_word' id='word_1_630' title='bbox 785 4591 937 4650; x_wconf 68' lang='lat' dir='ltr'><strong>statmo</strong></span> <span class='ocrx_word' id='word_1_631' title='bbox 957 4592 1169 4650; x_wconf 79' lang='lat' dir='ltr'><strong>SUPPOSITAE.</strong></span> 
     </span>
    </p>
   </div>
   <div class='ocr_carea' id='block_1_11' title="bbox 300 4770 748 4844">
    <p class='ocr_par' dir='ltr' id='par_1_20' title="bbox 300 4770 748 4844">
     <span class='ocr_line' id='line_1_76' title="bbox 300 4770 748 4844; baseline 0 -18"><span class='ocrx_word' id='word_1_632' title='bbox 300 4771 378 4844; x_wconf 67' lang='lat'><strong>531</strong></span> <span class='ocrx_word' id='word_1_633' title='bbox 395 4770 553 4829; x_wconf 70' lang='lat' dir='ltr'><strong>ttobttbll</strong></span> <span class='ocrx_word' id='word_1_634' title='bbox 569 4770 748 4829; x_wconf 62' lang='lat' dir='ltr'><strong>luctationi.</strong></span> 
     </span>
    </p>
   </div>
   <div class='ocr_carea' id='block_1_12' title="bbox 129 4862 927 5852">
    <p class='ocr_par' dir='ltr' id='par_1_21' title="bbox 129 4862 927 5852">
     <span class='ocr_line' id='line_1_77' title="bbox 167 4862 924 4936; baseline 0.005 -18"><span class='ocrx_word' id='word_1_635' title='bbox 167 4862 340 4918; x_wconf 85' lang='lat' dir='ltr'><strong>Clarissimus</strong></span> <span class='ocrx_word' id='word_1_636' title='bbox 353 4864 384 4918; x_wconf 90' lang='lat' dir='ltr'><strong>D.</strong></span> <span class='ocrx_word' id='word_1_637' title='bbox 394 4863 587 4932; x_wconf 85' lang='lat' dir='ltr'><strong>Quercctanus,</strong></span> <span class='ocrx_word' id='word_1_638' title='bbox 600 4881 662 4936; x_wconf 82' lang='lat' dir='ltr'><strong>pag.</strong></span> <span class='ocrx_word' id='word_1_639' title='bbox 677 4865 754 4925; x_wconf 76' lang='grc'>11113,</span> <span class='ocrx_word' id='word_1_640' title='bbox 770 4876 826 4920; x_wconf 87' lang='lat' dir='ltr'><strong>tres</strong></span> <span class='ocrx_word' id='word_1_641' title='bbox 839 4867 924 4922; x_wconf 81' lang='lat' dir='ltr'><strong>borrei·</strong></span> 
     </span>
     <span class='ocr_line' id='line_1_78' title="bbox 132 4934 922 5001; baseline 0.004 -12"><span class='ocrx_word' id='word_1_642' title='bbox 132 4934 183 4991; x_wconf 87' lang='lat' dir='ltr'><strong>lias</strong></span> <span class='ocrx_word' id='word_1_643' title='bbox 196 4934 246 4990; x_wconf 90' lang='lat' dir='ltr'><strong>sub</strong></span> <span class='ocrx_word' id='word_1_644' title='bbox 259 4935 367 4991; x_wconf 89' lang='lat' dir='ltr'><strong>nominc</strong></span> <span class='ocrx_word' id='word_1_645' title='bbox 379 4935 450 4990; x_wconf 85' lang='lat' dir='ltr'><strong>beati</strong></span> <span class='ocrx_word' id='word_1_646' title='bbox 465 4935 568 4990; x_wconf 71' lang='lat' dir='ltr'><strong>alcuini</strong></span> <span class='ocrx_word' id='word_1_647' title='bbox 581 4935 715 5001; x_wconf 64' lang='lat' dir='ltr'><strong>elidicus</strong></span> <span class='ocrx_word' id='word_1_648' title='bbox 729 4935 888 4992; x_wconf 84' lang='lat' dir='ltr'><strong>lionriliorio</strong></span> <span class='ocrx_word' id='word_1_649' title='bbox 898 4949 922 4993; x_wconf 90' lang='lat' dir='ltr'><strong>et</strong></span> 
     </span>
     <span class='ocr_line' id='line_1_79' title="bbox 132 5003 923 5076; baseline 0.005 -17"><span class='ocrx_word' id='word_1_650' title='bbox 132 5003 307 5060; x_wconf 81' lang='lat' dir='ltr'><strong>Contioniirn</strong></span> <span class='ocrx_word' id='word_1_651' title='bbox 322 5005 444 5071; x_wconf 84' lang='lat' dir='ltr'><strong>Petrum,</strong></span> <span class='ocrx_word' id='word_1_652' title='bbox 458 5006 497 5061; x_wconf 91' lang='lat' dir='ltr'><strong>uti</strong></span> <span class='ocrx_word' id='word_1_653' title='bbox 510 5005 604 5061; x_wconf 84' lang='lat' dir='ltr'><strong>scribit</strong></span> <span class='ocrx_word' id='word_1_654' title='bbox 621 5006 648 5061; x_wconf 93' lang='lat' dir='ltr'><strong>in</strong></span> <span class='ocrx_word' id='word_1_655' title='bbox 664 5006 783 5062; x_wconf 81' lang='lat' dir='ltr'><strong>Elcncbo</strong></span> <span class='ocrx_word' id='word_1_656' title='bbox 795 5008 923 5076; x_wconf 87' lang='lat' dir='ltr'><strong>operibus</strong></span> 
     </span>
     <span class='ocr_line' id='line_1_80' title="bbox 132 5073 924 5147; baseline 0.006 -17"><span class='ocrx_word' id='word_1_657' title='bbox 132 5091 147 5130; x_wconf 88' lang='lat' dir='ltr'><strong>a</strong></span> <span class='ocrx_word' id='word_1_658' title='bbox 167 5091 197 5131; x_wconf 89' lang='lat' dir='ltr'><strong>se</strong></span> <span class='ocrx_word' id='word_1_659' title='bbox 210 5073 290 5130; x_wconf 87' lang='lat' dir='ltr'><strong>editis</strong></span> <span class='ocrx_word' id='word_1_660' title='bbox 305 5076 416 5147; x_wconf 82' lang='lat' dir='ltr'><strong>praellae</strong></span> <span class='ocrx_word' id='word_1_661' title='bbox 430 5091 438 5129; x_wconf 75' lang='grc' dir='ltr'><strong><em>ε</em></strong></span> <span class='ocrx_word' id='word_1_662' title='bbox 451 5092 502 5132; x_wconf 88' lang='lat' dir='ltr'><strong>nec</strong></span> <span class='ocrx_word' id='word_1_663' title='bbox 516 5076 598 5131; x_wconf 85' lang='lat' dir='ltr'><strong>aliam</strong></span> <span class='ocrx_word' id='word_1_664' title='bbox 614 5077 702 5132; x_wconf 79' lang='lat' dir='ltr'><strong>reddit</strong></span> <span class='ocrx_word' id='word_1_665' title='bbox 722 5078 856 5135; x_wconf 88' lang='lat' dir='ltr'><strong>rationem</strong></span> <span class='ocrx_word' id='word_1_666' title='bbox 873 5092 924 5135; x_wconf 90' lang='lat' dir='ltr'><strong>cor</strong></span> 
     </span>
     <span class='ocr_line' id='line_1_81' title="bbox 130 5144 923 5219; baseline 0.006 -19"><span class='ocrx_word' id='word_1_667' title='bbox 130 5144 245 5200; x_wconf 77' lang='lat' dir='ltr'><strong>Alcuiuo</strong></span> <span class='ocrx_word' id='word_1_668' title='bbox 263 5155 356 5201; x_wconf 87' lang='lat' dir='ltr'><strong>esseut</strong></span> <span class='ocrx_word' id='word_1_669' title='bbox 371 5147 529 5202; x_wconf 76' lang='lat' dir='ltr'><strong>tribuendae„</strong></span> <span class='ocrx_word' id='word_1_670' title='bbox 541 5145 631 5202; x_wconf 86' lang='lat' dir='ltr'><strong>Prima</strong></span> <span class='ocrx_word' id='word_1_671' title='bbox 645 5148 701 5219; x_wconf 77' lang='lat' dir='ltr'><strong>agit</strong></span> <span class='ocrx_word' id='word_1_672' title='bbox 711 5147 745 5202; x_wconf 87' lang='lat' dir='ltr'><strong>de</strong></span> <span class='ocrx_word' id='word_1_673' title='bbox 759 5147 882 5211; x_wconf 79' lang='lat' dir='ltr'><strong>silentio,</strong></span> <span class='ocrx_word' id='word_1_674' title='bbox 895 5150 923 5205; x_wconf 86' lang='lat' dir='ltr'><strong>in</strong></span> 
     </span>
     <span class='ocr_line' id='line_1_82' title="bbox 130 5213 922 5286; baseline 0.005 -16"><span class='ocrx_word' id='word_1_675' title='bbox 130 5232 182 5286; x_wconf 84' lang='lat' dir='ltr'><strong>pno</strong></span> <span class='ocrx_word' id='word_1_676' title='bbox 197 5216 306 5270; x_wconf 84' lang='lat' dir='ltr'><strong>missum</strong></span> <span class='ocrx_word' id='word_1_677' title='bbox 319 5226 357 5271; x_wconf 83' lang='lat' dir='ltr'><strong>ert</strong></span> <span class='ocrx_word' id='word_1_678' title='bbox 369 5217 536 5272; x_wconf 77' lang='lat' dir='ltr'><strong>interemtam</strong></span> <span class='ocrx_word' id='word_1_679' title='bbox 554 5213 676 5272; x_wconf 81' lang='lat' dir='ltr'><strong>Verium.</strong></span> <span class='ocrx_word' id='word_1_680' title='bbox 692 5217 800 5284; x_wconf 73' lang='lat' dir='ltr'><strong>Altera,</strong></span> <span class='ocrx_word' id='word_1_681' title='bbox 815 5219 849 5274; x_wconf 82' lang='lat' dir='ltr'><strong>de</strong></span> <span class='ocrx_word' id='word_1_682' title='bbox 862 5217 922 5273; x_wconf 85' lang='lat' dir='ltr'><strong>Nn·</strong></span> 
     </span>
     <span class='ocr_line' id='line_1_83' title="bbox 132 5285 926 5373; baseline 0.004 -32"><span class='ocrx_word' id='word_1_683' title='bbox 132 5285 232 5341; x_wconf 84' lang='lat' dir='ltr'><strong>tinitote</strong></span> <span class='ocrx_word' id='word_1_684' title='bbox 248 5285 330 5342; x_wconf 81' lang='lat' dir='ltr'><strong>beotoe</strong></span> <span class='ocrx_word' id='word_1_685' title='bbox 347 5285 443 5343; x_wconf 70' lang='lat' dir='ltr'><strong>llario</strong></span> <span class='ocrx_word' id='word_1_686' title='bbox 459 5287 578 5357; x_wconf 79' lang='lat' dir='ltr'><strong>cirpinit.</strong></span> <span class='ocrx_word' id='word_1_687' title='bbox 592 5286 684 5343; x_wconf 78' lang='lat' dir='ltr'><strong>Tertia</strong></span> <span class='ocrx_word' id='word_1_688' title='bbox 703 5288 793 5343; x_wconf 83' lang='lat' dir='ltr'><strong>babitu</strong></span> <span class='ocrx_word' id='word_1_689' title='bbox 819 5290 847 5344; x_wconf 89' lang='lat' dir='ltr'><strong>in</strong></span> <span class='ocrx_word' id='word_1_690' title='bbox 860 5289 926 5373; x_wconf 75' lang='lat' dir='ltr'><strong>[erto</strong></span> 
     </span>
     <span class='ocr_line' id='line_1_84' title="bbox 132 5353 927 5422; baseline 0.005 -11"><span class='ocrx_word' id='word_1_691' title='bbox 132 5353 248 5412; x_wconf 86' lang='lat' dir='ltr'><strong>omnium</strong></span> <span class='ocrx_word' id='word_1_692' title='bbox 264 5367 424 5413; x_wconf 85' lang='lat' dir='ltr'><strong>sanctornm.</strong></span> <span class='ocrx_word' id='word_1_693' title='bbox 446 5356 562 5413; x_wconf 83' lang='lat' dir='ltr'><strong>llomilia</strong></span> <span class='ocrx_word' id='word_1_694' title='bbox 583 5359 712 5422; x_wconf 74' lang='lat' dir='ltr'><strong>meando,</strong></span> <span class='ocrx_word' id='word_1_695' title='bbox 725 5359 760 5414; x_wconf 87' lang='lat' dir='ltr'><strong>de</strong></span> <span class='ocrx_word' id='word_1_696' title='bbox 780 5359 927 5415; x_wconf 84' lang='lat' dir='ltr'><strong>Nativitate</strong></span> 
     </span>
     <span class='ocr_line' id='line_1_85' title="bbox 131 5424 926 5510; baseline 0.006 -29"><span class='ocrx_word' id='word_1_697' title='bbox 131 5425 217 5481; x_wconf 63' lang='lat' dir='ltr'><strong>mutae</strong></span> <span class='ocrx_word' id='word_1_698' title='bbox 230 5424 321 5482; x_wconf 84' lang='lat' dir='ltr'><strong>llariae</strong></span> <span class='ocrx_word' id='word_1_699' title='bbox 335 5428 447 5510; x_wconf 69' lang='lat' dir='ltr'><strong>virginis</strong></span> <span class='ocrx_word' id='word_1_700' title='bbox 465 5427 533 5484; x_wconf 86' lang='lat' dir='ltr'><strong>nibil</strong></span> <span class='ocrx_word' id='word_1_701' title='bbox 547 5427 619 5483; x_wconf 87' lang='lat' dir='ltr'><strong>alind</strong></span> <span class='ocrx_word' id='word_1_702' title='bbox 635 5437 677 5482; x_wconf 91' lang='lat' dir='ltr'><strong>est</strong></span> <span class='ocrx_word' id='word_1_703' title='bbox 689 5443 772 5498; x_wconf 81' lang='lat' dir='ltr'><strong>qivana</strong></span> <span class='ocrx_word' id='word_1_704' title='bbox 792 5430 926 5500; x_wconf 84' lang='lat' dir='ltr'><strong>expositio</strong></span> 
     </span>
     <span class='ocr_line' id='line_1_86' title="bbox 130 5495 926 5570; baseline 0.006 -19"><span class='ocrx_word' id='word_1_705' title='bbox 130 5495 265 5563; x_wconf 89' lang='lat' dir='ltr'><strong>litteralis,</strong></span> <span class='ocrx_word' id='word_1_706' title='bbox 279 5496 422 5570; x_wconf 73' lang='lat' dir='ltr'><strong>allegorica</strong></span> <span class='ocrx_word' id='word_1_707' title='bbox 440 5509 469 5555; x_wconf 91' lang='lat' dir='ltr'><strong>et</strong></span> <span class='ocrx_word' id='word_1_708' title='bbox 482 5498 592 5554; x_wconf 79' lang='lat' dir='ltr'><strong>moralis</strong></span> <span class='ocrx_word' id='word_1_709' title='bbox 604 5499 744 5554; x_wconf 90' lang='lat' dir='ltr'><strong>nominum</strong></span> <span class='ocrx_word' id='word_1_710' title='bbox 758 5500 926 5570; x_wconf 85' lang='lat' dir='ltr'><strong>patriarcba·</strong></span> 
     </span>
     <span class='ocr_line' id='line_1_87' title="bbox 130 5567 923 5637; baseline 0.005 -15"><span class='ocrx_word' id='word_1_711' title='bbox 130 5582 190 5622; x_wconf 89' lang='lat' dir='ltr'><strong>runt</strong></span> <span class='ocrx_word' id='word_1_712' title='bbox 205 5582 238 5622; x_wconf 90' lang='lat' dir='ltr'><strong>ac</strong></span> <span class='ocrx_word' id='word_1_713' title='bbox 255 5569 459 5637; x_wconf 75' lang='lat' dir='ltr'><strong>progenuitorum</strong></span> <span class='ocrx_word' id='word_1_714' title='bbox 472 5568 585 5632; x_wconf 86' lang='lat' dir='ltr'><strong>Christi,</strong></span> <span class='ocrx_word' id='word_1_715' title='bbox 600 5567 627 5621; x_wconf 94' lang='lat' dir='ltr'><strong>in</strong></span> <span class='ocrx_word' id='word_1_716' title='bbox 648 5567 763 5623; x_wconf 84' lang='lat' dir='ltr'><strong>lurmam</strong></span> <span class='ocrx_word' id='word_1_717' title='bbox 778 5570 923 5626; x_wconf 80' lang='lat' dir='ltr'><strong>bomilirea</strong></span> 
     </span>
     <span class='ocr_line' id='line_1_88' title="bbox 129 5638 923 5710; baseline 0.01 -21"><span class='ocrx_word' id='word_1_718' title='bbox 129 5651 266 5707; x_wconf 76' lang='lat' dir='ltr'><strong>quiequam</strong></span> <span class='ocrx_word' id='word_1_719' title='bbox 276 5638 923 5710; x_wconf 75' lang='lat' dir='ltr'><strong>transfusa,nnamcunrlectionibasvtnautibns</strong></span> 
     </span>
     <span class='ocr_line' id='line_1_89' title="bbox 129 5708 922 5778; baseline 0.009 -19"><span class='ocrx_word' id='word_1_720' title='bbox 129 5723 163 5760; x_wconf 83' lang='lat' dir='ltr'><strong>er</strong></span> <span class='ocrx_word' id='word_1_721' title='bbox 175 5709 235 5764; x_wconf 82' lang='lat' dir='ltr'><strong>cod.</strong></span> <span class='ocrx_word' id='word_1_722' title='bbox 247 5724 299 5765; x_wconf 78' lang='lat' dir='ltr'><strong>tas.</strong></span> <span class='ocrx_word' id='word_1_723' title='bbox 315 5708 345 5766; x_wconf 88' lang='lat' dir='ltr'><strong>S.</strong></span> <span class='ocrx_word' id='word_1_724' title='bbox 357 5709 520 5767; x_wconf 80' lang='lat' dir='ltr'><strong>Erumcratui</strong></span> <span class='ocrx_word' id='word_1_725' title='bbox 528 5709 597 5766; x_wconf 84' lang='lat' dir='ltr'><strong>inter</strong></span> <span class='ocrx_word' id='word_1_726' title='bbox 606 5710 723 5778; x_wconf 74' lang='lat' dir='ltr'><strong>geranium</strong></span> <span class='ocrx_word' id='word_1_727' title='bbox 733 5709 804 5767; x_wconf 80' lang='lat' dir='ltr'><strong>beati</strong></span> <span class='ocrx_word' id='word_1_728' title='bbox 817 5711 922 5769; x_wconf 79' lang='lat' dir='ltr'><strong>Alcuirri</strong></span> 
     </span>
     <span class='ocr_line' id='line_1_90' title="bbox 130 5776 924 5852; baseline 0.013 -20"><span class='ocrx_word' id='word_1_729' title='bbox 130 5776 254 5836; x_wconf 78' lang='lat' dir='ltr'><strong>debentis</strong></span> <span class='ocrx_word' id='word_1_730' title='bbox 267 5777 355 5836; x_wconf 85' lang='lat' dir='ltr'><strong>tontil</strong></span> <span class='ocrx_word' id='word_1_731' title='bbox 371 5790 448 5852; x_wconf 87' lang='lat' dir='ltr'><strong>parte</strong></span> <span class='ocrx_word' id='word_1_732' title='bbox 459 5797 490 5847; x_wconf 86' lang='lat' dir='ltr'><strong>n,</strong></span> <span class='ocrx_word' id='word_1_733' title='bbox 507 5778 584 5851; x_wconf 81' lang='lat' dir='ltr'><strong>cujrn</strong></span> <span class='ocrx_word' id='word_1_734' title='bbox 596 5779 635 5836; x_wconf 89' lang='lat' dir='ltr'><strong>rei</strong></span> <span class='ocrx_word' id='word_1_735' title='bbox 650 5784 782 5841; x_wconf 67' lang='lat' dir='ltr'><strong>ratim</strong></span> <span class='ocrx_word' id='word_1_736' title='bbox 799 5782 924 5841; x_wconf 63' lang='lat' dir='ltr'><strong>mima</strong></span> 
     </span>
    </p>
   </div>
   <div class='ocr_carea' id='block_1_13' title="bbox 937 4777 1169 4853">
    <p class='ocr_par' dir='ltr' id='par_1_22' title="bbox 937 4777 1169 4853">
     <span class='ocr_line' id='line_1_91' title="bbox 937 4777 1169 4853; baseline -0.004 -1"><span class='ocrx_word' id='word_1_737' title='bbox 937 4777 1169 4853; x_wconf 76' lang='lat' dir='ltr'><strong>Drnromonno</strong></span> 
     </span>
    </p>
   </div>
   <div class='ocr_carea' id='block_1_14' title="bbox 975 4795 1797 5848">
    <p class='ocr_par' dir='ltr' id='par_1_23' title="bbox 975 4795 1797 5848">
     <span class='ocr_line' id='line_1_92' title="bbox 976 4795 1773 4951; baseline 0.004 -29"><span class='ocrx_word' id='word_1_738' title='bbox 976 4883 1019 4931; x_wconf 84' lang='lat' dir='ltr'><strong>sa,</strong></span> <span class='ocrx_word' id='word_1_739' title='bbox 1034 4867 1139 4922; x_wconf 89' lang='lat' dir='ltr'><strong>duabus</strong></span> <span class='ocrx_word' id='word_1_740' title='bbox 1148 4795 1773 4951; x_wconf 44' lang='grc' dir='ltr'><strong>ιε11ἓῗῖἔῖι1ἷξῖιῖἷξ1100000100οιιὲᾞῖ</strong></span> 
     </span>
     <span class='ocr_line' id='line_1_93' title="bbox 976 4936 1773 5012; baseline 0.005 -20"><span class='ocrx_word' id='word_1_741' title='bbox 976 4939 1038 4993; x_wconf 91' lang='lat' dir='ltr'><strong>dem</strong></span> <span class='ocrx_word' id='word_1_742' title='bbox 1051 4937 1138 4994; x_wconf 73' lang='lat' dir='ltr'><strong>beatas</strong></span> <span class='ocrx_word' id='word_1_743' title='bbox 1152 4936 1182 4993; x_wconf 82' lang='lat' dir='ltr'><strong>tr</strong></span> <span class='ocrx_word' id='word_1_744' title='bbox 1216 4952 1270 4994; x_wconf 89' lang='grc' dir='ltr'><strong>ιιιι5</strong></span> <span class='ocrx_word' id='word_1_745' title='bbox 1280 4937 1428 4994; x_wconf 86' lang='lat' dir='ltr'><strong>llauutate</strong></span> <span class='ocrx_word' id='word_1_746' title='bbox 1439 4955 1473 4996; x_wconf 82' lang='lat' dir='ltr'><strong>ex</strong></span> <span class='ocrx_word' id='word_1_747' title='bbox 1486 4938 1546 4995; x_wconf 87' lang='lat' dir='ltr'><strong>cod.</strong></span> <span class='ocrx_word' id='word_1_748' title='bbox 1562 4954 1614 4995; x_wconf 88' lang='lat' dir='ltr'><strong>tus.</strong></span> <span class='ocrx_word' id='word_1_749' title='bbox 1626 4939 1711 5012; x_wconf 69' lang='lat' dir='ltr'><strong>Regio</strong></span> <span class='ocrx_word' id='word_1_750' title='bbox 1723 4940 1773 4996; x_wconf 85' lang='lat' dir='ltr'><strong>Pa-</strong></span> 
     </span>
     <span class='ocr_line' id='line_1_94' title="bbox 977 5007 1772 5075; baseline 0.006 -13"><span class='ocrx_word' id='word_1_751' title='bbox 977 5008 1087 5065; x_wconf 84' lang='lat' dir='ltr'><strong>risieusi</strong></span> <span class='ocrx_word' id='word_1_752' title='bbox 1107 5024 1181 5062; x_wconf 87' lang='lat' dir='ltr'><strong>num.</strong></span> <span class='ocrx_word' id='word_1_753' title='bbox 1215 5007 1258 5075; x_wconf 74' lang='lat' dir='ltr'><strong>tt,</strong></span> <span class='ocrx_word' id='word_1_754' title='bbox 1277 5009 1323 5064; x_wconf 92' lang='lat' dir='ltr'><strong>ubi</strong></span> <span class='ocrx_word' id='word_1_755' title='bbox 1337 5009 1360 5065; x_wconf 88' lang='lat' dir='ltr'><strong>is</strong></span> <span class='ocrx_word' id='word_1_756' title='bbox 1371 5009 1443 5066; x_wconf 87' lang='lat' dir='ltr'><strong>beati</strong></span> <span class='ocrx_word' id='word_1_757' title='bbox 1458 5008 1565 5066; x_wconf 78' lang='lat' dir='ltr'><strong>Alcuini</strong></span> <span class='ocrx_word' id='word_1_758' title='bbox 1578 5011 1688 5067; x_wconf 90' lang='lat' dir='ltr'><strong>numine</strong></span> <span class='ocrx_word' id='word_1_759' title='bbox 1703 5011 1772 5067; x_wconf 89' lang='lat' dir='ltr'><strong>insi·</strong></span> 
     </span>
     <span class='ocr_line' id='line_1_95' title="bbox 977 5078 1772 5204; baseline 0.008 -72"><span class='ocrx_word' id='word_1_760' title='bbox 977 5079 1086 5204; x_wconf 61' lang='lat' dir='ltr'><strong>Bainun:</strong></span> <span class='ocrx_word' id='word_1_761' title='bbox 1100 5078 1214 5135; x_wconf 87' lang='lat' dir='ltr'><strong>alteram</strong></span> <span class='ocrx_word' id='word_1_762' title='bbox 1230 5078 1258 5134; x_wconf 91' lang='lat' dir='ltr'><strong>io</strong></span> <span class='ocrx_word' id='word_1_763' title='bbox 1277 5078 1428 5151; x_wconf 80' lang='lat' dir='ltr'><strong>llypapauti</strong></span> <span class='ocrx_word' id='word_1_764' title='bbox 1456 5095 1503 5137; x_wconf 88' lang='lat' dir='ltr'><strong>seu</strong></span> <span class='ocrx_word' id='word_1_765' title='bbox 1521 5080 1555 5136; x_wconf 85' lang='lat' dir='ltr'><strong>de</strong></span> <span class='ocrx_word' id='word_1_766' title='bbox 1580 5079 1772 5138; x_wconf 81' lang='lat' dir='ltr'><strong>Purilieatione</strong></span> 
     </span>
     <span class='ocr_line' id='line_1_96' title="bbox 1001 5148 1769 5217; baseline 0.007 -15"><span class='ocrx_word' id='word_1_767' title='bbox 1001 5188 1009 5202; x_wconf 88' lang='lat'><strong>.</strong></span> <span class='ocrx_word' id='word_1_768' title='bbox 1022 5148 1055 5204; x_wconf 78' lang='lat' dir='ltr'><strong>V.</strong></span> <span class='ocrx_word' id='word_1_769' title='bbox 1070 5149 1162 5205; x_wconf 79' lang='lat' dir='ltr'><strong>Mariae</strong></span> <span class='ocrx_word' id='word_1_770' title='bbox 1173 5149 1285 5216; x_wconf 74' lang='lat' dir='ltr'><strong>dictura,</strong></span> <span class='ocrx_word' id='word_1_771' title='bbox 1299 5164 1333 5205; x_wconf 86' lang='lat' dir='ltr'><strong>ex</strong></span> <span class='ocrx_word' id='word_1_772' title='bbox 1346 5148 1526 5207; x_wconf 72' lang='lat' dir='ltr'><strong>Miscellanels</strong></span> <span class='ocrx_word' id='word_1_773' title='bbox 1539 5151 1569 5207; x_wconf 88' lang='lat' dir='ltr'><strong>D.</strong></span> <span class='ocrx_word' id='word_1_774' title='bbox 1582 5149 1694 5217; x_wconf 84' lang='lat' dir='ltr'><strong>Dalunil,</strong></span> <span class='ocrx_word' id='word_1_775' title='bbox 1707 5152 1769 5209; x_wconf 89' lang='lat' dir='ltr'><strong>libr.</strong></span> 
     </span>
     <span class='ocr_line' id='line_1_97' title="bbox 976 5218 1770 5293; baseline 0.005 -19"><span class='ocrx_word' id='word_1_776' title='bbox 976 5235 996 5284; x_wconf 85' lang='lat' dir='ltr'><strong>r,</strong></span> <span class='ocrx_word' id='word_1_777' title='bbox 1008 5235 1071 5293; x_wconf 70' lang='lat' dir='ltr'><strong>pag.</strong></span> <span class='ocrx_word' id='word_1_778' title='bbox 1081 5218 1211 5284; x_wconf 66' lang='lat' dir='ltr'><strong>antea</strong></span> <span class='ocrx_word' id='word_1_779' title='bbox 1223 5220 1269 5275; x_wconf 93' lang='lat' dir='ltr'><strong>ubi</strong></span> <span class='ocrx_word' id='word_1_780' title='bbox 1283 5220 1385 5292; x_wconf 84' lang='lat' dir='ltr'><strong>pariter</strong></span> <span class='ocrx_word' id='word_1_781' title='bbox 1404 5219 1519 5279; x_wconf 77' lang='lat' dir='ltr'><strong>Alcuino</strong></span> <span class='ocrx_word' id='word_1_782' title='bbox 1529 5222 1661 5293; x_wconf 70' lang='lat' dir='ltr'><strong>magistro</strong></span> <span class='ocrx_word' id='word_1_783' title='bbox 1672 5221 1770 5279; x_wconf 89' lang='lat' dir='ltr'><strong>tribul·</strong></span> 
     </span>
     <span class='ocr_line' id='line_1_98' title="bbox 978 5290 1770 5355; baseline 0.009 -12"><span class='ocrx_word' id='word_1_784' title='bbox 978 5296 1032 5355; x_wconf 90' lang='lat' dir='ltr'><strong>tur,</strong></span> <span class='ocrx_word' id='word_1_785' title='bbox 1044 5300 1074 5346; x_wconf 87' lang='lat' dir='ltr'><strong>et</strong></span> <span class='ocrx_word' id='word_1_786' title='bbox 1085 5291 1157 5346; x_wconf 88' lang='lat' dir='ltr'><strong>dicta</strong></span> <span class='ocrx_word' id='word_1_787' title='bbox 1166 5290 1309 5346; x_wconf 84' lang='lat' dir='ltr'><strong>videbatur</strong></span> <span class='ocrx_word' id='word_1_788' title='bbox 1317 5291 1406 5348; x_wconf 83' lang='lat' dir='ltr'><strong>eidem</strong></span> <span class='ocrx_word' id='word_1_789' title='bbox 1416 5293 1477 5349; x_wconf 83' lang='lat' dir='ltr'><strong>viru</strong></span> <span class='ocrx_word' id='word_1_790' title='bbox 1487 5292 1665 5349; x_wconf 85' lang='lat' dir='ltr'><strong>celeberrimo</strong></span> <span class='ocrx_word' id='word_1_791' title='bbox 1678 5306 1770 5350; x_wconf 83' lang='lat' dir='ltr'><strong>coram</strong></span> 
     </span>
     <span class='ocr_line' id='line_1_99' title="bbox 977 5359 1765 5432; baseline 0.004 -17"><span class='ocrx_word' id='word_1_792' title='bbox 977 5359 1076 5418; x_wconf 86' lang='lat' dir='ltr'><strong>Carolo</strong></span> <span class='ocrx_word' id='word_1_793' title='bbox 1088 5361 1265 5432; x_wconf 85' lang='lat' dir='ltr'><strong>imperatore.</strong></span> <span class='ocrx_word' id='word_1_794' title='bbox 1757 5386 1765 5397; x_wconf 92' lang='lat'><strong>·</strong></span> 
     </span>
     <span class='ocr_line' id='line_1_100' title="bbox 1014 5429 1771 5506; baseline 0.007 -21"><span class='ocrx_word' id='word_1_795' title='bbox 1014 5429 1113 5487; x_wconf 84' lang='lat' dir='ltr'><strong>ilerum</strong></span> <span class='ocrx_word' id='word_1_796' title='bbox 1124 5429 1267 5500; x_wconf 79' lang='lat' dir='ltr'><strong>nemojam</strong></span> <span class='ocrx_word' id='word_1_797' title='bbox 1278 5431 1498 5491; x_wconf 88' lang='lat' dir='ltr'><strong>esteruditorum</strong></span> <span class='ocrx_word' id='word_1_798' title='bbox 1508 5433 1554 5506; x_wconf 80' lang='lat' dir='ltr'><strong>nari</strong></span> <span class='ocrx_word' id='word_1_799' title='bbox 1565 5434 1675 5490; x_wconf 88' lang='lat' dir='ltr'><strong>easdem</strong></span> <span class='ocrx_word' id='word_1_800' title='bbox 1685 5434 1771 5491; x_wconf 85' lang='lat' dir='ltr'><strong>bomi-</strong></span> 
     </span>
     <span class='ocr_line' id='line_1_101' title="bbox 975 5501 1769 5573; baseline 0.006 -17"><span class='ocrx_word' id='word_1_801' title='bbox 975 5501 1027 5557; x_wconf 82' lang='lat' dir='ltr'><strong>lias</strong></span> <span class='ocrx_word' id='word_1_802' title='bbox 1036 5503 1219 5572; x_wconf 83' lang='lat' dir='ltr'><strong>intersparias</strong></span> <span class='ocrx_word' id='word_1_803' title='bbox 1229 5501 1390 5573; x_wconf 77' lang='lat' dir='ltr'><strong>rejiciendas</strong></span> <span class='ocrx_word' id='word_1_804' title='bbox 1402 5518 1463 5560; x_wconf 81' lang='lat' dir='ltr'><strong>esse</strong></span> <span class='ocrx_word' id='word_1_805' title='bbox 1472 5519 1526 5559; x_wconf 90' lang='lat' dir='ltr'><strong>uon</strong></span> <span class='ocrx_word' id='word_1_806' title='bbox 1538 5505 1682 5561; x_wconf 83' lang='lat' dir='ltr'><strong>existimet.</strong></span> <span class='ocrx_word' id='word_1_807' title='bbox 1690 5504 1769 5563; x_wconf 88' lang='lat' dir='ltr'><strong>ilatio</strong></span> 
     </span>
     <span class='ocr_line' id='line_1_102' title="bbox 992 5572 1769 5644; baseline 0.005 -17"><span class='ocrx_word' id='word_1_808' title='bbox 992 5572 1109 5627; x_wconf 86' lang='lat' dir='ltr'><strong>eneralis</strong></span> <span class='ocrx_word' id='word_1_809' title='bbox 1138 5573 1206 5628; x_wconf 89' lang='lat' dir='ltr'><strong>rima</strong></span> <span class='ocrx_word' id='word_1_810' title='bbox 1216 5574 1337 5643; x_wconf 81' lang='lat' dir='ltr'><strong>est,qttia</strong></span> <span class='ocrx_word' id='word_1_811' title='bbox 1347 5574 1472 5644; x_wconf 79' lang='lat' dir='ltr'><strong>quamvis</strong></span> <span class='ocrx_word' id='word_1_812' title='bbox 1484 5590 1550 5631; x_wconf 87' lang='lat' dir='ltr'><strong>vero</strong></span> <span class='ocrx_word' id='word_1_813' title='bbox 1562 5575 1769 5632; x_wconf 89' lang='lat' dir='ltr'><strong>sitsimilllmum</strong></span> 
     </span>
     <span class='ocr_line' id='line_1_103' title="bbox 1026 5589 1771 5727; baseline 0.003 -29"><span class='ocrx_word' id='word_1_814' title='bbox 1026 5652 1083 5727; x_wconf 71' lang='lat' dir='ltr'><strong>tunt</strong></span> <span class='ocrx_word' id='word_1_815' title='bbox 1097 5589 1241 5726; x_wconf 50' lang='lat' dir='ltr'><strong>nicolaum</strong></span> <span class='ocrx_word' id='word_1_816' title='bbox 1262 5653 1390 5715; x_wconf 72' lang='lat' dir='ltr'><strong>munitam</strong></span> <span class='ocrx_word' id='word_1_817' title='bbox 1403 5646 1528 5703; x_wconf 85' lang='lat' dir='ltr'><strong>abbatem</strong></span> <span class='ocrx_word' id='word_1_818' title='bbox 1541 5645 1658 5719; x_wconf 88' lang='lat' dir='ltr'><strong>plurium</strong></span> <span class='ocrx_word' id='word_1_819' title='bbox 1677 5661 1771 5701; x_wconf 80' lang='lat' dir='ltr'><strong>motia-</strong></span> 
     </span>
     <span class='ocr_line' id='line_1_104' title="bbox 976 5712 1777 5779; baseline 0.006 -11"><span class='ocrx_word' id='word_1_820' title='bbox 976 5723 1121 5770; x_wconf 79' lang='lat' dir='ltr'><strong>sternamur</strong></span> <span class='ocrx_word' id='word_1_821' title='bbox 1133 5715 1271 5771; x_wconf 81' lang='lat' dir='ltr'><strong>multones</strong></span> <span class='ocrx_word' id='word_1_822' title='bbox 1278 5712 1377 5772; x_wconf 80' lang='lat' dir='ltr'><strong>inatres</strong></span> <span class='ocrx_word' id='word_1_823' title='bbox 1388 5730 1446 5773; x_wconf 77' lang='lat' dir='ltr'><strong>suae</strong></span> <span class='ocrx_word' id='word_1_824' title='bbox 1457 5730 1531 5773; x_wconf 80' lang='lat' dir='ltr'><strong>ctrrae</strong></span> <span class='ocrx_word' id='word_1_825' title='bbox 1540 5716 1777 5779; x_wconf 60' lang='lat' dir='ltr'><strong>umalama</strong></span> 
     </span>
     <span class='ocr_line' id='line_1_105' title="bbox 975 5778 1797 5848; baseline -0.001 -8"><span class='ocrx_word' id='word_1_826' title='bbox 975 5785 1119 5841; x_wconf 85' lang='lat' dir='ltr'><strong>occasione</strong></span> <span class='ocrx_word' id='word_1_827' title='bbox 1142 5785 1350 5843; x_wconf 77' lang='lat' dir='ltr'><strong>occurrentium</strong></span> <span class='ocrx_word' id='word_1_828' title='bbox 1363 5785 1613 5848; x_wconf 55' lang='lat' dir='ltr'><strong>leslavituluumu</strong></span> <span class='ocrx_word' id='word_1_829' title='bbox 1627 5778 1797 5834; x_wconf 53' lang='lat' dir='ltr'><strong>mmm</strong></span> 
     </span>
    </p>
   </div>
   <div class='ocr_carea' id='block_1_15' title="bbox 0 0 1897 6116">
    <p class='ocr_par' dir='ltr' id='par_1_24' title="bbox 0 0 1897 6116">
     <span class='ocr_line' id='line_1_106' title="bbox 0 0 1897 6116; baseline 0 0"><span class='ocrx_word' id='word_1_830' title='bbox 0 0 1897 6116; x_wconf 95' lang='lat' dir='ltr'><strong> </strong></span> 
     </span>
    </p>
   </div>
  </div>
 </body>
</html>
