3780 6120
141 241 181 301 8⁵
510 246 514 253 '
568 233 649 291 M.
668 230 780 288 stuta]
800 229 865 286 SEU
885 225 1021 284 ascitis
1040 224 1182 283 orsum
1199 224 1288 280 PARS
1305 221 1350 280 lli.
1735 214 1770 271 lid

178 356 380 413 Adestoluruen
398 356 431 409 de
452 352 564 416 lurnioe,
579 349 698 405 i'rrbum
713 355 740 401 et
763 343 848 399 Tilius
870 341 970 408 Deip
1017 336 1089 391 bens
1104 350 1169 392 uera
1190 342 1217 392 ct
1237 348 1342 389 mmma
1354 332 1421 396 rita,
1433 331 1461 385 in
1471 345 1525 402 quo
1538 337 1593 386 cta
1608 343 1672 400 quo,
1686 337 1714 397 ct
1724 344 1774 397 per

145 447 216 503 bens
227 446 408 516 omnipotens.

178 536 280 592 Mum
298 543 392 591 sancte
405 533 533 605 Spiritus,
549 530 638 589 Patris
651 539 678 584 ct
695 527 755 583 Filii
775 523 931 588 cormordia,

141 623 216 681 Deus
233 626 416 697 omnipotens.

178 715 289 780 Adesto,
301 713 374 772 bens
389 729 461 770 unus
481 713 663 784 onrnipotens,
679 709 768 775 Pater,
790 717 818 765 et
836 708 931 773 Filius,

144 814 174 864 st
186 805 303 877 Spiritus
312 815 433 864 sauctus.

178 897 252 954 noce
261 897 354 966 auem,
366 899 456 955 excita
465 912 553 969 spem,
566 895 677 952 infunde
693 895 862 952 charitatem.

983 444 1064 499 quem
1076 428 1170 483 mrum
1183 440 1350 497 qrraecunque
1358 438 1434 490 rere,
1441 437 1600 493 summeque
1611 421 1706 478 uiuunt
1716 435 1774 475 om-

980 519 1038 583 ιιι,
1052 519 1160 574 obeata
1171 516 1301 573 Trinitas.

1018 607 1239 664 lleusbouurnet
1251 605 1394 677 pulclrrum
1406 605 1509 674 inquo,
1522 609 1551 658 et
1570 616 1587 658 a
1604 615 1670 672 qun,
1681 609 1709 656 ct
1726 616 1776 671 per

980 716 1063 774 quem
1074 701 1145 758 bona
1158 708 1187 756 et
1198 700 1312 770 pulchra
1329 706 1402 762 sunt,
1416 711 1583 767 numerusque
1593 696 1664 752 bona
1673 703 1702 751 et
1711 695 1774 766 pul-

980 792 1049 848 ebra
1060 798 1123 846 sunt
1135 791 1268 858 omnimo
1284 789 1364 846 beata
1378 787 1508 843 Trinitas.

1018 884 1091 940 lleus
1106 884 1150 940 eui
1176 899 1226 940 rros
1251 883 1318 939 unes
1340 881 1452 945 excitat,
1474 894 1537 950 spes
1550 879 1642 951 erigit,
1656 879 1777 936 ebaritas

179 990 255 1046 Velle
268 989 334 1046 milri
347 989 462 1061 adauct,
480 990 528 1046 sed
541 990 594 1046 boc
609 1003 663 1044 non
676 1002 692 1042 a
705 1002 759 1065 me,
773 987 821 1042 sed
834 1002 850 1041 a
867 994 902 1050 te,
978 975 1106 1048 ι’ΰῠεὶῑιθ
1120 976 1197 1031 bem
1209 975 1339 1032 Trinitas·

179 1080 358 1148 suammet
370 1090 457 1138 terras
474 1081 608 1152 linquere,
621 1089 649 1135 et
663 1080 762 1137 coelnm
776 1087 877 1150 prtem.

179 1171 233 1227 Sed
245 1170 380 1229 imbecille
390 1173 481 1243 pluma
492 1181 544 1238 est,
556 1170 626 1230 velle
638 1171 697 1226 sinc
709 1169 830 1227 subsidio
841 1178 897 1224 tuo.

178 1264 218 1318 ila
229 1263 291 1320 idei
300 1277 415 1334 pennas,
426 1273 457 1319 ut
472 1264 560 1320 rotem
575 1277 682 1320 sursum
699 1260 735 1318 ad
746 1269 782 1317 te.

179 1356 256 1412 ilaue
268 1355 348 1410 iidem
364 1356 391 1411 in
402 1363 438 1421 te,
450 1370 500 1426 per
511 1363 549 1420 tc,
564 1355 598 1411 de
609 1363 635 1409 te
648 1352 790 1408 eonlitcor.

1017 1066 1090 1123 Deus
1104 1067 1151 1138 qui
1174 1075 1266 1138 petere
1280 1065 1370 1134 jubes,
1384 1075 1413 1122 et
1431 1064 1553 1121 inuenire
1575 1062 1654 1133 iacis,
1676 1070 1704 1118 ct
1715 1061 1776 1133 pul-

982 1158 1105 1214 santibus
1124 1158 1221 1229 aperis,
1237 1174 1254 1214 o
1272 1160 1351 1215 beata
1362 1158 1491 1213 Trinitas.

1019 1248 1090 1304 Deus
1104 1263 1186 1319 supra
1200 1262 1280 1319 quem
1294 1248 1370 1313 nihii,
1383 1256 1460 1306 extra
1469 1264 1550 1320 quem
1561 1246 1639 1316 nibil,
1654 1248 1712 1306 siue
1722 1263 1777 1319 quo

983 1340 1061 1406 nibil,
1073 1357 1091 1396 o
1105 1340 1183 1395 beata
1202 1340 1331 1396 Trinitas.

180 1447 218 1503 Te
237 1448 363 1504 nnumin
385 1447 546 1514 substantia,
572 1446 734 1502 Trinitatem
757 1443 786 1499 in
810 1441 935 1513 personis
1019 1431 1091 1488 Deus
1104 1431 1155 1487 sub
1167 1447 1222 1502 uuo
1235 1439 1332 1497 totum,
1358 1432 1385 1488 iu
1409 1447 1463 1503 quo
1476 1438 1574 1499 totum,
1594 1448 1656 1488 cum
1670 1448 1725 1504 qun
1738 1440 1778 1490 to-

140 1538 284 1595 wadient.

983 1533 1053 1589 turn,
1066 1525 1171 1581 obcata
1186 1525 1317 1581 Trinitas.

180 1630 219 1686 pe
229 1645 336 1703 ,emper
362 1632 434 1689 Mem
447 1645 518 1698 ωε,
536 1632 638 1696 vivere,
653 1637 681 1685 οι
701 1627 852 1700 1⁰10me
869 1640 934 1683 eon·
1019 1616 1058 1672 Te
1068 1617 1237 1683 invocamus,
1250 1618 1444 1682 teadoramus,
1460 1627 1486 1675 te
1500 1617 1652 1687 laudamus,
1665 1636 1682 1676 n
1696 1620 1776 1678 beata

144 1721 234 1778 llteor.

180 1813 214 1868 Et
229 1823 285 1870 tres
297 1829 391 1879 unum,
406 1823 433 1869 et
446 1828 531 1869 nuum
544 1822 600 1869 tres
610 1812 751 1869 coutimur.

177 1904 260 1959 Pater
272 1915 299 1962 et
313 1905 397 1961 Filius
406 1914 434 1962 et
449 1905 568 1977 Spiritus
581 1914 702 1970 sanctus,
716 1920 733 1960 u
750 1905 829 1960 beata
843 1902 934 1958 Trini-

144 2000 198 2050 las.

180 2089 260 2153 bens,
277 2089 417 2157 Dominus,
428 2088 596 2156 Paracletus,
611 2091 718 2147 obeata
731 2090 861 2145 Trinitas.

177 2179 313 2248 Charitas,
337 2184 436 2254 gratia,
462 2183 682 2248 communicatio,
703 2198 720 2238 o
742 2182 820 2239 beata
843 2181 934 2237 Trini-

144 2278 198 2329 las.

178 2365 304 2424 Charitas
318 2371 389 2426 lleus
404 2377 456 2435 ost,
471 2372 557 2442 pratia
574 2369 709 2437 Christus,
726 2368 935 2428 communicatio

143 2454 261 2528 Spiritus
273 2467 392 2524 sanctus,
410 2462 516 2518 obeata
543 2462 671 2518 Trinitas.

63 2591 65 2596 ,
176 2545 300 2616 (renitor,
313 2550 430 2620 genitus,
446 2566 620 2624 regenerans,
636 2553 745 2608 obeam
758 2550 891 2612 Trinitas.

177 2638 278 2697 Verum
293 2643 394 2709 lamen,
408 2659 503 2700 rerum
517 2639 607 2701 lumen
621 2659 655 2700 es
672 2645 783 2710 lumine,
801 2659 864 2701 vera
875 2645 935 2700 illu·

142 2728 386 2796 minatio,obcata
396 2732 527 2790 Trinitas.

178 2819 321 2879 Invisibilis
343 2823 524 2894 invisibiliter,
538 2828 652 2885 risibilis
664 2828 845 2895 invisibiliter,
869 2829 936 2886 invi·

143 2910 232 2968 sibilis
242 2913 393 2982 visibiliter,
406 2932 423 2973 o
437 2917 517 2973 beata
527 2919 657 2975 Trinitas.

179 3000 262 3071 Fons,
278 3003 385 3073 flumen,
400 3008 534 3080 irrigatio,
549 3011 656 3067 obeata
669 3010 798 3068 Trinitas.

180 3093 222 3151 Ab
235 3111 288 3152 uno
302 3098 405 3168 omnia,
417 3115 468 3171 per
480 3117 563 3157 unum
573 3105 675 3171 omnia,
689 3104 717 3160 in
737 3120 790 3160 uno
803 3103 935 3171 omnimo

147 3188 225 3243 beatu
239 3188 368 3248 Trinitas.

181 3276 284 3355 liquo,
306 3296 355 3353 per
375 3298 467 3355 quem,
489 3286 515 3340 iu
527 3298 581 3357 quo
601 3287 703 3353 omnia,
718 3303 735 3343 o
749 3288 828 3343 beata
847 3285 937 3342 Trini-

146 3378 199 3431 tas.

183 3467 281 3525 Tirens
292 3468 359 3536 rita,
372 3468 428 3525 rita
447 3472 589 3540 auiuente,
604 3473 755 3531 uirilieator
777 3472 936 3540 viventium,

146 3559 255 3616 uberta
274 3559 405 3617 Trinitas.
452 3559 453 3562 ’

148 3740 171 3801 τ
184 3645 259 3709 llnus
272 3667 287 3708 a
299 3668 337 3719 sc,
347 3656 459 3713 unusab
473 3670 538 3723 uno,
549 3673 619 3716 unus
630 3659 665 3714 ab
677 3659 818 3724 ambobus,
829 3674 846 3713 o
857 3658 936 3715 beata

173 3743 282 3802 rinitas.

180 3832 253 3893 'nra
271 3851 310 3902 se,
328 3839 361 3895 iis
371 3840 406 3895 ab
418 3840 514 3908 alteru,
530 3844 564 3900 ds
574 3845 608 3901 ab
620 3852 746 3915 utruque,
758 3861 775 3900 o
787 3845 865 3902 beata
878 3844 938 3900 Tri·

148 3927 230 3983 nitas.

183 4015 269 4074 Omne
281 4026 371 4075 autem
395 4021 429 4078 ds
440 4036 547 4094 semper
558 4023 586 4080 in
600 4023 697 4092 tribus,
710 4032 738 4082 et
760 4039 841 4081 omne
853 4024 887 4081 ds
900 4039 938 4082 ae-

150 4106 268 4177 qualiter
277 4109 303 4164 in
317 4112 441 4184 singulis,
454 4116 561 4172 obeata
572 4116 701 4174 Trinitas.

184 4197 273 4255 Teras
295 4199 387 4270 Pater,
401 4205 504 4280 ueritas
525 4206 620 4276 Tilins,
643 4208 745 4268 ueritas
767 4207 896 4282 Spiritus,
921 4206 939 4268 a

150 4285 228 4346 beuta
243 4290 373 4350 Trinitas.

949 1693 973 1758 B
986 1705 1117 1763 Trinitas.

1020 1798 1136 1865 Exaudi,
1147 1799 1254 1865 exaudi,
1268 1801 1378 1865 exaudi,
1390 1816 1407 1856 o
1421 1801 1501 1856 beata
1517 1801 1645 1858 Trinitas.

1020 1891 1089 1962 spes
1112 1900 1217 1958 nostru,
1234 1893 1307 1949 salus
1331 1900 1435 1958 nostra,
1449 1894 1537 1950 bonor
1550 1904 1654 1962 unsar,
1668 1911 1685 1952 o
1697 1896 1779 1952 beata

986 1983 1117 2040 Trinitas.

1019 2075 1096 2145 Auge
1114 2076 1140 2130 in
1163 2077 1243 2131 uobis
1266 2075 1358 2141 iidem,
1377 2091 1446 2147 auge
1465 2089 1551 2146 spem,
1577 2089 1645 2148 supe
1661 2076 1781 2133 charitu-

985 2175 1050 2230 tem.
1065 2167 1172 2222 abeata
1185 2166 1316 2223 Trinitas.

1021 2278 1104 2352 730
1116 2278 1214 2335 Libera
1233 2295 1293 2344 nos,
1305 2279 1378 2334 salua
1390 2293 1450 2344 nos,
1464 2276 1582 2347 justifica
1593 2291 1653 2343 nos,
1669 2292 1686 2334 n
1699 2278 1780 2334 beata

985 2371 1117 2430 Trinitas.

1021 2463 1160 2528 iliserere,
1174 2463 1296 2527 Domine,
1310 2461 1374 2534 quia
1397 2458 1584 2517 misericordia
1598 2457 1782 2515 tualiberarlt

985 2571 1046 2622 nos,
1059 2570 1077 2611 o
1089 2557 1170 2612 beata
1185 2549 1315 2612 Trinitas.
1575 2621 1577 2626 Α

1021 2642 1159 2713 Miserere,
1178 2646 1303 2712 bomine,
1314 2646 1378 2718 quia
1387 2644 1573 2702 misericordia
1587 2652 1633 2700 tua
1644 2641 1782 2700 credimus

986 2741 1013 2797 in
1033 2749 1069 2806 te,
1084 2741 1189 2797 obeata
1205 2738 1334 2797 Trinitas.

1020 2831 1159 2898 lliserere,
1173 2831 1298 2898 bomine,
1312 2832 1376 2903 qnia
1389 2829 1576 2888 misericordia
1596 2838 1642 2886 tua
1652 2827 1781 2902 cognori-

985 2943 1046 2984 mus
1058 2935 1124 2991 te‚o
1138 2927 1218 2982 beuta
1231 2925 1365 2983 Trinitas.

948 3044 973 3109 0
1022 3016 1296 3083 lliserere,bomine,
1309 3017 1373 3088 quia
1383 3015 1569 3073 misericordia
1580 3024 1626 3071 tua
1640 3027 1782 3086 speramus

987 3107 1015 3162 in
1028 3114 1065 3173 te,
1079 3121 1095 3163 u
1107 3107 1188 3163 brata
1203 3106 1334 3164 Trinitas.

1021 3198 1159 3263 lsrserere,
1174 3198 1300 3269 Domine,
1315 3200 1379 3274 quia
1392 3199 1579 3256 misericordia
1592 3208 1638 3256 tua
1659 3213 1783 3257 amamus

987 3296 1024 3354 te,
1039 3304 1056 3345 o
1070 3289 1150 3345 beata
1162 3287 1293 3346 Trinitas.

1023 3378 1062 3437 Te
1083 3380 1228 3438 adoramus
1249 3382 1340 3438 cuncti
1362 3397 1447 3437 unum
1460 3381 1546 3439 ileum
1560 3381 1681 3451 Patrem,
1692 3389 1721 3439 et
1737 3381 1782 3439 Ti·

987 3469 1064 3536 linm,
1075 3478 1252 3541 sanctumque
1265 3468 1410 3542 Spiritum,
1424 3471 1533 3529 obeata
1549 3473 1679 3529 Trinitas.

1022 3558 1190 3630 [inpeccatis
1203 3558 1323 3625 reniam,
1344 3568 1443 3631 prrssta
1461 3568 1592 3618 aternam
1602 3561 1698 3626 uitam,
1712 3562 1782 3618 dona

987 3665 1083 3723 pacem
1094 3659 1123 3707 et
1135 3649 1261 3723 gloriam,
1271 3649 1377 3708 obeata
1390 3651 1521 3708 Trinitas.

1022 3742 1146 3810 librata,
1161 3751 1190 3798 et
1202 3742 1356 3807 benedicta,
1371 3750 1400 3799 et
1419 3742 1535 3815 gloriosa
1548 3744 1679 3810 Trinitas,
1688 3744 1782 3813 Patcr,

987 3840 1015 3889 et
1026 3832 1124 3898 Filius,
1140 3839 1169 3889 et
1181 3830 1300 3903 Spiritus
1324 3840 1434 3889 sanctus
1448 3832 1477 3906 [o
1490 3835 1569 3889 beata
1584 3833 1727 3909 Trinitas].

1023 3922 1151 3990 obern,
1165 3922 1319 3990 benedicta,
1334 3921 1450 3995 gloriosa
1465 3924 1566 3991 unitas,
1580 3923 1673 3991 Pater,
1685 3925 1783 3993 Filius,

988 4014 1107 4087 Spiritus
1117 4023 1239 4081 sauctns,
1254 4013 1283 4088 [n
1296 4015 1376 4071 beata
1390 4012 1532 4089 Trinitasl.

1023 4104 1046 4163 0
1060 4119 1134 4170 reru,
1147 4119 1264 4172 summa,
1276 4105 1441 4177 sempiterna
1456 4105 1586 4173 Trinitas,
1597 4105 1688 4175 Pater,
1700 4118 1729 4165 et
1737 4109 1785 4167 Fi·

988 4194 1054 4263 lins,
1068 4204 1097 4252 et
1108 4193 1227 4267 Spiritus
1238 4203 1359 4263 sauctus,
1373 4193 1492 4268 [obeata
1504 4195 1643 4272 Trinitasl.

1023 4286 1047 4345 0
1064 4273 1140 4353 re‘ra,
1154 4302 1270 4353 summa,
1283 4287 1446 4360 sempiterna
1464 4289 1567 4358 unitas,
1581 4288 1671 4358 Pater,
1684 4288 1783 4362 Filius,

187 4379 245 4440 Una
261 4382 345 4455 igitur
355 4382 447 4450 Pater,
467 4386 550 4460 inple
562 4387 772 4462 paracletusque
786 4390 938 4450 substantia
953 4374 1108 4473 „Sillim
1119 4386 1230 4434 ”mall
1244 4375 1273 4451 [⁰
1289 4378 1369 4434 bell·
1383 4377 1525 4451 Tfissflfflsl·

151 4481 204 4538 est,
223 4490 240 4531 o
253 4475 333 4531 beata
345 4473 474 4532 Trinitas.

188 4562 247 4620 Una
270 4567 398 4635 essentia,
423 4582 476 4625 uua
498 4569 594 4637 uirtus,
609 4587 662 4627 una
684 4572 834 4640 bonitas,o
860 4573 938 4630 beata

154 4653 283 4712 Trinitas.

189 4746 260 4805 Deus
274 4750 427 4821 beatitudo,
447 4755 475 4812 in
500 4771 567 4828 qun,
580 4766 608 4814 et
631 4774 730 4831 anuo,
746 4768 774 4815 et
796 4770 941 4832 perquem

155 4844 233 4898 beata
248 4852 312 4899 surrt
336 4859 503 4917 quaecuuque
525 4849 602 4905 beata
618 4858 681 4907 sunt
705 4850 806 4917 omnia,
832 4851 940 4907 obeata

156 4933 286 4991 Trinitas.
808 4938 811 4944 ’

192 5049 321 5107 ¹citatur
335 5048 370 5105 ab
383 5048 469 5107 AEnca
482 5050 641 5117 Parisiensi,
655 5070 716 5137 cap.
733 5057 778 5113 88.

191 5120 246 5181 1Ἰιι
259 5120 377 5181 editione
386 5120 533 5179 Basileensi
543 5122 692 5180 liomiliarir
703 5141 773 5181 anno
783 5124 850 5180 ttae
864 5124 944 5180 omis
994 5138 1059 5183 torn.
1081 5125 1093 5182 1
1114 5142 1177 5182 nor.
1200 5125 1327 5182 editionis
1385 5141 1412 5196 g.

1025 4467 1154 4524 iliterere
1169 4468 1258 4532 nobis,
1270 4467 1401 4523 miserere
1419 4468 1509 4535 nobis,
1525 4470 1653 4526 miserere
1664 4472 1784 4539 sobino

988 4561 1069 4616 Muta
1082 4556 1211 4613 Trinitas.

1025 4647 1085 4704 Tibi
1101 4646 1171 4712 laus,
1187 4646 1236 4703 tibi
1250 4646 1345 4724 gloria,
1368 4648 1417 4704 tibi
1441 4657 1590 4720 gratrarum
1609 4653 1680 4708 actio
1695 4654 1720 4708 iu
1732 4669 1783 4710 sm·

990 4738 1051 4796 cula
1064 4737 1239 4808 sempiterna,
1251 4737 1358 4794 obeata
1367 4736 1487 4795 Trinitas
1497 4753 1520 4794 ι.

1026 4851 1041 4893 b
1055 4849 1197 4908 Credimus
1209 4850 1408 4908 sanctissimam
1426 4849 1491 4925 [Al.,
1517 4853 1650 4928 sanctam]
1664 4853 1784 4912 Trinita-

993 4942 1097 5011 tamid
1110 4951 1161 5008 est,
1175 4940 1295 5010 Patrem,
1305 4937 1451 5008 etlilium,
1463 4951 1490 4999 ct
1501 4942 1631 5014 Spiritum
1646 4953 1782 5013 sanctum,

993 5056 1165 5128 processione
1177 5052 1294 5126 Spiritus
1307 5055 1394 5112 sancti
1418 5056 1488 5180 ³f¹¹d
1501 5057 1672 5112 dacherium
1686 5056 1781 5129 Spicil.

1448 5127 1492 5182 dl.
1517 5127 1640 5184 Graecum
1662 5127 1783 5194 ejusdem

157 5206 186 5248 sa
201 5192 407 5250 invocationes.
414 5193 556 5250 Trinitatis
574 5195 689 5250 babetur
697 5210 815 5322 Saevum
829 5193 944 5268 Symbo-
993 5195 1131 5268 exemplar
1143 5194 1262 5252 loannes
1282 5194 1354 5252 Leuc
1365 5197 1441 5252 arius
1455 5198 1555 5266 reperit
1569 5198 1595 5253 in
1619 5199 1783 5256 bibliotheca

157 5262 212 5318 lum
227 5265 278 5320 sub
297 5263 375 5320 titulo
390 5264 609 5338 :llrcrpitulutin
621 5264 651 5320 ln
663 5279 696 5321 eo

767 5265 858 5322 indob.
875 5262 944 5320 Gon·

994 5266 1122 5324 Sambuci
1139 5266 1190 5323 sub
1210 5266 1318 5322 nomine
1342 5266 1437 5322 liilarii
1447 5268 1564 5339 episcopi
1585 5267 1782 5336 Pictauieusis;

156 5332 236 5459 ism
248 5332 280 5388 ds
299 5346 391 5390 suumn
405 5334 541 5391 Trinitute.
559 5334 589 5390 ln
610 5334 670 5392 cod.
685 5334 754 5391 Bibl.
768 5330 798 5392 S.
816 5335 944 5394 Germani
995 5338 1114 5407 illudque
1126 5352 1174 5393 suo
1185 5336 1255 5406 stylo
1268 5334 1364 5392 Latine
1374 5337 1527 5393 'traductum
1542 5346 1669 5420 tanquam
1681 5356 1783 5396 uorum

179 5401 318 5460 aritiensis
341 5404 400 5459 ln'ec
413 5405 529 5462 babetur
549 5405 632 5461 inseri
652 5406 690 5460 tio
702 5422 708 5458 :
721 5403 855 5460 Lectiones
867 5405 899 5459 de
914 5403 942 5460 S.

159 5470 298 5539 Trinitute,
309 5473 361 5530 boc
369 5481 422 5532 est.
433 5475 460 5530 in
469 5476 615 5533 festivitate
628 5420 651 5532 ξ

995 5407 1026 5463 S.
1040 5406 1134 5464 Hilarii
1158 5422 1226 5479 opus
1240 5406 1353 5462 Basileae
1378 5424 1449 5464 anno
1464 5408 1531 5464 1578
1546 5415 1617 5479 typus
1640 5411 1759 5492 vulgarit
1774 5427 1781 5462 :

650 5475 807 5532 Trinitatis
816 5475 868 5548 legi
881 5491 945 5530 oon
995 5479 1067 5548 quod
1077 5478 1173 5535 deiude
1187 5477 1218 5531 D.
1230 5475 1361 5533 Constant
1370 5487 1397 5535 et
1412 5477 1483 5534 Socii
1501 5478 1670 5536 veronenses
1687 5498 1715 5537 ur
1727 5480 1783 5550 Ap*

157 5549 251 5600 suetae.
268 5543 352 5613 liujus
375 5541 496 5615 Symboli
516 5545 623 5603 initium
635 5545 686 5601 snb
706 5545 810 5601 Aletrini
837 5546 946 5601 nomine
996 5549 1136 5620 pendicern
1150 5547 1266 5618 Operum
1281 5547 1310 5603 S.
1328 5546 1422 5605 llilarii
1441 5547 1603 5616 reiecerunt,
1626 5559 1654 5603 et
1667 5550 1782 5606 tilcniuo

157 5611 284 5670 laudatur
302 5618 337 5671 ab
359 5613 445 5670 AEncu
463 5617 590 5696 episcopo
613 5615 769 5679 Parisiensi,
781 5616 826 5684 qni
848 5615 945 5672 Carolo
996 5629 1181 5675 asseruerunt.
1196 5618 1310 5673 Textum
1327 5619 1472 5690 genuinum
1493 5617 1537 5676 iric
1555 5619 1660 5688 damus,
1674 5621 1708 5676 acl
1722 5622 1783 5694 plu·

160 5684 241 5743 Caluo
256 5685 403 5758 irupcrante
414 5684 513 5755 floruit,
527 5686 554 5740 iu
572 5685 640 5742 libro
654 5686 781 5742 aduersus
794 5685 902 5743 Graecos
912 5687 945 5742 de
997 5704 1041 5745 res
1054 5688 1131 5747 codd.
1148 5705 1214 5745 mss.
1232 5689 1411 5745 emendatum.
