3780 6120
71 304 122 364 885

566 295 763 353 btrunctctt.
783 324 817 334 -
836 290 971 349 otttcttt
993 290 1057 345 PED
1077 290 1210 346 ventas.

1656 289 1707 346 ttae

70 433 172 495 m,
187 418 224 473 ιω
238 423 264 470 re
279 414 356 469 notris
379 412 547 482 pulsantibus
561 411 757 474 demonstrare,
769 423 861 462 aman·
875 408 898 468 Δ
913 405 1025 478 spiritus
1035 407 1100 470 mei,
1118 415 1145 459 et
1158 407 1280 476 eorporis
1295 421 1347 461 met
1367 422 1428 460 cum
1443 406 1567 464 ommhns
1586 410 1712 478 personis

70 512 175 570 tissime
196 507 322 563 Salvator
344 511 447 567 noster,
462 511 491 557 ut
506 511 532 557 ιι
550 502 665 570 amplius
686 500 864 570 intelligentes

71 611 97 660 te
113 609 222 658 untvrm
240 611 373 661 amemus,
391 605 416 650 te
440 594 527 650 solum
548 594 591 649 dic
610 608 643 647 ac
658 599 736 648 nocte
750 590 865 646 medite-

72 710 142 759 mur,
160 690 239 762 107
255 702 363 757 semper
384 687 416 741 ιιι
432 694 457 740 ιι
479 686 650 754 cogitemus:
666 691 694 738 ct
711 683 737 736 in
761 689 865 736 tantum

72 786 149 843 nobis
165 793 240 838 tuam
255 780 390 850 inspirare
406 777 525 848 digneris
538 777 718 838 dilectionem,
733 786 865 845 quantum

72 875 158 932 ausu
168 875 254 930 ιιιιιιι
264 871 344 926 decet
353 884 386 923 ac
397 867 481 938 diligi,
491 875 520 921 nt
530 867 621 921 onmia
632 865 761 921 interiora
774 871 865 919 nostra

72 975 116 1023 tea
127 962 366 1036 impleatdilectio,
376 967 558 1028 totosquenos
570 956 865 1026 tuuspossideatamor,

74 1065 116 1113 tua
138 1055 251 1124 impleat
267 1051 398 1114 charitas,
413 1058 443 1103 ut
466 1057 510 1103 tua
526 1048 602 1119 igniti
618 1047 752 1101 charitate
767 1053 868 1114 praeter

75 1155 97 1202 te
118 1145 194 1202 ahud
206 1158 298 1199 amare
315 1141 478 1203 nesciamus,
492 1154 545 1209 quo
559 1147 632 1192 tanta
646 1137 768 1192 ebaritas
790 1135 868 1205 aquis

76 1236 166 1293 uultis
177 1234 259 1304 hujus
272 1233 355 1297 aeriS,
372 1231 453 1301 hujus
468 1240 558 1295 terne,
570 1228 703 1298 hujusque
714 1228 797 1282 maris
809 1242 869 1280 exs-

77 1328 160 1400 tingui
182 1327 211 1381 in
235 1324 315 1380 nobis
328 1329 446 1392 nequeat
466 1340 472 1375 :
491 1321 569 1391 juxta
585 1319 662 1383 illud,
681 1318 763 1388 Apate
777 1314 868 1369 merltre

75 1433 123 1474 rou
141 1425 264 1488 poterunt
277 1415 443 1484 exstinquere
459 1413 613 1466 charitatem
634 1409 729 1478 :qnod
748 1408 774 1461 in
792 1407 868 1460 uoltis

73 1524 179 1580 guoque
193 1505 322 1576 compleri
340 1504 382 1559 vel
404 1520 437 1558 ex
461 1511 536 1572 parte
551 1501 621 1555 Deus
644 1497 867 1572 laetat-donante

72 1599 188 1656 Domino
201 1605 295 1653 nostro
308 1594 373 1650 lesu
387 1593 505 1649 Christo.

312 1743 426 1784 [JUSDEll
442 1745 504 1783 butt
520 1743 628 1782 ortano.

104 1848 188 1920 Apud
202 1861 251 1902 uos
265 1845 326 1910 lias,
342 1857 507 1913 quaesumus,
526 1839 651 1901 Domine,
676 1847 706 1891 ut
720 1852 769 1890 nos
783 1834 872 1889 delen·

64 1936 120 1998 das
135 1941 164 1996 in
178 1938 279 2011 gloria:
303 1936 375 1990 intra
390 1949 439 1987 nos
455 1931 521 1996 has,
536 1938 565 1984 ιιι
579 1944 629 1985 nos
646 1926 781 1997 recipias:
798 1924 872 1978 circa

61 2048 122 2089 nos
136 2031 199 2096 llas,
218 2035 248 2082 ut
262 2041 312 2080 nos
325 2037 470 2080 conserves
485 2041 491 2075 :
509 2028 572 2075 ante
586 2034 637 2073 uos
651 2016 711 2081 lias,
722 2023 752 2070 ut
766 2030 815 2068 tvos
830 2012 874 2067 de

62 2126 157 2180 duras
169 2143 176 2178 :
189 2136 239 2194 pro
248 2119 328 2175 nobis
341 2121 401 2182 lias,
415 2126 445 2171 ut
454 2132 503 2187 pro
515 2114 593 2169 nobis
602 2109 756 2166 intercedas
770 2126 776 2160 ε
793 2120 874 2174 super

62 2219 165 2277 omnia
185 2215 244 2280 has,
268 2220 359 2268 utnos
378 2208 536 2271 benedicas,
560 2213 588 2260 ιι
600 2217 732 2274 provoces
746 2199 779 2254 ad
799 2206 873 2251 tuum

65 2325 200 2384 reguum,
214 2307 261 2377 quvi
274 2305 343 2360 rivis
354 2311 381 2359 et
395 2315 502 2372 regnas

102 2444 204 2508 tubat
226 2439 409 2504 sabbato
426 2438 467 2499 lN
488 2434 655 2497 HONORE
677 2429 841 2493 ouuttttt

348 2537 591 2603 SANCTODUM

189 2687 317 2747 ORATIO
329 2682 452 2742 stucvt
463 2678 628 2737 Ghessotttt
642 2674 754 2732 PADAE.

112 2805 186 2862 Deus
201 2802 372 2870 omnipotens
391 2797 471 2851 Pater
490 2802 517 2848 ιι
532 2792 617 2847 Filius
637 2802 665 2846 et
679 2789 796 2860 Spiritus
817 2803 879 2843 sau·

79 2905 149 2961 ctus,
173 2894 254 2949 unica
270 2890 389 2945 Trinitas
401 2888 428 2942 in
443 2886 529 2940 tribus
542 2882 678 2955 personis,
699 2880 790 2950 quies
806 2878 876 2934 idem

79 2986 166 3058 etqui
178 3000 251 3050 eras,
266 2989 294 3037 et
304 2981 351 3051 qui
362 2988 493 3035 venturus
506 2991 546 3031 es.
572 2974 669 3028 Libera
680 2987 735 3037 me,
751 2968 876 3034 Domine,

916 498 985 552 meis
998 498 1072 551 intus
1087 506 1115 552 ιι
1130 497 1205 561 loris,
1221 513 1235 550 a
1253 497 1343 566 planta
1362 497 1496 569 usquead
1511 499 1659 554 verticem:
1676 501 1712 554 vi·

917 589 970 652 sui,
985 589 1100 650 auditui,
1116 588 1252 651 odoratui,
1275 589 1382 658 gustui,
1404 589 1505 654 tactui,
1522 587 1597 644 carni
1610 598 1638 644 et
1652 605 1712 644 san-

918 677 991 746 goiui
1002 693 1064 731 cum
1080 678 1206 732 omnihus
1221 670 1339 739 ossibus,
1360 686 1388 731 et
1402 679 1504 743 nervis,
1526 688 1553 734 et
1565 680 1714 735 visceribus

918 770 996 833 tricis,
1020 771 1109 834 venis,
1132 769 1268 834 medullis,
1290 771 1475 843 compagibus,
1499 772 1611 827 artubus
1634 773 1715 838 meis,

918 862 985 926 euti,
1000 863 1134 918 meatibus
1146 862 1222 917 meis.
1249 861 1301 917 Per
1315 870 1342 916 te
1353 863 1436 928 enim,
1448 861 1511 918 lesu
1526 862 1644 930 Christe,
1660 879 1718 920 out-

919 953 964 1007 nia
976 953 1159 1017 vivificantur,
1174 962 1201 1008 et
1211 953 1389 1023 inspirantur,
1405 962 1432 1008 et
1447 962 1595 1023 mutantur,
1609 964 1637 1012 et
1650 970 1717 1012 sana

919 1052 992 1098 sunt.
1018 1043 1132 1116 Protege
1153 1062 1205 1106 ιιιι,
1224 1045 1376 1108 Domine,a
1397 1046 1502 1100 dextris
1515 1056 1569 1101 eta
1586 1048 1718 1115 sinistris,

919 1141 983 1188 atate
999 1141 1027 1187 et
1040 1143 1123 1198 retro,
1148 1136 1242 1189 subtus
1263 1142 1290 1190 et
1302 1151 1392 1205 supra,
1413 1135 1440 1189 in
1456 1152 1530 1203 aere,
1549 1137 1576 1190 in
1591 1146 1674 1204 terra,
1689 1139 1718 1194 in

919 1226 1009 1294 apriis,
1025 1226 1146 1292 inmari,
1165 1226 1192 1280 in
1206 1225 1288 1291 dextr,
1304 1229 1330 1282 in
1344 1229 1495 1291 erectione,
1516 1229 1544 1283 in
1562 1246 1667 1301 gressu,
1690 1230 1719 1286 in

919 1318 994 1381 sede,
1011 1318 1162 1383 instando,
1178 1319 1394 1381 inambulando,
1413 1319 1604 1390 invigilando,
1623 1321 1650 1374 in
1662 1320 1721 1375 dor-

919 1409 1039 1472 miendo,
1055 1409 1083 1463 in
1094 1409 1164 1472 loco,
1180 1409 1294 1462 inomni
1313 1392 1392 1474 hova,
1408 1409 1435 1462 in
1450 1408 1523 1462 onmi
1539 1408 1592 1472 die,
1607 1408 1721 1463 inomni

920 1508 1010 1564 nocte,
1026 1500 1053 1553 iu
1069 1500 1143 1554 omni
1161 1500 1224 1552 vita.
1244 1497 1348 1567 Adjuva
1364 1515 1419 1562 me,
1435 1499 1541 1553 custodi
1564 1515 1618 1564 mc,
1635 1498 1724 1554 Trini-

921 1600 962 1648 tas
978 1603 1088 1653 sancta.
1109 1595 1282 1662 omnipotens
1296 1592 1377 1648 Deus.
1399 1594 1496 1648 Libera
1518 1610 1579 1660 me,
1596 1594 1722 1661 Domine,

920 1685 955 1737 ab
984 1685 1057 1738 omni
1084 1684 1156 1739 malo
1176 1686 1329 1755 praeterito,
1353 1686 1482 1756 praesenti
1504 1694 1533 1742 et
1555 1686 1668 1744 loturo:
1690 1690 1724 1744 de

882 1756 905 1813 Β
922 1777 1052 1847 periculis
1067 1786 1156 1845 terrac,
1178 1787 1206 1832 ιι
1221 1778 1316 1844 matris,
1331 1788 1359 1833 ιι
1373 1780 1495 1834 omnium
1517 1781 1683 1849 bestiarum,
1697 1790 1726 1838 ιι

923 1869 1156 1936 phantasmatum,
1177 1877 1207 1922 ct
1227 1869 1379 1935 volnerum,
1401 1879 1429 1924 ιι
1448 1871 1672 1943 quadrupedum,
1697 1882 1726 1928 et

923 1960 1101 2028 serpentium.
1122 1959 1243 2015 Defende
1258 1976 1301 2015 me
1316 1961 1350 2016 ab
1363 1962 1425 2033 igne
1438 1971 1465 2017 et
1485 1961 1600 2035 fulgure,
1622 1981 1637 2019 a
1657 1966 1726 2021 toui-

926 2060 995 2114 uuo,
1019 2066 1034 2104 a
1049 2052 1192 2122 grandine,
1214 2053 1315 2119 anive,
1329 2069 1343 2107 a
1355 2053 1456 2124 pluvia,
1474 2056 1601 2122 aventis,
1616 2072 1631 2110 a
1649 2057 1724 2112 hiatu

926 2150 1044 2207 terrea
1068 2144 1186 2209 turbiue,
1203 2159 1218 2197 a
1233 2153 1311 2199 terra
1323 2153 1409 2210 motu,
1422 2146 1457 2200 ab
1471 2147 1598 2203 omnibus
1608 2149 1726 2204 bomini·

925 2231 975 2286 bus
990 2232 1079 2297 vitalis,
1103 2233 1285 2299 avenelreiis,
1303 2235 1337 2288 ab
1357 2235 1456 2290 invidis
1470 2236 1567 2292 oeulis.
1592 2239 1649 2309 Ego
1662 2255 1726 2294 con-

926 2322 1003 2378 liteor
1018 2322 1186 2393 impietatem
1204 2325 1308 2394 peceati
1323 2325 1396 2382 mei:
1419 2335 1549 2398 peccator
1564 2329 1639 2384 enim
1653 2345 1724 2396 snm,

925 2421 953 2465 ιι
965 2413 999 2467 ιιι
1011 2421 1125 2483 peceato
1149 2423 1238 2468 natus.
1257 2415 1297 2470 Τιι
1316 2425 1408 2471 autem
1422 2431 1504 2474 verus
1518 2418 1589 2475 Dens
1604 2422 1727 2491 omnipo-

926 2514 986 2560 tens
1000 2507 1060 2561 sine
1083 2516 1204 2576 peccato·
1227 2507 1302 2579 Rogo
1320 2509 1429 2565 Patrem
1448 2526 1497 2581 per
1517 2512 1626 2568 Filium.
1651 2513 1727 2586 Rogo

926 2596 1024 2651 filium
1036 2613 1085 2666 per
1096 2597 1214 2654 Patrem.
1241 2600 1316 2673 Rogo
1331 2601 1462 2672 Spiritum
1475 2613 1600 2659 sanetum
1614 2622 1664 2676 per
1675 2607 1727 2661 Pa·

927 2696 996 2744 trem
1011 2700 1039 2745 ιι
1052 2690 1162 2758 Filium,
1184 2701 1213 2746 ut
1227 2701 1255 2748 et
1272 2694 1363 2748 omnia
1380 2694 1446 2749 uitia
1465 2695 1625 2767 elongentur
1639 2714 1655 2751 a
1670 2716 1725 2765 me,

926 2790 954 2834 et
975 2797 1071 2837 onnres
1092 2795 1194 2840 sancte
1215 2786 1331 2841 virtutes
1353 2785 1511 2858 plantentur
1531 2790 1558 2844 iu
1581 2806 1634 2846 me.
1656 2791 1728 2849 Deus

927 2873 1072 2939 immense,
1089 2876 1168 2947 108
1179 2893 1194 2931 a
1208 2892 1262 2947 quo
1275 2879 1377 2945 omnia,
1388 2894 1438 2949 per
1451 2896 1531 2949 quem
1543 2883 1635 2937 omnia
1646 2893 1726 2940 suot:

928 2966 1026 3036 inquio
1047 2968 1138 3021 omnia
1152 2968 1223 3023 laeta
1239 2978 1313 3035 sunt,
1330 2971 1446 3026 visibilia
1466 2979 1494 3026 et
1506 2972 1662 3042 invisibilia,
1683 2993 1728 3032 su-

80 3080 114 3135 ab
135 3077 262 3134 omnihus
276 3070 396 3144 pereatis
414 3068 484 3124 mois
504 3077 533 3122 ιι
545 3067 597 3122 ista
619 3063 794 3128 mortalitate,
818 3069 846 3116 et
861 3075 877 3114 a
929 3072 978 3130 pra
991 3064 1097 3128 tegens,
1112 3066 1139 3114 ιι
1156 3058 1226 3116 iulra
1239 3059 1342 3129 serens,
1361 3078 1442 3134 opera
1460 3075 1505 3122 tua
1521 3078 1600 3124 extra
1614 3069 1718 3126 circum

81 3177 170 3227 morte
181 3181 278 3238 poenae,
300 3181 315 3219 a
328 3163 420 3234 planta
434 3175 521 3232 nsque
535 3160 569 3215 ad
588 3158 735 3220 verticem,
755 3155 829 3210 intus
851 3160 879 3209 et
931 3149 1011 3215 dans,
1026 3151 1097 3205 intra
1111 3152 1228 3220 replens.
1242 3153 1353 3209 Custodi
1367 3171 1422 3220 me,
1434 3157 1558 3226 Domine,
1574 3168 1728 3217 ereaturam

82 3262 156 3319 loris.
179 3257 340 3315 intercedite
358 3271 408 3327 pro
428 3270 472 3310 me
486 3260 581 3308 saneta
601 3249 762 3314 cherubim,
783 3255 879 3304 sancta
930 3249 1005 3297 tuam
1017 3256 1104 3310 usque
1125 3241 1152 3294 in
1169 3243 1375 3313 sempiternum.
1401 3247 1456 3304 llos
1469 3264 1564 3306 omnes
1584 3251 1681 3309 {nvom
1700 3253 1729 3310 p„

82 3351 229 3423 seraphim,
249 3348 336 3404 saneti
355 3346 457 3411 throni,
474 3351 576 3399 sancte
589 3340 799 3405 dominationes,
814 3354 879 3395 san·
930 3331 1060 3386 auxilium
1075 3347 1175 3388 meum.
1190 3332 1251 3389 l‘er.
1742 3348 1745 3352 *

82 3447 118 3503 cti
132 3444 315 3516 principatus,
339 3447 440 3495 sanctae
459 3444 620 3508 potestates,
635 3442 738 3491 sanctre
752 3433 879 3496 virtutes,
1038 3465 1199 3523 PSALMUS
1217 3468 1251 3522 Ν
1269 3468 1410 3529 lth'DltE
1431 3474 1450 3531 S
1479 3475 1599 3534 mm

83 3537 170 3594 sancti
183 3533 284 3605 angeli,
299 3531 387 3587 sancti
401 3527 565 3598 archangeli.
581 3526 680 3580 Sancte
690 3522 808 3589 Gabriel,
821 3537 881 3577 san·
1230 3510 1239 3522 “
1318 3513 1326 3524 ”
1453 3516 1460 3530 ·
1566 3517 1610 3535 ⁴·

83 3635 123 3682 ete
137 3619 263 3685 Michael,
277 3629 371 3676 sancte
387 3616 518 3688 Daphael,
535 3624 611 3670 orate
628 3631 677 3685 pro
692 3629 745 3669 me.
766 3613 882 3667 interce
966 3606 1057 3677 (Psat.
1070 3608 1154 3679 serr.)
1169 3609 1309 3666 Eructavit
1322 3627 1369 3666 cor
1383 3629 1473 3688 meum
1484 3617 1596 3671 v'erluun
1611 3618 1728 3675 ltonvvm:

84 3718 273 3785 diteprome,
291 3705 565 3779 sanctipatriarchae,
581 3704 668 3759 sancti
684 3702 880 3767 dures,sancti
930 3701 992 3755 dieo
1016 3715 1066 3771 ego
1089 3715 1171 3769 opera
1198 3718 1258 3756 mea
1284 3703 1361 3774 Regi.
1390 3705 1494 3776 Lingua
1521 3724 1581 3762 mea
1608 3709 1730 3766 calamus

82 3805 198 3875 judices,
216 3803 304 3858 sancti
327 3799 493 3862 sacerdotes,
516 3794 604 3850 sancti
625 3792 774 3862 prophete,
793 3790 880 3845 sancti
931 3792 1028 3847 scribae
1051 3791 1183 3847 reloeiter
1206 3795 1361 3847 scribentis.
1394 3795 1538 3864 Speciosus
1563 3798 1649 3853 lor-ma
1675 3817 1731 3870 prae

84 3915 174 3971 reges,
193 3896 280 3952 sancti
295 3891 451 3957 blachabmi,
474 3887 561 3944 saneti
575 3884 704 3940 lnlantes.
720 3882 882 3938 lutereedite
932 3882 994 3937 utils
1010 3882 1161 3947 hominum,
1177 3881 1274 3938 dillusa
1291 3893 1333 3938 est
1343 3885 1428 3953 gratia
1444 3886 1472 3938 in
1487 3885 1565 3942 labiis
1581 3890 1653 3944 tuis:
1671 3907 1732 3961 pro-

85 4008 133 4063 pro
145 4005 188 4047 me
199 3988 328 4044 nativitas
339 3983 451 4046 Christi,
465 3981 566 4037 Christi
582 3976 765 4040 circumcisio,
780 3974 881 4030 Christi
931 3984 1023 4044 pterea
1039 3974 1179 4031 benedixit
1192 3983 1219 4030 te
1230 3973 1303 4030 Deus
1318 3975 1345 4029 in
1357 3982 1498 4030 aeternum.
1513 3977 1663 4051 Accingere
1679 3979 1732 4054 git.

86 4084 230 4156 baptisma,
244 4080 345 4137 Christi
365 4076 499 4147 operatio,
521 4071 622 4129 Christi
637 4071 764 4133 virtutes,
779 4067 881 4122 Christi
931 4067 976 4120 dio
988 4077 1033 4121 tuo
1047 4082 1128 4136 super
1142 4066 1230 4122 lemur
1244 4075 1331 4132 turim,
1351 4068 1549 4136 potentissime.
1574 4071 1671 4141 Specie
1687 4083 1731 4129 tna

86 4178 221 4242 doctmna,
239 4174 339 4231 Christi
356 4188 435 4235 erus,
449 4169 550 4225 Christi
565 4167 667 4231 anima,
690 4164 792 4220 Christi
805 4178 880 4229 caro,
932 4168 960 4214 et
971 4159 1172 4229 pulchritudine
1188 4167 1252 4214 tua:
1270 4160 1390 4225 intende,
1413 4177 1553 4233 prospere,
1569 4168 1686 4236 procede
1704 4178 1733 4223 ιι

85 4267 191 4324 Christi
204 4263 377 4328 resurreetio,
391 4260 493 4316 Christi
506 4257 659 4321 descensio,
675 4255 776 4311 Christi
789 4268 883 4309 ascen·
932 4266 1025 4321 regna
1044 4250 1157 4320 Propter
1171 4252 1314 4308 veritatem
1329 4261 1356 4308 et
1368 4258 1603 4314 mansuetudinem
1615 4270 1642 4315 et
1653 4260 1732 4330 justi-

86 4361 138 4414 sio.
155 4355 255 4412 Sancta
274 4353 369 4416 llario,
388 4349 477 4406 saneti
490 4346 618 4417 apostoli,
641 4345 729 4400 sancti
744 4343 880 4413 discipuli,
933 4343 1018 4399 tiam:
1042 4350 1069 4397 et
1077 4341 1401 4401 deducettemirabiliter
1415 4348 1526 4404 dextera
1542 4360 1597 4406 ttva.
1619 4351 1731 4425 sagitae

86 4450 368 4509 sanetisueeessores,
382 4442 470 4498 sancti
482 4440 616 4512 baptiste,
631 4438 717 4493 sancti
732 4437 880 4507 principes,
897 4453 987 4530 „tuae
1000 4448 1096 4508 acute,
1122 4442 1214 4512 populi
1229 4443 1280 4498 sub
1295 4450 1321 4498 te
1336 4444 1433 4498 cadent
1458 4445 1485 4499 in
1506 4447 1589 4502 corba
1610 4448 1732 4504 inirntco.

86 4543 173 4599 saneti
193 4543 334 4613 episcopi,
355 4540 443 4596 sancti
465 4537 626 4610 presbyteri,
650 4535 738 4591 sancti
763 4533 881 4600 diaconi,
936 4550 997 4589 rum
1011 4535 1092 4606 regis.
1106 4534 1189 4592 Sedes
1203 4544 1249 4591 tua
1260 4536 1330 4592 Dens
1342 4537 1368 4590 in
1380 4537 1508 4591 sacillum
1524 4541 1634 4596 soeculi:
1655 4543 1731 4615 virga

86 4635 174 4690 saneti
194 4633 365 4697 subdiaconi,
379 4631 469 4687 saneti
483 4630 609 4693 lectores,
625 4627 713 4682 sancti
729 4626 882 4690 exorcista,
936 4625 1104 4692 directionis,
1127 4628 1203 4699 virga
1218 4628 1293 4697 regni
1314 4627 1363 4681 tui.
1389 4626 1511 4682 Dilexisti
1529 4627 1681 4698 justitiam,
1705 4643 1731 4690 et

86 4726 174 4781 saneti
188 4731 333 4795 martyres,
355 4723 444 4779 sancti
457 4720 639 4783 consessores,
660 4718 747 4774 sancti
768 4717 886 4772 onacho

87 4817 258 4883 retoe,saueti
270 4815 408 4880 monaehi,
420 4812 506 4868 sancti
521 4811 624 4876 clerici,
635 4809 723 4864 sancti
737 4808 811 4872 laici,
824 4822 884 4861 san·

86 4915 138 4961 cte
155 4905 293 4976 virgines,
315 4911 417 4957 mnctee
429 4914 540 4965 uxores,
556 4898 643 4955 sancti
658 4896 772 4961 domini,
794 4895 883 4950 saneti

86 4997 171 5061 servi,
186 4996 273 5051 sancti
293 4995 403 5058 divites,
425 4991 513 5049 sancti
524 5004 672 5060 pauperes,
693 4987 780 5042 sancti
796 4986 888 5041 docto-

85 5104 149 5153 res,
161 5088 249 5144 saneti
261 5087 373 5151 iratres,
392 5092 495 5140 sanetae
506 5096 624 5138 sorores.
647 5078 750 5133 llorum
764 5076 885 5131 omnium

85 5181 251 5252 generaliter
272 5180 405 5243 nomina,
425 5186 455 5233 et
475 5175 631 5240 memorie,
656 5183 684 5228 et
704 5173 836 5244 spiritus,
859 5180 887 5228 ιι

85 5275 197 5339 animm,
221 5282 248 5329 et
263 5281 364 5328 sanctae
378 5270 570 5342 cogitationes,
592 5276 620 5322 ιι
639 5276 734 5321 saneta
748 5266 843 5330 verba,
858 5271 887 5320 et

87 5376 182 5425 macta
194 5381 288 5436 opera,
303 5375 331 5421 et
347 5365 444 5419 merita
462 5362 489 5416 in
504 5361 595 5426 caelis,
612 5369 640 5415 ιι
654 5359 775 5430 reliquie
789 5360 816 5413 in
831 5367 885 5413 ter·

86 5460 136 5524 ris,
149 5464 178 5513 ιι
189 5455 291 5511 divitie
303 5453 434 5509 bonitatis
448 5452 495 5507 Dei
506 5493 513 5510 ,
525 5460 552 5506 ιι
563 5450 787 5521 longanimitatis,
803 5456 831 5504 et
841 5463 887 5519 pa-

86 5551 201 5615 tientie,
217 5558 246 5605 et
259 5547 471 5603 misericordiae:
494 5545 552 5599 haee
564 5545 656 5599 omnia
668 5544 696 5597 in
710 5543 820 5598 nomine
834 5541 888 5597 Do-

88 5645 156 5700 mini
175 5643 262 5698 nostri
273 5641 338 5696 lesu
357 5639 469 5704 Christi,
484 5639 541 5693 sint
551 5647 640 5703 scuta,
655 5637 711 5692 sint
725 5636 818 5709 galeae,
833 5636 889 5692 sint

88 5740 233 5805 sanitates,
248 5737 305 5794 sint
316 5733 455 5804 sullragie,
475 5732 530 5786 sint
547 5731 638 5786 lorice
653 5731 750 5786 anime
763 5745 841 5796 mea,
862 5736 889 5785 ιι

254 5835 391 5896 ιἰτιιιι,.
414 5833 464 5899 Cl.

936 4716 1018 4771 odisti
1040 4717 1230 4787 iniquitatem:
1256 4722 1398 4786 propterea
1423 4718 1500 4772 unxit
1520 4727 1546 4774 tc
1565 4720 1648 4786 Deus,
1661 4723 1733 4779 Deus

937 4815 1000 4862 tuus
1023 4807 1083 4863 oleo
1100 4807 1198 4863 laetitiae
1221 4823 1276 4876 prae
1298 4809 1469 4865 consortibus
1494 4813 1555 4868 tuis.
1580 4813 1686 4886 llyrrha
1706 4825 1734 4872 ιι

938 4907 1012 4971 gutta
1022 4908 1050 4953 et
1062 4900 1136 4954 casia
1149 4901 1346 4956 avestimentis
1360 4902 1437 4957 tuisa
1450 4905 1574 4962 domibus
1587 4908 1731 4966 eburneis:

938 4987 1085 5058 exquibus
1108 4988 1311 5045 delectaverunt
1329 4998 1357 5046 te
1386 4991 1447 5048 nne
1469 5009 1563 5067 regum
1586 4998 1734 5055 inhonore

939 5092 994 5138 tuo.
1010 5081 1103 5136 hstitit
1112 5081 1238 5152 Reginaa
1249 5082 1354 5139 dextris
1366 5085 1420 5140 tuis
1430 5086 1458 5139 in
1472 5088 1572 5142 vestitu
1587 5089 1731 5146 deaurato:

939 5174 1106 5229 circumdata
1121 5175 1260 5230 varietate.
1283 5176 1353 5233 nudi
1375 5177 1430 5233 illia
1444 5186 1472 5234 et
1490 5179 1569 5248 vide,
1588 5191 1617 5237 et
1631 5183 1732 5240 inclina

939 5282 1032 5321 aurem
1052 5275 1145 5321 tuam:
1171 5275 1200 5323 ιι
1221 5267 1383 5325 obliviscere
1401 5271 1528 5341 populum
1543 5281 1616 5329 tuum
1639 5284 1667 5331 ct
1687 5276 1733 5331 do-

939 5372 1013 5411 mum
1027 5359 1111 5428 patris
1131 5359 1179 5412 tui.
1195 5359 1229 5413 Et
1243 5362 1417 5432 concupiscet
1429 5362 1486 5420 Rex
1504 5364 1630 5424 decorem
1645 5379 1732 5436 tuum,

940 5449 1066 5519 quioniam
1082 5450 1139 5519 ipse
1153 5459 1195 5505 est
1216 5450 1347 5508 Dominus
1361 5453 1432 5510 Deus
1446 5464 1517 5523 ttius,
1540 5466 1567 5515 et
1581 5461 1733 5520 adorabunt

940 5554 1012 5595 eum.
1037 5539 1071 5593 Et
1083 5539 1145 5595 llliae
1156 5539 1220 5613 Tyri
1235 5541 1263 5595 in
1276 5544 1454 5601 muneribus:
1476 5547 1579 5604 vultum
1600 5559 1675 5608 tumn
1689 5553 1735 5610 de·

941 5632 1124 5704 precabuntur
1136 5648 1232 5690 omnes
1245 5633 1344 5692 divites
1356 5636 1452 5714 plebis.
1465 5637 1560 5698 Omnis
1572 5643 1656 5714 gloria
1671 5644 1735 5701 filice

942 5727 1015 5799 regis
1032 5727 1066 5781 ab
1078 5727 1161 5794 intus,
1177 5727 1205 5782 in
1222 5726 1337 5786 llmbriis
1350 5733 1452 5801 aureis,
1468 5735 1671 5794 circumamicta
1687 5755 1734 5795 ra·

1524 5835 1560 5896 19
