3780 6120
111 363 197 435 Cujus
210 372 303 417 amore
317 359 405 414 calent
421 357 510 415 Patris
526 358 675 430 praecordia
691 366 760 424 tota,
920 360 944 417 Α

148 455 281 512 Omnibus
296 461 377 525 etque
392 453 466 509 horis
480 468 578 507 nornen
593 453 620 507 in
635 466 682 509 ore
695 459 784 509 sonat.
879 474 884 483 ·
919 440 924 453 “

109 549 161 606 Cui
178 547 250 602 Deus
265 553 396 600 aeternum
413 545 514 600 tribuat
529 559 577 615 per
591 543 688 600 surcula
704 542 788 612 saite,

147 638 287 709 Protegat,
300 634 411 700 exaltet,
425 633 580 700 fructificet,
595 640 711 706 vegetet.

110 731 197 800 erem
215 744 275 784 mea
291 744 367 784 mens
382 727 460 782 arrict
476 728 562 784 sacris
578 727 690 799 religata
703 727 816 795 catenis,

146 822 239 876 ,imirit
251 828 278 876 ct
291 821 421 890 exquirit,
437 819 524 890 diligit
537 827 565 874 et
578 828 722 875 memorat.

111 890 219 971 Tertius
233 914 347 969 hlhinus
359 913 436 968 vohis
447 911 577 984 jungatur
591 912 706 979 amicus,

145 1007 178 1061 Et
189 1006 324 1076 lacrymas
336 1012 444 1059 resonet
459 1005 531 1058 inter
542 1005 570 1058 in
584 1019 632 1060 ore
647 1020 750 1061 ancras.

108 1099 213 1169 Quippe
227 1097 326 1167 tripiex
341 1095 413 1151 hunis
427 1096 506 1151 iaeiie
519 1113 573 1152 non
588 1099 723 1168 rumpitur
738 1113 870 1174 tunquam,

143 1192 189 1248 Sic
203 1205 312 1262 neroque
325 1199 383 1247 tres
397 1191 469 1246 inter
482 1190 559 1245 iirma
574 1191 647 1260 riget
661 1192 790 1248 charitas.

107 1284 176 1338 'ires
192 1282 237 1337 uhi
256 1289 317 1336 sunt
335 1281 438 1352 pariter
452 1280 559 1337 collecti
575 1282 603 1336 iu
619 1282 727 1337 nomine
741 1283 854 1349 Christi,

141 1375 189 1430 iiis
205 1382 277 1429 astet
290 1374 395 1429 medius
408 1372 534 1428 Christus
547 1382 575 1428 et
589 1375 646 1445 ipse
660 1374 731 1444 pius.

105 1467 164 1522 iioc
178 1472 337 1529 memorate,
352 1464 413 1528 riri,
427 1472 569 1534 totumque
583 1465 669 1520 valete
683 1480 732 1534 per
744 1481 842 1530 mrum,

142 1556 196 1612 Vos
207 1557 313 1611 videam
330 1556 405 1612 laetos
420 1571 493 1622 mox,
508 1557 655 1612 miserante
671 1557 735 1611 Deo.

103 1648 232 1717 Corporis
247 1655 275 1702 et
289 1645 387 1717 capitis
403 1659 498 1702 omncs
516 1654 580 1702 tunc
596 1656 669 1702 certe
687 1647 776 1718 mpiiii

139 1735 231 1791 Pierio
244 1735 348 1806 plectro
362 1721 482 1792 earmina
498 1735 558 1790 ieta
574 1744 682 1792 canant.

103 1827 228 1896 Orpheus
243 1836 292 1900 aut
303 1825 396 1890 Linus,
411 1842 462 1883 nec
477 1842 519 1882 me
534 1825 609 1882 hiero
621 1826 706 1884 rincit
720 1828 747 1883 iu
761 1828 822 1885 neiis
841 1868 845 1873 »

139 1919 208 1974 Dum
223 1913 347 1976 manibus
359 1919 465 1990 cingam
479 1927 590 1990 pectora
603 1928 694 1976 restra
707 1919 785 1976 meis.

432 2028 557 2086 CCXLV.

312 2118 353 2173 Art
365 2119 505 2191 quemdum
519 2121 678 2193 episcopam.

101 2233 265 2288 incolumem
277 2233 413 2298 Christus,
427 2235 599 2301 charissime,
611 2245 637 2291 tc
651 2235 728 2301 mihi,
743 2236 855 2308 presul,

134 2326 282 2382 Conscmo
293 2328 367 2382 mitis
380 2342 488 2398 semper
501 2328 609 2398 ubique,
623 2342 721 2398 precor

100 2416 141 2472 Tu
156 2417 222 2473 mihi
237 2417 324 2474 dulcis
337 2433 426 2484 amor,
440 2418 531 2474 cordis
548 2428 575 2474 tu
589 2434 699 2475 carmen
715 2419 742 2475 iu
755 2434 813 2486 ore,

134 2508 174 2563 Tu
187 2523 291 2564 urenror
301 2518 360 2565 esto
374 2511 436 2574 mei,
452 2517 480 2565 tu
494 2510 553 2568 sinc
565 2509 619 2567 hnc
631 2509 710 2566 vale!

424 2626 560 2684 ccxcii.

309 2719 350 2773 Aut
364 2719 504 2791 quemdam
520 2720 679 2790 episcopum.

96 2812 175 2868 Nulla
191 2827 286 2867 manos
299 2810 491 2882 discingui.....
505 2822 517 2851 ¹
530 2811 558 2865 oi
573 2819 618 2864 tuo
633 2810 733 2880 praesui

96 2902 177 2959 Salve
188 2903 202 2943 δ
214 2912 291 2974 pater
303 2912 408 2971 sancte,
423 2911 452 2957 ct
466 2901 525 2972 iege
539 2909 565 2954 tu
580 2899 696 2956 feliciter
709 2900 782 2957 iiiam

94 2993 269 3051 succinctum
283 3005 294 3034 r
307 2994 403 3060 sohar,
419 2993 510 3062 cupiat
523 2992 569 3063 qtri
585 2991 743 3047 abscondita
756 2993 839 3059 scire,

131 3086 208 3142 iiuiiu
222 3095 312 3142 tamen
326 3087 421 3141 (iextra
436 3085 463 3139 ni
477 3093 534 3145 tuo.
547 3090 641 3140 sancte
654 3082 744 3138 Pater.

413 3196 559 3253 ccxcvii.

287 3289 327 3344 Art
344 3287 491 3343 Macareum
505 3283 688 3357 episcopani.

93 3383 158 3441 flmc
172 3382 231 3446 tihi,
248 3383 360 3448 hincari,
376 3380 470 3437 derori
486 3395 598 3434 munem
613 3386 715 3448 pastor,

129 3475 196 3531 Cum
209 3471 318 3531 Christo
333 3481 359 3528 ct
372 3471 474 3528 sanetis
488 3480 516 3524 tu
531 3471 590 3525 sine
604 3467 657 3524 ssne
670 3467 746 3523 veie!

92 3566 139 3623 Sis
154 3581 258 3621 mernor
270 3563 371 3626 hihiui,
385 3567 519 3618 memoret
533 3571 560 3615 te
574 3561 659 3631 gratia
672 3557 784 3625 Christi,

130 3656 163 3711 Et
177 3665 205 3710 ιιι
220 3657 292 3726 cripte
306 3669 379 3707 meos
392 3664 413 3717 ⁰,
430 3651 562 3706 candidus
575 3657 634 3706 esto
645 3648 705 3702 Dei.

89 3747 158 3810 Cur,
174 3745 210 3801 mi
224 3744 310 3816 nigre,
325 3721 409 3808 taces,
426 3742 459 3798 de
472 3748 499 3794 te
513 3755 585 3794 nnnc
599 3739 691 3793 nescio
704 3739 804 3809 ιμιιιι...
819 3738 829 3790 ¹.

127 3840 182 3895 Aut
195 3847 285 3894 tamen
300 3853 364 3893 cccc
380 3835 428 3891 tihi
443 3837 479 3891 sit
494 3835 565 3890 Deus
579 3834 668 3889 omnis
682 3835 785 3888 atrior⁸

89 3935 134 3991 Sit
149 3934 198 3988 tihi
212 3942 240 3989 et
253 3942 332 4003 potus
346 3931 457 4002 dippeus
472 3945 517 3985 ret
529 3931 553 3993 h,
569 3929 623 3984 vita
637 3928 772 3999 salusque,

128 4027 197 4081 hatis
210 4025 287 4093 cujus
300 4032 408 4079 resonet
422 4037 529 4092 semper
542 4022 568 4076 in
582 4037 630 4077 ore
647 4030 701 4075 tuo.

89 4118 128 4174 [t
144 4117 192 4172 tihi
210 4116 345 4177 trramiori,
360 4115 510 4184 Bergcuses
524 4114 532 4154 t
547 4112 652 4167 instruc
668 4118 786 4174 nostrus,

56 4190 66 4207 ’
127 4209 161 4265 Et
174 4218 261 4265 tecum
274 4208 372 4273 diseat,
387 4206 432 4277 qui
447 4206 495 4261 tihi
507 4204 671 4275 perplaceat.

87 4299 248 4372 23311aec
271 4306 405 4369 preeccptu
429 4297 533 4362 decem,
550 4295 628 4351 vohis
648 4310 709 4364 qum
728 4294 852 4351 chartula
868 4306 875 4345 ι

728 4386 844 4462 [cantat.
894 4425 921 4487 D

30 4475 38 4487 ⁰
127 4470 211 4543 Nocte
224 4486 321 4556 dieque
333 4485 377 4554 pio
389 4482 471 4538 corde
488 4489 587 4545 tenete,
601 4495 698 4550 precor

87 4580 196 4652 sepius
212 4587 241 4636 et
251 4585 356 4634 nosmet
365 4581 546 4631 memorantes
555 4572 647 4638 dicite,
665 4587 771 4644 quaeso;

124 4673 255 4744 Pauperis
262 4670 362 4734 Albini,
371 4668 489 4733 Christe,
505 4674 640 4722 memento
654 4664 701 4722 tui.

124 4818 138 4848 ⁸
153 4804 244 4867 Forte,
258 4803 388 4872 ditcioout
402 4800 531 4854 chortem.

123 4877 139 4917 b
151 4877 244 4940 Forte,
257 4874 343 4930 Soter.

687 261 852 335 mourut.
871 292 905 303 -
922 259 969 317 no
990 263 1124 324 vituios.
1178 204 1189 221 ⁶

1267 366 1426 423 certium.

1173 455 1212 508 te
1225 458 1363 528 quemdum
1376 461 1535 532 episcopam.

955 541 1054 598 irusui
1067 555 1166 625 arrrutc,
1181 561 1286 616 precor,
1305 551 1357 606 hae
1368 551 1397 606 th
1412 551 1525 619 diverte,
1539 553 1640 618 riatur,

989 633 1032 690 Sis
1045 653 1148 693 mernor
1158 639 1247 696 steini
1265 651 1292 696 ut
1308 643 1417 712 praesui,
1435 657 1537 708 amam,
1549 660 1655 716 precor.

953 725 1047 781 Omea
1066 728 1148 784 chara
1163 729 1267 793 domus,
1280 733 1412 788 hahitatio
1424 733 1520 799 duhis,
1535 743 1636 802 amata,

988 814 1031 871 Sis
1043 815 1106 871 iriis
1122 832 1240 889 semper,
1257 835 1347 877 omen
1361 821 1446 882 chara
1459 823 1566 879 domus.

952 905 1051 976 Sophia
1065 918 1158 966 sancta
1174 913 1283 968 Petrum
1295 918 1373 973 tectis
1386 926 1512 974 servatur
1524 919 1552 973 in
1565 919 1634 983 istis,

958 982 968 1006 ⁴
985 998 1014 1054 in
1028 1007 1055 1056 te
1065 1002 1186 1057 discatur
1200 1005 1294 1074 sophia
1311 1016 1406 1064 saneto
1420 1008 1542 1064 Putmm.

951 1092 989 1145 Tu
1002 1093 1102 1157 taleas,
1117 1094 1208 1165 vigeas
1219 1096 1297 1152 donis
1309 1097 1374 1172 [his]
1392 1101 1494 1173 inclyta
1508 1116 1625 1172 semper,

984 1183 1012 1238 in
1027 1186 1127 1255 sophiae
1140 1187 1213 1242 cuitu
1229 1197 1258 1242 tu
1274 1191 1375 1255 valeas,
1388 1193 1489 1264 rigcas.

949 1275 1059 1331 Rustico
1075 1277 1154 1333 turba
1172 1286 1218 1334 tuo
1232 1280 1335 1337 habitet
1348 1284 1398 1339 suh
1413 1285 1531 1356 tegmine
1545 1298 1703 1356 nunquam,

871 1433 877 1443 α
983 1367 1024 1424 Sit
1038 1371 1129 1440 procui
1145 1379 1244 1428 etecto
1259 1374 1359 1431 rustica
1375 1379 1455 1431 turha
1470 1385 1526 1434 tuo.

946 1457 1074 1531 Protegat
1091 1471 1172 1532 atque
1188 1472 1264 1534 regat
1275 1463 1374 1521 Christi
1391 1475 1417 1521 te
1430 1469 1516 1538 gratia
1529 1483 1646 1538 semper,

981 1546 1048 1605 Cum
1062 1552 1144 1608 sociis
1157 1553 1271 1624 puriter,
1286 1565 1410 1625 protegat
1422 1566 1504 1628 atque
1521 1566 1607 1628 regat.

1275 1645 1413 1702 ceruix.

1170 1736 1211 1790 Ad
1226 1737 1345 1792 eumdem
1361 1738 1493 1808 sonnatio.

944 1818 1045 1875 mesni
1059 1831 1159 1890 amate,
1174 1839 1280 1895 precor,
1299 1836 1394 1899 perget
1406 1829 1464 1886 hec
1474 1829 1597 1886 chartula
1609 1837 1708 1896 tecum,

979 1913 1023 1969 Sis
1039 1930 1142 1972 memor
1156 1928 1185 1973 ut
1197 1919 1297 1986 Patris,
1312 1921 1409 1991 praesui
1421 1931 1519 1986 aniate,
1535 1939 1641 1993 precor.

944 2006 982 2062 Tu
1001 2009 1067 2063 mihi
1085 2010 1171 2067 dulcis
1185 2028 1272 2078 amor,
1288 2014 1324 2068 iiii
1336 2030 1384 2085 pcr
1396 2016 1496 2072 saecuia
1513 2017 1599 2082 salve,

977 2100 1102 2158 Christus
1113 2104 1142 2159 io
1155 2112 1287 2161 aeternum
1300 2107 1334 2164 sit
1346 2108 1394 2164 tihi
1405 2109 1492 2165 dulcis
1506 2126 1592 2166 umor.

942 2190 1056 2262 Semper
1069 2194 1096 2250 in
1110 2212 1157 2253 cre
1173 2206 1219 2277 tuo
1233 2209 1363 2256 resonent
1375 2200 1420 2270 pia
1434 2202 1517 2258 rerba
1531 2204 1638 2273 salutis,

978 2285 1048 2343 Laus
1060 2287 1170 2346 Christo
1186 2300 1297 2348 moonet
1314 2308 1421 2364 semper
1434 2295 1460 2351 in
1476 2312 1524 2352 oec
1535 2305 1592 2352 tuo.

942 2377 1065 2446 Pectore,
1084 2391 1182 2448 mente,
1194 2398 1277 2439 manu
1287 2384 1395 2463 miseris
1405 2386 1501 2441 solatia
1516 2396 1627 2457 presta,

976 2468 1089 2541 Semper
1103 2488 1163 2527 ama
1179 2473 1327 2540 Christum,
1344 2485 1466 2547 pectore,
1481 2486 1580 2542 mente,
1596 2494 1689 2535 maner.

940 2559 1070 2617 Orrurihus
1082 2570 1141 2618 esto
1152 2572 1237 2633 pater,
1253 2574 1357 2633 pastor,
1367 2567 1532 2636 patriarcha,
1546 2570 1685 2637 sacerdes,

976 2649 1152 2722 Pauperibus,
1165 2654 1283 2721 miseris,
1297 2656 1422 2711 monibus
1431 2669 1491 2713 esto
1504 2667 1591 2730 pater.

940 2740 984 2796 Sis
999 2741 1082 2798 decus
1095 2742 1233 2812 Ecclesiae,
1246 2745 1351 2801 cunctis
1368 2754 1397 2803 et
1412 2746 1499 2803 forma
1513 2749 1610 2808 salutis

974 2833 1008 2888 Et
1018 2843 1137 2905 caputet
1147 2843 1249 2902 custos,
1262 2836 1301 2893 sis
1318 2837 1401 2894 decus
1416 2839 1553 2896 Ecclesiae.

938 2925 1031 2981 Gratia
1043 2942 1148 2982 summa
1161 2928 1208 2984 Dei
1225 2935 1314 2984 tecum
1329 2930 1475 2986 comitetur
1487 2932 1598 3003 ubique,

979 3017 1086 3089 Augeat
1098 3027 1126 3073 et
1140 3019 1244 3075 meritis
1256 3020 1343 3090 gratia
1358 3035 1461 3075 summa
1479 3022 1535 3075 [iri.

938 3109 985 3164 Die
999 3125 1063 3181 rogo
1079 3119 1237 3181 perpetuum
1253 3110 1354 3181 pueris,
1368 3126 1436 3181 puer
1449 3112 1557 3184 inclyte,
1572 3114 1645 3168 sotre

970 3202 1067 3255 Albine
1078 3217 1185 3271 quoque
1197 3201 1210 3241 '⁴
1222 3201 1281 3256 sale
1292 3201 1347 3267 the,
1361 3216 1437 3277 rugo,
1452 3211 1622 3274 perpetuum.

935 3292 1008 3347 Laeta
1023 3292 1081 3347 dies
1098 3290 1189 3346 rentur
1201 3291 1289 3357 nohis,
1302 3295 1353 3348 suh
1365 3292 1473 3349 rtomine
1487 3301 1592 3362 nostro,

971 3383 1085 3439 AEternu
1098 3393 1126 3439 ct
1140 3383 1216 3440 vohis
1230 3384 1290 3440 heta
1307 3385 1364 3440 dics
1376 3386 1477 3441 reniet.
1518 3380 1521 3387 ’

936 3475 977 3532 Sit
995 3475 1042 3531 tihi
1055 3491 1121 3530 cum
1133 3475 1197 3541 mei,
1212 3483 1289 3530 curet
1300 3484 1326 3531 te
1339 3473 1465 3531 Christus
1476 3477 1587 3549 uirique,

971 3567 1019 3622 Est
1034 3567 1099 3622 mihi
1118 3584 1184 3625 curo
1199 3566 1249 3634 tui,
1266 3567 1301 3624 sit
1312 3568 1360 3623 tihi
1377 3569 1516 3626 euramei.

1287 3682 1361 3737 CCL.

1238 3751 1279 3805 Ad
1296 3751 1431 3808 Maurum.

934 3843 987 3898 iias
1000 3841 1059 3905 tihi,
1079 3847 1172 3896 sancte
1185 3855 1253 3910 puer
1266 3839 1405 3896 Benedicti
1420 3841 1428 3880 ¹
1445 3842 1676 3902 Mourecameuas

967 3934 1081 3989 hihinus
1097 3941 1172 3987 vates
1189 3932 1456 3988 uersiculiscccinit:

933 4025 1015 4081 Velie
1027 4034 1123 4095 optuns
1142 4024 1233 4079 animo
1250 4024 1298 4080 tihi
1311 4040 1440 4096 prospera
1459 4033 1558 4081 cuncta
1578 4027 1661 4095 noeti,

969 4118 1004 4174 Ut
1013 4118 1076 4173 ieiix
1090 4116 1167 4172 rims
1179 4132 1286 4188 semper
1299 4118 1399 4189 ubique
1413 4120 1477 4174 Deo.

933 4207 985 4262 Pro
994 4224 1048 4277 quo
1063 4207 1145 4262 funde
1163 4222 1257 4277 preces
1269 4208 1348 4263 solito
1360 4209 1461 4280 pictate
1475 4209 1593 4266 Tonanti

966 4298 1114 4354 Censerret
1131 4297 1261 4353 iamulunt
1276 4308 1305 4355 ut
1317 4298 1442 4357 Christus
1454 4301 1487 4358 nh
1499 4302 1576 4358 hoste
1588 4318 1676 4357 suum.

1292 4413 1378 4470 CCLi.

1161 4483 1203 4540 tt
1213 4485 1351 4559 quemdum
1364 4487 1488 4542 arricum.

932 4575 972 4630 Tu
984 4591 1092 4647 quoque
1104 4592 1157 4633 non
1176 4579 1291 4642 meritis,
1303 4578 1400 4649 crispis
1416 4579 1463 4633 seri
1474 4579 1550 4636 culre
1567 4581 1683 4651 cupillis,

967 4668 1002 4724 Ut
1015 4669 1117 4736 valeas,
1133 4669 1225 4741 vigeas
1236 4679 1342 4738 tempus
1355 4669 1382 4722 in
1396 4684 1487 4735 omne,
1500 4685 1607 4740 precor.

931 4809 984 4856 tem
995 4801 1159 4865 coenohium,
1167 4802 1238 4870 quoti
1248 4799 1318 4872 Bcrg
1327 4801 1479 4871 appellatur
1488 4804 1558 4874 apud
1567 4804 1725 4861 {immernor

931 4872 959 4926 iu
983 4871 1051 4926 iihro
1071 4872 1176 4926 Treuir.
1192 4870 1284 4941 Autiq.
1302 4881 1414 4937 rictam
1440 4874 1486 4928 ethi
1509 4875 1653 4931 Lutharius
1675 4890 1723 4929 rex

124 4959 136 4988 τ
152 4946 330 5007 succinctum,
346 4941 372 4997 iti
386 4948 437 5023 est,
453 4937 604 5022 epistolam.
623 4934 693 5004 iiuc,
707 4947 783 5020 puto,
797 4937 879 5008 perti·
930 4942 1002 4997 huuc
1015 4941 1103 5023 locum
1117 4939 1244 5013 iiungcro
1258 4942 1385 5025 episeopo
1398 4943 1515 5012 Traiecti
1529 4945 1666 5001 inferioris
1677 4945 1724 5000 tiu-

86 5026 158 5084 net‚
180 5016 253 5087 quoti
272 5014 303 5068 B.
318 5013 448 5069 Alcutuus
467 5026 496 5064 ιιι
515 5016 595 5079 epist.
612 5007 662 5064 tot
681 5009 714 5063 eie
734 5008 825 5065 Crocto
845 5024 878 5064 cx
930 5026 1010 5067 erasse
1023 5013 1182 5094 perbihetur
1195 5028 1267 5068 auno
1280 5029 1356 5084 regm
1371 5015 1413 5069 sui
1429 5015 1517 5070 tertio.
1544 5015 1582 5071 De
1597 5016 1648 5071 hoe
1662 5032 1721 5071 mo·

85 5091 213 5174 memo
228 5086 328 5190 quun&
415 5151 572 5208 Richhodus
583 5148 726 5221 episeopus
736 5148 880 5207 Trevireu·
929 5081 1214 5210 ιιιιιειιιξῗὶιῗιὲειιωῖἒέ
1228 5084 1721 5213 Ιῗἰοῦιιῧιὸθιΐξιιςοῳίεἰῖῑιῖἔὴιῗιίιιιξῗιιὲἰίιξ

85 5159 429 5355 si,f.(¹i;cqueaffireu3ffa
477 5304 584 5362 quoqne
616 5288 662 5345 sed
678 5288 783 5364 uagum
799 5290 879 5346 snm
967 5194 1138 5346 rhegma
1158 5194 1386 5352 naeffin'erccmnl:
1401 5172 1501 5352 ιέισιῗέῗὶ
1519 5197 1620 5283 rru'ne
1632 5196 1722 5284 oceri

126 5306 333 5372 cumrerum.
377 5309 463 5349 remim
588 5331 595 5355 ,
930 5310 1012 5348 aero
1063 5309 1197 5378 mrsupru
1238 5312 1274 5350 m.
1315 5312 1387 5363 ,cc.
1443 5314 1465 5352 t.

966 5365 979 5516 ἶ
999 5363 1297 5558 f’lzlctre’flwrocsszoesie
1316 5436 1397 5493 etiam
1411 5437 1540 5520 iuscripta
1559 5437 1720 5521 esthieniui

929 5505 1721 5644 titt?siin0r,tiitosti?truittdttntifit

83 5373 218 5430 Atrmuus
231 5369 348 5443 appellat
359 5336 533 5420 heialhertum
546 5362 625 5432 epist.
640 5359 685 5416 ot.

126 5446 135 5484 ¹
151 5445 242 5508 Forte,
255 5440 409 5513 quidquem.

124 5519 137 5554 Β
151 5515 235 5577 Both,
250 5521 362 5566 ornatior.

122 5588 167 5637 ug
243 5628 247 5637 ,
369 5587 422 5631 tus.

126 5673 132 5698 ¹
151 5587 413 5723 Βξὲιῗξιῑειοὲΐὲᾚιιι
428 5647 454 5701 in
470 5659 539 5716 pago
554 5642 644 5697 iiosao
663 5643 696 5697 au
714 5642 812 5700 Rerum
830 5643 877 5701 ttu·
930 5662 979 5699 suo
993 5645 1026 5700 aei
1041 5654 1162 5700 sunctum
1175 5645 1317 5702 hiartinum
1332 5649 1541 5720 rarruineouort
1553 5658 1592 5708 cst
1609 5651 1719 5709 tertium

88 5735 181 5798 rimo,
196 5728 230 5784 ιιιι
244 5719 450 5781 horumuudaut
466 5715 545 5772 iiosoe
560 5713 637 5787 nutris
651 5727 711 5773 sese
724 5713 877 5775 immisero·
929 5717 999 5775 inter·
1013 5713 1071 5788 rim
1085 5725 1208 5789 poemata
1223 5726 1286 5775 tom.
1304 5715 1348 5787 tt,
1360 5734 1412 5793 pag
1433 5719 1497 5778 hei..
