3780 6120
174 220 229 284 785

590 228 621 286 B.
642 230 674 286 F.
694 227 810 288 static
830 230 1217 299 substentamentum
1238 243 1328 303 PARS
1350 246 1391 303 i'l.

1748 247 1810 312 'iia

171 343 232 416 lpse
242 345 305 418 pius
317 346 396 406 nobis
408 347 511 422 placuit
527 347 657 423 [placeat]
677 364 761 422 supm
774 349 866 405 munta
888 346 1003 410 Chri-A
1019 347 1228 425 Muneribusque
1240 355 1312 412 daus
1331 358 1445 420 veniunt
1465 359 1500 413 ati
1512 359 1611 429 portin
1634 364 1744 426 testes,

871 439 964 514 ittet,

206 512 295 584 litque
309 515 368 573 dies
381 525 491 572 nostros
503 522 629 588 protegat
640 522 721 585 atoue
739 522 824 588 repat.

490 628 641 688 ccxxxii.

390 736 401 765 ι
417 724 459 779 Μ
472 723 591 778 οιιοιιιοηι
608 720 744 776 Gerulum.

165 819 293 876 Carmina
308 817 409 874 tliiecto
421 817 505 872 iaciat
517 830 577 871 mea
594 815 685 870 iistuia
700 812 800 882 ilarii,

199 909 348 981 laungero
360 905 446 961 bauto
460 905 584 962 carmine
595 905 695 978 dignus
708 906 771 962 erit.

164 1001 248 1056 Dauid
262 1015 339 1057 amor
352 998 453 1070 populi,
469 997 555 1053 David
570 997 640 1066 laus,
659 999 744 1071 peria
756 1001 864 1073 plebis,

196 1092 286 1162 Atqure
300 1091 384 1146 dectus
398 1090 486 1162 regni,
503 1105 622 1161 spesque
636 1107 738 1147 corona
757 1079 824 1149 suis.

160 1186 198 1241 lte
216 1202 266 1256 per
282 1184 455 1257 Hesper-icas,
471 1199 567 1251 muse,
586 1185 763 1243 concentibus
782 1185 865 1242 urbes

195 1277 351 1333 clamantes
368 1293 375 1331 :
389 1273 475 1331 David
487 1289 596 1346 semper
613 1273 712 1346 ubique
724 1274 805 1332 ralel

158 1368 253 1436 Terra,
268 1366 359 1440 polus
373 1364 484 1438 pelagus
504 1371 635 1421 roronem
651 1365 704 1421 boe
716 1380 785 1423 uoce
798 1379 916 1428 sonora.

193 1461 271 1516 Dicat
284 1468 312 1515 et
322 1459 397 1516 orbis
411 1476 418 1514 :
432 1455 520 1513 honor
532 1456 569 1513 sit
580 1457 624 1514 eui
637 1457 704 1527 vita,
721 1459 806 1516 salus.

156 1551 214 1608 lioc
223 1561 317 1624 optent
325 1550 451 1624 precibus
463 1549 543 1605 simul
553 1551 661 1621 agmina
671 1561 768 1608 saneta
776 1550 911 1624 polorum,

192 1647 248 1702 itoc
262 1647 364 1702 tribuat
374 1645 494 1704 clemens
508 1643 634 1707 constas
645 1646 680 1701 ab
692 1659 757 1702 arce
769 1644 834 1719 poli.

156 1739 191 1795 tlt
202 1741 286 1805 uitat,
303 1747 399 1811 regnet
409 1737 502 1794 multis
512 1737 627 1795 feliciter
640 1738 732 1804 annia,

189 1832 229 1887 nt
245 1830 352 1886 laudem
365 1829 472 1902 popilii,
483 1828 568 1885 bai-iu
581 1829 608 1884 in
621 1828 688 1884 orbe
701 1829 772 1900 pius.

153 1921 306 1978 ’transacto
316 1929 345 1977 οι
357 1920 420 1977 ielix
435 1920 578 1993 prasente
593 1928 715 1991 ternpore
730 1920 793 1975 sitm

187 2011 255 2066 Com
266 2010 378 2067 Cbristo
391 2017 484 2066 teneat
496 2025 582 2081 regna
599 2009 678 2065 beata
698 2008 764 2080 poli.
859 2076 863 2081 ,

150 2109 191 2164 Ad
209 2117 236 2163 tc
247 2122 330 2168 nune.
343 2105 442 2171 Dauid,
455 2105 627 2162 interranea
643 2103 732 2161 listula
744 2118 837 2163 uoces.

185 2205 269 2274 anns,
282 2219 389 2276 precor,
400 2213 431 2259 nt
444 2205 523 2261 solita
535 2201 592 2272 jara
605 2204 709 2275 pictate
723 2207 806 2274 tegas.

149 2297 188 2354 Te
208 2312 269 2354 roca
291 2312 370 2354 mens
390 2297 533 2369 seqnitur,
556 2294 679 2365 seqtutm
697 2308 806 2365 ῳιοοοο
830 2308 941 2349 carmen

808 2382 941 2456 [amotis,

183 2480 327 2544 Decantat,
341 2479 443 2544 tautae,
460 2485 541 2535 nocte
554 2475 653 2546 dieque
666 2473 748 2530 simui
762 2492 770 2528 ι

145 2571 235 2644 Atque
246 2573 289 2645 pie
303 2572 392 2629 Patris
408 2570 516 2626 baetim
528 2583 630 2640 pronus
642 2566 677 2622 ad
692 2581 779 2633 aranu,

181 2663 222 2718 En
232 2663 321 2734 poscit
333 2661 460 2732 lacrymis
472 2665 710 2730 proapeuacuncta
721 2658 788 2713 milri
798 2656 857 2731 {Fe
865 2658 936 2731 tibi}

143 2752 257 2818 Tecum,
274 2761 368 2809 sancte
381 2750 473 2818 Pater,
485 2757 580 2823 pergat
591 2749 732 2806 miseratio
748 2765 867 2821 semper,

178 2843 350 2917 iustitiaeque
359 2843 454 2912 decus
468 2852 497 2898 et
510 2841 620 2914 pietatis
633 2856 720 2897 antor.

141 2940 265 2999 Gaudeat
275 2948 308 2994 ut
318 2937 444 3010 populus,
454 2946 481 2993 tc
489 2936 548 3008 iam
561 2935 699 2999 veniente,
712 2949 761 3004 per
774 2933 873 2997 urbes,

175 3035 261 3093 Totus
272 3032 372 3102 ubique
384 3029 476 3097 aimeri,
489 3045 552 3085 cum
563 3027 675 3085 senibus
681 3026 805 3098 juvenes.

140 3124 198 3182 iloc
209 3123 269 3198 μ’,
286 3122 350 3196 buc]
364 3132 411 3179 tuna
429 3120 572 3195 perveniat
584 3118 693 3175 bonitas
732 3116 931 3279 pater[optiurc

833 3221 928 3276 regui.

176 3307 211 3365 tn
225 3316 270 3363 tua
280 3315 439 3377 permaneat
450 3305 519 3368 latus,
533 3304 622 3358 honor
636 3309 717 3370 atquo
732 3300 824 3355 deors.

138 3397 177 3452 Tu
193 3407 270 3468 pater
280 3413 310 3452 cs
321 3395 424 3466 patrico,
435 3392 557 3461 praeclari
570 3401 599 3446 et
612 3397 706 3460 pastor
723 3389 800 3443 stilis
813 3429 821 3453 ‚

173 3487 212 3543 Te
228 3487 323 3541 timeat
335 3499 446 3554 proetus,
461 3491 490 3537 te
502 3483 563 3552 pius
572 3481 662 3537 orituris
674 3489 757 3536 annet.

137 3580 192 3635 Nec
206 3577 255 3634 tibi
268 3576 402 3647 subripiat
414 3572 593 3643 ouontmdarn
607 3586 690 3642 prata
705 3570 841 3635 uoluntas,

172 3669 223 3738 Qui
239 3682 288 3724 sna
307 3667 376 3724 sorte
394 3664 499 3727 uobtnt,
515 3677 566 3719 uec
578 3671 632 3727 tua,
645 3677 696 3718 nec
707 3662 824 3718 Domini.

135 3763 220 3820 iloma
236 3769 319 3833 caput
336 3759 441 3824 munli,
456 3756 537 3828 primi
549 3770 659 3827 qnoque
680 3755 787 3811 culmen
803 3756 925 3822 imneris,

168 3852 198 3909 in
212 3867 265 3924 qna
278 3864 408 3924 gazarum
419 3862 532 3904 munera
550 3853 648 3903 saneta
659 3844 765 3910 latent;

133 3945 198 4013 Qua
213 3945 294 4000 modo
307 3943 430 4012 disntpto
444 3939 548 4012 plangit
558 3954 609 3994 sua
623 3937 818 4004 visceratione,

166 4038 220 4094 i‘er
231 4046 258 4094 te
268 4045 347 4095 sanet
358 4036 371 4077 l
383 4035 474 4093 saucia
485 4035 607 4091 memlrm
617 4034 691 4098 cito,

133 4129 168 4186 Ut
186 4136 264 4199 pater
277 4125 430 4197 etpopulua
444 4125 575 4181 concordi
591 4139 660 4196 pace
669 4132 818 4196 repentio,

167 4217 203 4274 lit
215 4232 293 4273 ment
306 4233 360 4271 uno
371 4215 426 4281 ilat,
445 4230 513 4284 qnos
530 4215 614 4271 inaltet
625 4229 679 4270 una
693 4213 779 4280 tides,

129 4314 203 4382 Qttos
214 4312 306 4385 genuit
316 4309 435 4374 cbristo,
450 4307 553 4364 cnrtsn
566 4306 710 4363 consessus
724 4322 866 4371 amorem,

164 4405 288 4476 Clauiper
301 4403 429 4458 aetherius
443 4400 540 4455 Petms
557 4400 585 4454 in
599 4401 665 4456 orbe
679 4400 739 4471 pius
757 4419 764 4454 :

129 4494 168 4549 lic
185 4495 292 4550 turbata
307 4493 376 4549 fluat
392 4507 441 4564 per
456 4491 587 4547 mnndum
600 4490 718 4546 ilnmniis
731 4492 803 4546 unia
820 4533 828 4556 ,

165 4585 241 4643 Unde
258 4584 362 4641 solebat
379 4598 448 4654 auria
466 4598 533 4654 pora
546 4597 659 4636 manare
673 4580 758 4652 prius

126 4674 245 4732 Plurima
258 4690 354 4746 nempe
368 4676 416 4730 tibi
426 4683 492 4730 suunt
502 4673 671 4729 eurencmtbr
685 4687 734 4744 per
744 4672 837 4728 orbem

162 4765 184 4822 0
196 4781 253 4833 rex,
265 4781 283 4822 ο
293 4774 393 4829 rector,
405 4781 422 4820 o
435 4765 519 4820 decus
531 4763 661 4820 auctorne
672 4765 678 4818 ι

126 4856 282 4912 Siuuorriaca
294 4855 406 4926 quidem
416 4854 520 4926 pululat
530 4855 599 4911 tunic
610 4854 696 4926 pientia
707 4854 734 4910 in
744 4855 809 4911 orbe
821 4873 828 4919 ;

161 4947 318 5004 liuncribus
329 4947 429 5003 dantur
441 4948 556 5018 anystica
568 4948 640 5004 dona
651 4945 711 5011 licie

124 5036 188 5101 (irum
200 5036 272 5094 Deus
282 5044 401 5093 merrus
417 5037 523 5093 cunctis
535 5037 691 5108 impendere
705 5037 790 5106 gratis

157 5127 291 5195 iusserat,
307 5139 337 5185 ut
348 5129 433 5202 gntus
447 5128 546 5199 accipit
558 5129 617 5200 ipsc
634 5129 722 5185 dator.

122 5219 183 5276 Stat
194 5238 300 5293 quoqne
310 5222 442 5295 judicium
456 5237 545 5278 cuusm
556 5223 606 5279 sub
618 5237 730 5279 mernere
747 5224 839 5279 danus
852 5264 861 5294 ,

157 5314 283 5383 Sportula
296 5313 431 5384 justitiam
451 5315 531 5370 uertit
552 5314 579 5370 in
591 5331 639 5371 ore
655 5316 749 5380 scnis;

153 5422 240 5481 uiloc
259 5442 370 5483 carmen
390 5427 673 5498 bicuiau5,tlutmjaro
694 5429 756 5484 aula
772 5430 865 5488 relicta
884 5431 912 5489 in

120 5495 286 5552 trutinartcrio
300 5511 350 5553 auo
362 5498 478 5555 Turouis
490 5507 659 5566 moraretur,
671 5499 707 5556 ati
719 5498 845 5558 Carolura
859 5503 913 5560 ilo-

120 5577 214 5627 ttrsttn,
233 5565 268 5620 ai
289 5566 401 5625 dissidia
415 5570 526 5693 {initient
547 5571 752 5640 comportanda,
775 5574 912 5630 abitttrunt

402 5656 418 5692 il

121 5631 248 5700 scripsit,
266 5644 348 5704 prtntt
367 5653 400 5692 co
432 5650 511 5695 ectus
526 5641 622 5703 ttoeeu
645 5656 744 5711 nempe
760 5660 833 5700 atauo
848 5645 908 5701 billi.

155 5704 168 5740 ¹¹
183 5702 422 5768 fosterleanum.

1053 444 1136 515 impia
1146 445 1204 518 iam
1222 457 1321 520 purgat
1340 450 1512 520 ebrietasque
1528 466 1628 518 reum;

1013 533 1148 606 Opprimit
1158 545 1186 593 et
1199 539 1314 596 miseros
1327 544 1505 612 quorumdam
1522 558 1594 600 sueva
1605 552 1753 615 potescte.

1047 626 1161 698 impleat
1174 638 1205 683 ut
1216 645 1313 686 sactes
1329 633 1405 689 dices
1416 635 1452 690 ab
1460 649 1513 690 ore
1526 652 1601 693 suos.

1012 716 1124 788 Impune
1138 719 1296 776 discurrunt
1314 721 1445 779 ιοοῑοοιοο
1458 725 1530 781 ium
1547 727 1686 790 latrmues.

1047 808 1154 865 mores
1172 811 1305 866 soclerttm
1320 823 1385 869 sunt
1396 816 1480 870 οιίοιο
1493 819 1570 872 socii.

1009 898 1085 955 Talia
1100 912 1257 972 compescat
1267 911 1322 969 tuo,
1337 920 1397 972 rex,
1409 911 1564 966 venenanda
1580 921 1728 981 potestas:

1044 987 1190 1046 {tectorem
1203 995 1280 1062 regni
1289 1002 1320 1050 te
1331 994 1404 1052 ileos
1417 998 1548 1054 institerit.

1005 1079 1079 1138 Grex
1089 1090 1133 1137 est
1142 1083 1243 1156 quippe
1256 1096 1318 1141 tuus
1328 1089 1453 1159 populius,
1471 1099 1499 1146 tu
1513 1104 1609 1162 pastor
1620 1096 1705 1152 oritis

1040 1178 1154 1247 Nobilis,
1169 1183 1279 1255 egregii,
1295 1200 1410 1257 magnus
1429 1188 1456 1242 in
1476 1192 1542 1246 orbe
1554 1173 1644 1262 poter.
1753 1244 1757 1252 .

1004 1274 1041 1331 tn
1053 1285 1099 1331 tua
1118 1275 1265 1342 nobilitas,
1282 1280 1321 1335 sic
1342 1289 1370 1335 et
1383 1284 1516 1353 sapientia
1537 1288 1644 1342 cunctis

1039 1365 1187 1434 Praccliat,
1202 1369 1300 1434 virtus,
1312 1371 1382 1438 laus,
1395 1373 1482 1430 bonor
1493 1385 1575 1447 atque
1587 1378 1684 1434 decus.

1001 1459 1042 1515 td
1058 1469 1084 1515 tc
1098 1461 1248 1532 respiciunt
1268 1462 1428 1520 iamuionnn
1447 1475 1511 1522 uota
1526 1476 1658 1534 tuorum,

1037 1549 1108 1618 poto
1123 1560 1168 1607 toa
1181 1563 1373 1624 exspectantes
1387 1573 1465 1612 mens
1480 1559 1522 1629 pia
1536 1563 1688 1633 praecipiat.

1000 1639 1060 1711 ipsa
1072 1651 1154 1713 eoptrt
1165 1644 1258 1697 muntii
1272 1654 1379 1714 spectat
1391 1654 1419 1701 te
1438 1647 1523 1703 ilonea
1539 1659 1712 1720 patronum,

1034 1731 1102 1788 Cum
1120 1733 1201 1789 Patre
1219 1743 1246 1789 οι
1258 1737 1365 1807 populo,
1379 1739 1455 1809 pacis
1470 1755 1563 1796 amore
1575 1744 1644 1815 pio·;

998 1827 1071 1895 Quros
1085 1845 1215 1887 revocare
1225 1832 1333 1903 quui-ilem
1349 1837 1458 1892 student
1469 1845 1514 1893 tua
1526 1852 1621 1897 sancta
1635 1842 1762 1903 reluctat

935 1990 942 2003 .
1031 1919 1072 1974 Aul
1083 1909 1158 1991 pacis
1169 1923 1280 1989 coruum,
1294 1940 1343 1995 per
1356 1927 1400 1997 pia
1412 1929 1494 1984 rerba
1506 1928 1553 1986 Dei

997 2011 1077 2082 Eripe
1096 2012 1242 2084 sttlrjcctos.
1257 2024 1283 2072 et
1292 2015 1350 2086 jam
1361 2020 1465 2091 depone
1479 2022 1622 2094 superbos,

1033 2103 1066 2158 l't
1078 2118 1130 2174 pax
1142 2112 1170 2159 et
1180 2106 1268 2176 pietas
1283 2118 1378 2180 regeret
1390 2111 1490 2182 uirique
1504 2128 1592 2171 sacro.

994 2193 1091 2252 Pastor
1099 2200 1275 2268 apostolicus,
1288 2199 1345 2270 jam
1361 2205 1465 2274 primns
1483 2207 1511 2262 in
1527 2210 1593 2264 orbe
1615 2213 1757 2285 snemtlot,

1029 2286 1082 2342 Per
1098 2297 1125 2343 tc
1139 2306 1200 2345 cum
1221 2292 1320 2363 populo
1335 2297 1450 2364 prandent
1467 2299 1528 2369 ipse
1541 2301 1647 2359 Patent

993 2377 1093 2433 iicetor
1109 2390 1136 2435 et
1150 2380 1280 2439 acclesiae
1295 2400 1344 2455 per
1356 2395 1392 2451 tc,
1406 2402 1464 2455 rer,
1479 2391 1530 2448 rite
1546 2404 1680 2465 regotur:

1026 2469 1060 2525 Ει
1071 2479 1098 2526 ιο
1111 2473 1301 2544 magnipotens
1317 2477 1412 2533 dextra
1428 2493 1504 2554 regat
1517 2482 1626 2541 Domini
1639 2529 1648 2552 ,

991 2558 1026 2614 tn
1042 2558 1105 2614 iclix
1119 2561 1207 2627 uiros,
1220 2561 1275 2619 lato
1288 2576 1416 2636 regnator
1434 2569 1461 2624 in
1477 2572 1559 2639 orbe,

1024 2651 1175 2710 proiciens
1190 2655 1275 2712 iacias
1289 2669 1388 2716 cuncta
1409 2660 1465 2718 beo
1482 2666 1594 2736 placita.

987 2742 1106 2814 Angelus
1120 2746 1231 2802 aetlner'in
1243 2749 1357 2805 ueniens
1369 2752 1492 2810 coelestis
1503 2756 1537 2813 ab
1549 2773 1625 2825 aree,

1023 2834 1073 2902 Qui
1087 2842 1176 2891 tecum
1188 2847 1309 2904 maneat,
1327 2851 1408 2897 noete
1418 2843 1515 2915 dieqrre
1533 2848 1625 2917 simol,

986 2919 1119 2994 Prospere
1132 2925 1177 2996 qni
1195 2942 1303 2998 scarrpee
1318 2937 1354 2996 te,
1377 2947 1435 2998 rer,
1454 2934 1571 2993 deducat
1588 2953 1710 3007 erinnem,

1020 3014 1055 3068 Et
1072 3016 1213 3074 redeuntis
1232 3020 1285 3074 iter
1296 3032 1420 3095 protegat
1437 3035 1520 3098 atqcue
1537 3042 1628 3105 regat:

984 3107 1065 3177 230
1081 3108 1116 3165 [lt
1133 3117 1159 3165 te
1171 3113 1302 3183 suscipiat
1314 3116 1445 3174 uictorem
1458 3120 1573 3181 Francia
1586 3129 1732 3199 prudens,

1018 3197 1103 3253 Obtia
1117 3200 1245 3270 palmatis
1259 3212 1288 3258 οι
1300 3208 1427 3262 matribus
1440 3213 1542 3267 teniat.

983 3283 1039 3342 iloo
1054 3288 1156 3343 tribuat
1167 3287 1292 3347 Christus
1306 3296 1399 3351 annuntii
1416 3300 1578 3359 unicissimus
1589 3317 1710 3377 amor,

1018 3378 1053 3434 th
1068 3379 1180 3436 veniens
1192 3383 1296 3450 venias,
1315 3385 1399 3443 ilarii
1416 3399 1515 3458 amate,
1534 3395 1600 3452 cito.

981 3469 1037 3525 lloc
1055 3472 1121 3526 mibi
1134 3477 1324 3545 cunctipotens
1336 3479 1418 3537 derret
1431 3485 1578 3544 elementia
1592 3490 1708 3563 Christi,

1018 3561 1052 3617 lit
1064 3562 1171 3618 uideam
1183 3563 1282 3622 iacienr
1297 3568 1373 3626 laetus
1384 3572 1412 3627 in
1424 3575 1490 3630 orbe
1504 3586 1589 3635 tuam.

978 3652 1000 3708 0
1018 3662 1105 3723 prater,
1119 3671 1136 3712 ο
1151 3666 1255 3728 postor,
1267 3672 1369 3729 rector,
1384 3682 1446 3737 spes
1459 3669 1530 3725 alma
1541 3681 1664 3742 tuorum,

1015 3744 1057 3800 Sit
1071 3747 1118 3802 tibi
1134 3749 1200 3815 uita,
1213 3749 1297 3816 salus,
1313 3753 1349 3809 sit
1366 3756 1426 3812 sine
1440 3758 1503 3824 inne,
1521 3762 1603 3818 talc!

1270 3867 1411 3930 ccxxxii
1431 3876 1480 3933 bis.

1239 3972 1249 4002 ι
1277 3966 1317 4018 ΛΑ
1340 3969 1460 4025 custodem
1485 3972 1508 4026 ⁴¹.

976 4049 1071 4121 Surge,
1090 4068 1150 4108 uoco
1164 4054 1263 4110 domno
1277 4056 1369 4114 dulces
1384 4060 1437 4128 iac,
1457 4061 1557 4132 fistula,
1573 4083 1683 4126 uersus.

975 4139 1060 4196 Dauid
1073 4150 1148 4198 acuat
1160 4158 1266 4210 versus,
1278 4160 1369 4219 surge,
1380 4156 1407 4204 et
1422 4149 1481 4217 iac,
1494 4153 1597 4223 fistula,
1609 4174 1719 4219 versus.

973 4229 1057 4286 bauto
1072 4240 1145 4287 amat
1157 4243 1243 4300 uates,
1256 4244 1380 4292 vatorum
1391 4248 1434 4296 est
1454 4242 1538 4313 gloria
1555 4245 1660 4312 llatiei,

972 4319 1151 4394 Quapropter,
1165 4335 1252 4390 vatos,
1265 4327 1356 4383 carneti
1371 4335 1527 4389 concurrite
1539 4337 1567 4392 in
1581 4354 1678 4408 unttttt,

933 4410 1058 4495 „laquie
1070 4431 1131 4472 uteo
1145 4416 1231 4474 David
1244 4419 1335 4476 dulces
1350 4431 1458 4480 canmte
1471 4443 1608 4486 canaonas.

972 4504 1234 4576 coniurauimus,
1247 4520 1311 4578 etc,
1327 4523 1355 4568 ut
1368 4531 1459 4586 cupra.

970 4598 1061 4655 Dulcis
1075 4615 1152 4655 annor
1164 4600 1248 4658 David
1267 4604 1382 4675 inspirat
1395 4608 1477 4662 corda
1498 4620 1658 4676 cernentum,

969 4692 1101 4748 Cordibus
1117 4695 1143 4748 iu
1154 4696 1255 4751 nostris
1270 4696 1351 4753 iaciat
1365 4714 1442 4755 amor
1457 4701 1540 4770 ipsius
1551 4702 1628 4761 otius.

969 4782 1046 4838 l'atis
1060 4783 1194 4841 bernerus
1208 4797 1283 4842 amat
1296 4789 1392 4855 Dauid,
1404 4790 1458 4856 iac,
1471 4791 1577 4860 osenna,
1591 4812 1702 4856 uersus.

968 4873 1052 4929 bavit
1068 4885 1238 4943 natalicios,
1253 4887 1319 4943 cto,
1336 4891 1364 4935 ut
1379 4898 1470 4953 capro.

967 4964 1067 5036 inclyta
1082 4967 1223 5024 druicisono
1239 4978 1328 5026 taceas
1343 4990 1376 5028 nc
1395 4975 1461 5028 tibia
1476 4976 1592 5045 plectro,

967 5055 1069 5113 Nomen
1085 5058 1112 5113 in
1127 5075 1176 5116 ore
1195 5068 1242 5116 tuo
1262 5073 1371 5119 resonet
1389 5080 1439 5134 per
1451 5068 1574 5124 carmina
1590 5069 1689 5140 ilar-id,

965 5147 1039 5204 lilius
1051 5154 1133 5220 alque
1147 5157 1223 5206 tuum
1236 5153 1337 5223 replent
1349 5154 1461 5212 dilectio
1475 5165 1579 5229 peetus.
1640 5194 1644 5200 -

965 5239 1049 5295 Dauid
1063 5248 1138 5296 amat
1150 5250 1236 5309 rates,
1250 5255 1315 5311 etc,
1334 5256 1362 5301 ut
1380 5265 1470 5319 crepon.

964 5328 1048 5386 liauid
1063 5341 1136 5387 annat
1149 5343 1269 5390 ueterum
1281 5347 1402 5395 sacratos
1415 5356 1527 5398 noscere
1539 5359 1650 5415 acrisius,

999 5440 1145 5498 enormen
1172 5443 1234 5505 boc.
1255 5447 1326 5516 apud
1339 5447 1504 5507 Frolierriuar
1528 5453 1601 5509 buter
1626 5457 1760 5515 bamma

963 5510 1091 5582 positum,
1108 5513 1161 5568 inutc
1172 5517 1367 5575 revocavimus.
1381 5521 1460 5577 Ebur.

997 5580 1075 5637 ditio
1098 5583 1192 5638 titulus
1216 5588 1347 5643 carminis
1362 5600 1406 5645 est
1422 5593 1450 5647 in
1473 5593 1534 5662 ipso
1554 5595 1616 5649 coil.
1643 5612 1709 5659 nun:
1726 5598 1760 5652 ad

963 5659 1052 5775 tlotarn¹
1066 5667 1131 5708 uero
1147 5655 1235 5711 auriam
1252 5669 1314 5713 uota
1338 5675 1387 5715 stra
1408 5677 1457 5732 pro
1475 5664 1548 5720 iliius
1573 5669 1762 5738 prosperitate

962 5740 969 5773 t
981 5737 1040 5792 ungu
1057 5762 1063 5774 .
