3780 6120
112 301 162 357 all

364 263 571 357 mehallel.
589 329 625 340 -
643 301 722 355 nhv.
743 299 941 357 ELlPthlUll
962 300 1052 357 LIBRI
1073 303 1117 360 lV.
1137 332 1172 345 —
1192 305 1300 361 Ertsr.
1322 304 1486 361 l‘ttAEl'lAE.

1692 306 1744 362 ets

50 405 60 416 '
112 415 147 470 lis
174 413 300 473 Ecclesiae
322 412 549 481 conjunctionem,
572 414 595 468 si
617 415 685 478 haec,
707 412 904 483 qualiacunque
917 415 941 474 Α
955 415 1043 470 omnis
1055 416 1154 482 homo;
1175 433 1228 472 nou
1241 425 1269 472 ιιι
1280 418 1429 472 divinitatis
1444 425 1540 471 natura
1552 425 1702 472 verteretur
1717 419 1745 470 13

112 514 186 569 suut,
199 502 477 560 charitatisiraternae
498 505 596 574 scripta
621 504 735 559 fideliter
758 518 904 560 conservo·

112 610 174 648 rum
186 592 269 664 887
285 600 392 647 tuomm
404 593 514 648 auribus
528 594 632 663 aperire
647 593 794 658 desideras,
807 602 834 648 et
845 592 905 647 illos

112 689 139 740 in
152 686 258 741 unitate
271 685 489 755 catholicaepacis
503 688 673 742 confirmare.
690 688 782 742 Dicam
796 687 917 750 iterum,

111 786 139 831 et
152 792 216 832 cunr
230 777 303 831 omui
317 776 468 832 humilitate
483 777 584 845 dicam,
604 779 754 849 saepiusque
766 788 904 848 repetens:

112 867 347 935 Erigilernus,viri
362 866 469 933 1331333,
481 867 514 922 ad
524 870 614 922 tubam
629 870 710 922 tutius
721 867 821 921 mundi.
837 867 907 922 Ecce

112 958 213 1011 clamat
229 971 277 1010 ras
295 957 443 1021 electionis,
467 958 627 1026 praedicatm
647 959 776 1028 gentium,
790 964 907 1012 secreta-

112 1049 171 1103 rius
179 1048 310 1103 coelorum
323 1056 416 1103 contra
431 1064 524 1103 omnes
536 1050 668 1103 novitates
675 1065 781 1113 vocum,
796 1049 904 1104 dicens:

113 1139 168 1194 Sed
178 1139 238 1193 licet
249 1148 294 1191 nat
307 1138 414 1209 angelus
424 1137 456 1192 de
470 1138 533 1192 coelo
547 1139 703 1209 3333331131
719 1141 800 1202 33113,
814 1150 908 1210 proeter

111 1222 515 1302 qauawaapehraarhusaotir,
534 1232 674 1284 anathemo
689 1232 732 1285 311.
760 1231 834 1286 Sicut
844 1247 909 1301 proe·

112 1324 244 1387 dirimas,
266 1332 290 1375 et
311 1337 380 1375 3333
401 1322 495 1374 iterum
508 1322 583 1385 dico;
607 1322 629 1375 31
648 1323 706 1392 quis
719 1322 908 1391 3311333333-

955 506 1167 573 humanitatem;
1192 509 1239 564 sed
1249 510 1323 565 salva
1337 509 1478 582 majestate
1492 508 1593 575 divina,
1608 517 1746 578 assumpta

956 605 998 650 est
1012 598 1176 654 humanitas:
1191 614 1243 654 nou
1255 601 1385 656 diminuta
1400 609 1442 657 est
1455 600 1589 665 divinitas,
1601 603 1648 655 sed
1662 599 1747 655 hono-

956 686 1061 741 rificata
1079 689 1240 752 humanitas,
1264 698 1389 747 manente
1401 692 1567 761 proprietate
1579 690 1745 745 3313333113-

957 790 1053 841 mana,
1078 787 1108 832 ut
1121 779 1192 834 idem
1209 781 1275 847 ipse,
1300 780 1345 849 qui
1365 797 1398 836 ex
1419 780 1474 835 Deo
1486 781 1565 847 Patre
1583 778 1748 835 eternaliter

956 877 1036 922 uatus
1052 876 1101 934 est,
1127 886 1160 924 er
1174 880 1259 925 matre
1271 873 1381 940 l'irgine
1395 873 1578 941 temporaliter
1600 880 1679 927 natus
1704 886 1749 927 es-

957 967 1011 1012 set:
1037 968 1066 1013 ut
1079 960 1114 1015 sit
1130 975 1221 1015 verum
1238 962 1308 1030 quod
1324 970 1415 1015 tantus
1429 962 1598 1032 Evangelista
1610 962 1660 1016 ait:
1684 959 1746 1017 Ver-

958 1049 1017 1102 hrun
1031 1066 1091 1103 euro
1100 1049 1198 1117 1331313
1207 1061 1254 1105 est.
1277 1052 1305 1106 Si
1321 1053 1479 1106 Derrshumu
1491 1051 1576 1107 lachis
1588 1060 1640 1117 est,
1656 1052 1748 1122 utique

959 1138 1039 1193 humo
1058 1139 1129 1196 Deus
1152 1139 1237 1196 lactus
1256 1149 1308 1206 est,
1332 1150 1443 1212 propter
1465 1143 1595 1197 unitatem
1613 1157 1747 1213 persona,

958 1241 988 1287 ut
1001 1233 1037 1286 sit
1050 1248 1082 1286 ex
1096 1234 1170 1288 omui
1182 1243 1258 1306 parte
1278 1235 1380 1290 veritas
1391 1237 1417 1290 in
1431 1235 1539 1291 Christo
1553 1235 1617 1292 lesu
1634 1236 1748 1291 Domino

959 1330 1062 1376 nostro.
1094 1322 1120 1377 Si
1145 1325 1226 1393 igitur
1238 1325 1329 1388 homo,
1344 1326 1388 1394 qui
1411 1335 1564 1395 assumptus
1578 1334 1620 1381 est
1631 1343 1646 1380 a
1658 1327 1748 1381 Verhu

112 1415 234 1468 litaverit
243 1423 339 1483 preter
351 1411 388 1476 id,
400 1412 468 1482 quod
478 1414 624 1484 accepistis,
638 1413 776 1467 caetheum
790 1415 823 1467 rit
836 1412 907 1484 (Gal.
959 1411 1016 1475 llei,
1030 1413 1101 1467 Deus
1113 1424 1154 1468 cst
1168 1416 1375 1483 nuncupativus,
1389 1416 1450 1485 qrria
1462 1416 1513 1470 alin
1526 1428 1622 1472 nutura
1641 1426 1683 1471 est
1697 1418 1747 1471 hu-

113 1521 134 1569 r,
147 1503 176 1569 8,
193 1502 233 1574 9).
260 1502 330 1558 Ecce
343 1512 443 1573 quanta
456 1502 851 1574 ddueiapraedicatorismundi
867 1510 912 1558 est
958 1505 1107 1568 inanitatis,
1129 1505 1180 1561 3113
1204 1506 1367 1572 divinitatis;
1393 1524 1561 1578 consequens
1580 1507 1696 1573 videtur,
1720 1519 1749 1562 ut

113 1599 144 1653 iu
157 1611 205 1652 sua
219 1595 422 1667 praedicatione,
445 1602 547 1650 utnon
570 1596 655 1650 solum
676 1596 830 1651 homiuibus
845 1610 909 1649 333-
959 1594 1040 1659 11333,
1066 1599 1111 1665 qni
1125 1596 1260 1653 hominem
1284 1600 1438 1669 assumpsit,
1461 1601 1542 1654 horno
1561 1601 1597 1654 sit
1611 1615 1747 1669 nuncupa-

113 1686 207 1741 thema
221 1685 329 1750 indixit,
341 1685 364 1739 si
378 1684 662 1756 aliterpraedieasseut,
677 1702 757 1756 qrrarn
772 1689 829 1757 ipse
839 1701 908 1757 prae-
960 1685 1041 1752 tirus,
1070 1696 1099 1742 ct
1127 1703 1180 1743 non
1202 1696 1291 1759 potest
1310 1697 1391 1752 stare,
1415 1691 1487 1760 qarotl
1512 1691 1675 1761 evangelista
1694 1691 1746 1745 ait:

113 1776 263 1841 dicaverat,
275 1776 322 1830 sed
333 1775 546 1846 angelisquorpue
552 1777 694 1832 anathema
705 1777 817 1832 minavit
828 1775 905 1849 [God.
923 1773 950 1832 lt
963 1777 1076 1834 Verium
1090 1797 1152 1835 caro
1166 1782 1265 1852 fuctum
1278 1793 1325 1837 est.
1354 1783 1485 1839 Similiter
1498 1785 1698 1856 intelligendum
1708 1794 1749 1842 est

122 1868 198 1934 Vnt,
212 1870 473 1943 anathematizavit],
501 1870 523 1925 si
537 1871 599 1926 novi
619 1870 720 1941 aliquid
732 1872 910 1927 immisissent
957 1885 1035 1926 versa
1053 1872 1112 1926 vice
1123 1873 1156 1927 de
1163 1873 1322 1943 adoptione:
1345 1875 1368 1930 si
1390 1876 1450 1930 ideo
1473 1877 1517 1931 ille
1529 1877 1619 1944 homo,
1646 1879 1750 1948 33133·

113 1962 143 2016 in
157 1961 350 2031 predicatione
365 1961 517 2031 apostolice
532 1962 714 2018 auctoritatis:
743 1978 824 2033 quarn
839 1978 908 2032 prae-
957 1970 1146 2031 sumpturam,
1168 1964 1311 2033 adoptivus
1332 1965 1533 2033 esthliusllco,
1548 1967 1611 2037 quia
1636 1968 1748 2024 aliana-

114 2058 282 2115 dicationem
302 2053 463 2126 evangelicae
475 2053 603 2108 veritatis
619 2068 673 2107 nou
695 2068 724 2107 se
737 2054 771 2108 ab
788 2053 906 2108 homini·
958 2060 1017 2105 tura
1044 2060 1087 2107 est
1110 2052 1299 2119 humanitatis,
1322 2054 1375 2110 alia
1388 2055 1546 2123 divinitatis,
1567 2057 1688 2126 sequitur
1703 2058 1749 2114 illa

116 2153 180 2218 bus,
202 2151 250 2207 sed
267 2151 300 2204 ah
313 2149 371 2219 ipso
385 2148 499 2202 Domino
509 2156 600 2201 nostro
618 2144 680 2200 lesu
708 2145 817 2201 Christo
840 2144 909 2200 didi·
958 2143 1111 2199 necessaria
1124 2145 1277 2212 conversio,
1305 2153 1336 2201 ut
1350 2146 1431 2211 Deus,
1446 2149 1492 2217 qui
1503 2162 1536 2203 ex
1550 2150 1660 2221 Virgine
1671 2157 1750 2206 uatus

115 2246 187 2300 cisse
207 2251 331 2306 testatur,
351 2240 396 2295 uhi
415 2240 468 2294 ait:
496 2238 587 2308 Neque
602 2238 670 2292 euim
694 2253 741 2307 epo
758 2236 790 2291 ah
805 2235 908 2289 humine
958 2235 1305 2305 est,sitadoptivus1lens,
1328 2247 1356 2293 et
1373 2240 1478 2295 nonsit
1501 2240 1578 2295 beata
1591 2242 1684 2312 llirgo,
1710 2257 1751 2298 sc·

115 2335 206 2404 accepi
221 2331 299 2395 111331,
313 2346 393 2401 neqve
403 2328 494 2392 didici,
508 2327 552 2382 red
578 2343 624 2397 per
649 2326 830 2381 revelationem
843 2323 909 2379 1333
957 2330 1074 2383 cundum
1089 2327 1275 2384 Nestorianam
1286 2330 1462 2401 impietatem,
1476 2347 1539 2387 vera
1554 2332 1676 2389 Genitrix
1690 2335 1753 2397 liei,

116 2423 218 2478 Christi
243 2421 324 2495 (idid.
351 2421 407 2489 li).
436 2419 522 2473 Aliter
545 2419 683 2487 praedicat,
707 2418 752 2487 qui
770 2416 908 2472 Christum
959 2419 1006 2474 scd
1017 2434 1066 2489 per
1080 2421 1233 2491 quamdam,
1259 2423 1283 2477 si
1297 2421 1355 2478 heri
1370 2426 1465 2492 possit,
1481 2425 1651 2495 adoptionem
1664 2435 1752 2482 nrater

115 2513 275 2584 adoptivum
296 2510 419 2566 nominat
430 2508 528 2563 Filium
547 2507 603 2570 Dei,
621 2522 700 2576 quem
715 2507 758 2562 ille
769 2508 908 2576 proprium
959 2508 1016 2563 [lei.
1049 2508 1125 2576 Quod
1140 2526 1222 2580 quarn
1247 2509 1323 2583 [Cod.
1342 2512 1413 2578 Van,
1439 2516 1579 2588 quantum]
1600 2516 1748 2572 uelandum

115 2605 273 2664 33133331
284 2602 440 2659 nominavit.
466 2601 551 2656 Aliter
561 2601 699 2670 praedicat,
714 2600 759 2669 qui
771 2599 909 2654 Christum
959 2600 1005 2664 sit,
1030 2609 1150 2671 olquam
1165 2603 1287 2673 impium,
1312 2612 1340 2658 et
1354 2606 1388 2659 ah
1404 2607 1477 2660 omni
1487 2608 1602 2663 veritate
1621 2607 1748 2671 alienum,

114 2694 520 2764 lesumlleumnunoupativum
533 2692 663 2757 nominat,
676 2706 756 2761 quern
768 2690 812 2744 ille
823 2689 910 2744 ileum
959 2693 1082 2763 quisquis
1092 2694 1136 2763 pie
1148 2695 1180 2750 de
1193 2694 1300 2751 Christo
1319 2697 1415 2763 sentit,
1439 2701 1570 2769 agnoscit.
1602 2699 1657 2756 llas
1683 2717 1748 2759 vero

117 2807 201 2864 super
217 2789 308 2848 omnia
321 2788 491 2845 benedictum
520 2784 678 2841 nominavit.
715 2784 748 2838 Et
766 2782 811 2854 qui
831 2781 910 2843 aliter
960 2784 1094 2840 novitates
1108 2800 1213 2850 vocum,
1229 2787 1379 2844 charissimi
1394 2797 1421 2844 et
1442 2791 1598 2846 clarissime
1611 2792 1750 2863 dignitatis

117 2885 259 2957 praedicat,
282 2882 376 2936 timeat
394 2878 549 2949 apostolicae
560 2876 730 2931 auctoritatis
749 2875 908 2941 anathema;
960 2876 1023 2940 viri,
1049 2877 1159 2933 omnino
1173 2878 1301 2948 abjicite,
1332 2888 1360 2934 et
1383 2890 1563 2940 consentanea
1588 2885 1752 2955 evangelicis

116 2992 174 3033 uon
188 2974 276 3032 solum
287 2971 410 3043 apostoli,
429 2969 573 3026 sedetiam
597 2967 645 3022 Dei
656 2966 767 3029 Christi,
786 2980 865 3034 qrrenr
882 2966 910 3021 in
960 2966 1045 3038 868
1057 2968 1163 3038 paginis
1185 2975 1212 3022 et
1230 2968 1385 3038 apostolicis
1406 2972 1592 3028 traditionibus
1608 2975 1709 3030 credite
1724 2983 1752 3029 et

117 3084 148 3124 se
158 3067 280 3123 locutum
290 3078 351 3120 esse
374 3069 498 3124 testatur,
514 3059 559 3114 uhi
573 3059 626 3112 ait:
654 3057 694 3110 dn
705 3058 910 3128 experimentum
963 3057 1123 3127 praedicam
1144 3059 1324 3130 intelligentes
1336 3060 1388 3114 alia
1404 3062 1513 3117 nomina
1538 3062 1565 3116 in
1579 3062 1752 3122 Christolleo

115 3159 177 3229 ejus
188 3155 320 3227 queritis,
337 3153 383 3225 qui
404 3153 431 3206 ia
450 3167 492 3204 me
516 3149 632 3220 loquitur
654 3146 773 3202 Christus
790 3145 833 3218 (ll
847 3143 909 3200 Cor.
925 3119 948 3182 C
964 3150 1072 3220 propria
1084 3164 1155 3216 esse,
1182 3151 1234 3205 3113
1257 3151 1433 3222 significativa
1454 3173 1460 3208 :
1484 3164 1512 3210 et
1526 3156 1670 3212 discernite
1687 3159 1752 3228 quid

116 3264 178 3311 xtra,
194 3246 238 3320 5)1
254 3244 393 3313 Quomodo
403 3242 531 3312 quislibet
544 3239 687 3295 temeraria
702 3237 914 3308 praesumptione
963 3241 1007 3295 cui
1033 3237 1109 3311 [Cod.
1126 3239 1229 3307 Paris,
1243 3242 1308 3312 quid
1319 3242 1427 3317 cuique]
1448 3245 1485 3300 rei
1498 3246 1650 3302 conrouiat.
1686 3247 1753 3303 Pro-

116 3339 398 3396 Dominumnostrum
422 3332 512 3389 lesum
534 3330 670 3387 Christum
695 3330 848 3401 adoptivum
864 3327 911 3385 Dei

116 3431 218 3487 Filium
227 3430 368 3486 nominare
393 3427 483 3489 audet,
499 3439 578 3493 uitem
590 3430 681 3477 tantus
695 3421 866 3491 praedicator,
881 3428 912 3474 ut

117 3525 249 3588 diximus,
268 3520 407 3592 proprium
420 3519 467 3574 Dei
492 3517 588 3571 Filium
615 3515 773 3581 nominavit,
798 3515 842 3570 uhi
858 3514 910 3570 ait:

119 3616 175 3682 Qui
186 3615 292 3685 proprio
306 3611 375 3666 Filio
399 3627 446 3665 stro
462 3626 514 3664 333
534 3609 645 3679 pepercit
666 3606 751 3679 (1133.
767 3622 827 3672 rin,
841 3607 911 3679 5511

119 3705 170 3761 1131
177 3718 230 3775 qrra
244 3702 356 3758 audacia
367 3702 490 3757 eumdem
505 3698 680 3755 Dominumet
693 3697 777 3752 [leiim
791 3706 912 3751 nostrum

115 3797 182 3866 quis
195 3793 334 3865 presumit
346 3791 485 3847 noruiuare
499 3789 708 3857 nuncupativum
721 3789 816 3850 licum,
830 3803 911 3857 quem

116 3888 194 3943 idem
207 3884 343 3957 apostulus
354 3883 525 3939 benedictum
549 3896 630 3951 snper
651 3881 739 3935 omnia
753 3880 846 3945 heum,
870 3879 910 3933 rel

111 3979 203 4036 etiam
218 3989 343 4047 maguum
354 3974 439 4028 Derim
451 3987 504 4026 non
517 3971 650 4027 dubitavit
663 3970 735 4024 clara
761 3984 827 4024 roco
847 3983 911 4023 cou-

113 4068 196 4125 srtcri
207 4075 234 4123 et
245 4065 399 4122 nominare?
420 4063 464 4118 hit
475 4064 565 4131 itaque
584 4062 616 4116 ad
632 4060 738 4115 Titum:
752 4059 912 4129 Exspectan-

109 4159 281 4217 1331331333
305 4172 377 4226 rpem
408 4163 431 4208 rt
459 4150 701 4221 aduentumploria’
724 4150 811 4219 atuprri
825 4147 873 4202 Dei
887 4158 910 4202 et

113 4248 269 4306 Saloutaria
282 4246 364 4302 nostri
377 4243 441 4299 Jesrt
456 4243 564 4307 Christi,
600 4242 645 4313 qui
661 4241 730 4296 dedit
745 4242 911 4313 sentetipsrnu

107 4357 171 4415 pro
183 4338 264 4406 33113,
277 4349 304 4393 31
316 4355 362 4393 nos
374 4337 508 4392 redimeret
523 4336 555 4390 uh
567 4336 637 4389 ouini
651 4335 789 4405 irriqrritate
800 4334 863 4404 (Tit.
879 4350 909 4399 n,

111 4431 239 4502 1311).
261 4429 385 4501 llaguum
406 4427 593 4497 utiquelleum
608 4440 670 4480 eum
683 4425 841 4491 nominavit,
864 4426 908 4495 qui

107 4531 256 4581 venturus
264 4529 306 4576 est
314 4519 436 4589 judicare
449 4519 525 4573 rivos
539 4526 567 4572 et
580 4527 710 4580 mortuos,
724 4532 777 4572 non
789 4518 909 4573 deuncu-

107 4622 179 4674 lum
191 4613 344 4683 quemdam,
364 4610 471 4683 qualem
485 4625 553 4665 nova
564 4609 741 4679 quorumdam
756 4607 831 4681 tingit
842 4625 910 4681 pre-

107 4702 255 4773 sumptio.
279 4700 382 4771 Siquis
400 4701 504 4757 dubitet
521 4700 554 4755 de
567 4714 620 4767 quo
631 4698 744 4754 dixisset
755 4698 909 4768 Apostolus,

106 4794 357 4869 legatlractatum
369 4791 440 4848 beati
448 4791 721 4863 hieronymi³,quenr
733 4790 759 4843 in
773 4790 912 4846 hanciccil

107 4889 281 4961 Epistulam.

157 4979 193 5035 x.
212 4978 441 5034 Considerandum
468 4985 510 5032 est
521 4975 684 5046 diligentius,
710 4973 836 5028 etomuis
854 4972 912 5044 pic·

110 5072 189 5132 tatis
209 5071 345 5128 intellectu
372 5067 596 5140 percipiendum,
626 5064 697 5135 quod
721 5063 766 5118 ille
783 5061 914 5119 mirahilis

109 5161 288 5232 evangelista
302 5161 356 5215 ait:
389 5158 501 5213 Verium
526 5174 589 5211 raro
616 5156 715 5226 [actum
738 5164 785 5219 est,
814 5156 912 5218 idest,

112 5256 198 5312 Deus
219 5252 297 5306 homo
313 5250 400 5306 lactus
412 5257 463 5305 est.
487 5248 525 5302 113·
545 5248 635 5303 carnis
648 5247 737 5314 ianque
751 5245 857 5299 nomine
871 5251 913 5296 to·

113 5356 183 5402 turn
196 5343 331 5397 hominem
343 5339 509 5411 significans,
536 5347 564 5392 ut
579 5339 605 5392 in
621 5353 653 5392 eo
667 5336 725 5391 loco
743 5336 912 5404 intelligitur:

120 5432 234 5488 Videbit
246 5433 328 5486 331313
341 5446 403 5486 curo
418 5428 533 5483 salutare
549 5428 595 5481 liei
614 5427 688 5497 (Luc.
703 5443 743 5490 nr,
760 5424 798 5496 li),
823 5425 914 5488 idest,

159 5578 173 5606 ¹
191 5564 222 5619 S.
233 5564 305 5619 llier.
319 5566 356 5619 in.
366 5563 403 5619 311
415 5562 501 5618 luerim
515 5561 593 5631 epist.
609 5560 642 5613 ad
657 5559 761 5613 Titum:
781 5577 790 5607 r
804 5558 915 5629 ilagnus

116 5640 197 5694 neus
209 5633 288 5690 lesus
300 5634 425 5690 Christus
433 5631 556 5688 Salvator
566 5631 674 5692 dicitur,
686 5644 739 5683 nou
755 5628 914 5699 primogeni-

118 5698 275 5768 tns'orirnis
292 5712 434 5773 crsaturae,
451 5716 505 5761 nun
516 5699 633 5758 Verbum
648 5699 694 5754 hei
722 5706 749 5753 et
771 5698 911 5769 sapientia,

962 3333 1022 3402 pria
1036 3333 1144 3388 nomina
1157 3341 1219 3388 sunt
1233 3334 1260 3389 in
1273 3334 1390 3400 Christo,
1408 3333 1573 3408 Urtipenitua,
1589 3335 1753 3410 1131333331-

963 3434 1016 3490 133,
1031 3424 1112 3488 Deus,
1127 3424 1175 3480 Dei
1183 3423 1207 3478 F
1208 3425 1281 3491 11133,
1294 3426 1482 3500 3333311131.
1496 3430 1567 3495 vau,
1579 3428 1751 3502 3111331333]

962 3516 1039 3571 lesus
1066 3514 1196 3571 Christus.
1233 3516 1417 3587 significativa
1436 3518 1544 3574 nomina
1567 3529 1753 3591 suntprupter

962 3607 1091 3677 quasdam
1106 3608 1236 3673 actiones,
1248 3623 1308 3677 quae
1317 3609 1526 3680 cumpletaesuut
1539 3612 1565 3665 in
1580 3611 1635 3677 illo,
1650 3611 1699 3677 leo,
1711 3611 1753 3668 lc·

961 3700 1012 3768 pis,
1026 3699 1090 3763 3313,
1101 3698 1208 3764 uitales,
1220 3700 1359 3766 rerntir,el
1371 3700 1434 3756 13113
1442 3701 1567 3772 plurima,
1581 3703 1752 3772 miseratione

962 3790 1139 3845 discernenda
1151 3799 1223 3845 sunt.

997 3879 1041 3933 ΧΙ.
1055 3878 1125 3932 Dicit
1137 3879 1265 3949 praelatus
1276 3880 1437 3937 venerahilis
1449 3881 1523 3935 Felix
1541 3881 1562 3943 b,
1591 3899 1600 3930 r
1619 3880 1752 3950 hispaniae

962 3969 1228 4027 doctoresChristum
1237 3971 1390 4039 adoptivum
1399 3969 1559 4025 solitoscsse
1571 3971 1726 4035 nunriuarc;
1740 3992 1749 4023 1

962 4063 1078 4120 sedilios
1108 4063 1232 4118 doctores
1256 4078 1305 4118 uos
1327 4077 1380 4116 nou
1395 4062 1523 4133 legimus,
1546 4078 1632 4133 neque
1647 4065 1679 4118 ad
1703 4080 1754 4119 uus

962 4155 1176 4226 illommscripta
1191 4164 1387 4224 pervenerunt:
1400 4162 1428 4208 et
1437 4153 1459 4209 si
1468 4154 1594 4220 dixerint,
1609 4153 1677 4210 sorte
1689 4155 1753 4210 sin:-

961 4244 1023 4313 plex
1038 4243 1189 4316 ignorantia
1203 4258 1251 4298 eos
1262 4243 1382 4299 detenuit
1395 4259 1410 4298 3
1422 4259 1551 4300 mucrone
1561 4244 1752 4310 anathematis,

961 4350 1015 4391 non
1028 4333 1389 4404 pertinaxerrorisdeleusio
1399 4334 1751 4404 excommunicationisper·

925 4467 950 4527 0
961 4426 1030 4483 33111
1041 4426 1129 4498 gladio
1141 4425 1218 4499 [Cod.
1234 4426 1305 4494 Vra,
1318 4426 1443 4500 gladiusl.
1457 4426 1754 4497 llajorquoqueaucto·

964 4518 1030 4572 ritas
1043 4518 1185 4572 doctorum
1199 4517 1281 4572 totius
1294 4517 1388 4571 mundi
1404 4517 1483 4571 dehet
1503 4531 1571 4580 usse,
1597 4532 1677 4586 uuam
1688 4532 1754 4588 pau-

964 4623 1057 4664 corum
1070 4609 1097 4663 in
1114 4608 1251 4679 llispania.
1273 4607 1357 4679 igitur
1371 4609 1466 4663 beatus
1480 4608 1607 4673 isidorus,
1625 4610 1668 4663 cni
1685 4610 1752 4665 nihil

964 4701 1092 4770 llispania
1104 4701 1203 4756 clarius
1218 4700 1320 4764 habuit,
1336 4699 1418 4753 inulta
1433 4699 1542 4754 nomina
1560 4700 1634 4770 pouit
1650 4702 1682 4755 do
1697 4702 1752 4756 ileo

964 4791 1072 4847 Christo
1089 4792 1116 4845 in
1131 4789 1317 4861 Etymologiis,
1329 4789 1371 4843 331
1385 4788 1444 4843 aliis
1459 4790 1601 4861 scripturis
1626 4793 1690 4856 suis,
1705 4791 1753 4846 scd

965 4883 991 4936 in
1003 4882 1075 4938 nidlo
1090 4881 1148 4936 loco
1159 4881 1310 4935 invenimus
1320 4895 1380 4934 eum
1396 4880 1550 4950 adoptivum
1562 4882 1751 4951 velnuneupa-

966 4973 1050 5026 tirum
1063 4971 1156 5035 Deum,
1183 4968 1230 5023 Dei
1246 4969 1342 5024 Filium
1359 4969 1496 5025 Christum
1518 4973 1681 5035 nominasse,
1704 4971 1752 5028 scd

966 5075 1072 5132 semper
1082 5059 1241 5115 universalis
1251 5067 1352 5115 sancte
1373 5060 1420 5115 Dei
1433 5060 1560 5115 Ecclesiae
1578 5061 1604 5113 iu
1618 5060 1750 5115 catholica

968 5152 1019 5207 hale
1031 5166 1092 5208 eum
1107 5151 1259 5206 consentire
1273 5151 1433 5206 invenimus.
1499 5205 1503 5213 ,

1002 5243 1058 5300 llll.
1079 5242 1108 5297 si
1121 5250 1210 5298 vestra
1229 5255 1293 5294 vero
1303 5240 1388 5310 pietas
1400 5247 1428 5293 31
1442 5240 1511 5293 hana
1522 5238 1656 5305 voluntas,
1667 5256 1749 5310 quant

969 5337 1074 5392 hahetis
1092 5336 1118 5389 in
1133 5333 1231 5389 Christi
1247 5335 1389 5395 clrarutate,
1417 5333 1486 5385 hanc
1499 5331 1638 5400 epistolam
1664 5333 1751 5402 perlu-

965 5441 1028 5496 gcre
1042 5424 1187 5487 curaverit,
1201 5432 1229 5478 ct
1240 5422 1315 5477 voltis
1327 5422 1458 5490 placuerit
1470 5423 1675 5476 communicatio
1690 5438 1750 5480 san·

964 5560 1011 5615 scd
1023 5560 1101 5615 lesus
1114 5558 1251 5615 Christus:
1280 5573 1339 5628 qum
1354 5557 1481 5614 vocabula
1492 5559 1622 5630 assumpti
1635 5560 1752 5617 hominis

965 5640 1036 5686 Silili.
1055 5651 1062 5681 x

1002 5702 1013 5739 b
1035 5699 1101 5755 lide
1112 5715 1192 5771 supra
1203 5699 1250 5757 111).
1267 5715 1304 5755 vn
1320 5697 1449 5758 adversus
1463 5700 1580 5757 Felicem
1599 5714 1671 5756 rrurn.
1688 5699 1731 5754 15.
