3780 6120
183 351 235 404 5tttl
599 341 630 394 ll.
649 340 680 394 t'.
702 338 813 393 alnttn'l
832 338 896 393 SEU
917 338 1054 396 etcum
1073 335 1212 394 oeeltblt
1230 336 1318 391 etus
1336 333 1377 389 lll.
1750 335 1802 390 too

178 464 206 518 id
219 457 314 512 anima:
330 452 478 509 rationibus
488 452 634 520 rpnlnnam
653 450 745 513 ollleit,
766 449 843 519 quasi
854 466 962 505 earnem
979 463 1000 520 Α
1014 451 1126 521 pientia.
1141 451 1173 507 Et
1187 450 1338 505 uncnonem
1353 448 1460 518 quidem
1473 464 1534 503 rum
1547 466 1561 502 a
1572 448 1680 506 Christo
1692 451 1804 509 bomine

181 542 237 585 sna
258 524 406 578 existentiae
420 521 542 576 habuerit
563 521 682 583 initium;
707 521 744 574 ita
766 520 847 577 etiam
867 534 897 574 se
920 536 965 576 res
1016 521 1119 577 trreritis
1131 520 1187 577 suis
1201 520 1357 589 acquisitam
1369 518 1450 572 scrisse
1460 519 1588 581 dicerent,
1603 519 1733 591 illumque
1744 524 1803 579 sola

181 596 263 652 habet
278 594 305 648 in
320 594 397 648 beata
419 592 544 662 lit-gine:
573 606 636 645 nam
648 590 753 644 elianrsi
768 597 868 644 sanctae
894 588 965 647 illius
1014 591 1100 661 gratia
1114 590 1141 643 in
1161 588 1259 642 Filium
1278 586 1327 642 Dei
1347 587 1502 656 adoptatum
1524 589 1621 643 exinde
1642 594 1803 661 probarent,

182 665 435 725 carnisestmatcr,
460 670 577 716 attanren
599 661 703 720 unitum
718 659 769 715 sibi
792 674 886 713 revera
901 659 964 714 illnd
1016 661 1158 729 respondet
1177 657 1290 728 Cyrinus
1309 657 1462 713 unctionem
1488 656 1557 713 hanc
1574 668 1677 714 natutae
1695 675 1804 717 assum-

181 752 214 793 ex
224 733 368 793 lleolleum
378 731 494 788 l'erbum
507 731 620 805 peperit,
632 745 718 803 negare
731 729 823 799 siquis
834 729 906 783 illam
917 729 964 783 Dei
1014 737 1066 802 pta
1080 745 1132 783 non
1147 743 1178 783 ex
1193 727 1316 789 reiecitis,
1341 735 1387 780 ant
1401 725 1522 797 praelecto
1537 727 1564 783 in
1586 729 1733 788 uirtutibus
1744 733 1805 801 prt-

182 805 339 879 genitricem
356 802 466 863 dixerit,
490 801 616 855 continuo
628 814 738 869 prorsus
751 799 797 853 liei
812 799 899 853 l'orbo
918 814 965 853 no
1015 815 1087 853 mum
1102 797 1253 861 obvenisse,
1273 796 1319 853 sod
1332 796 1418 853 eidem
1437 795 1463 850 ri
1486 797 1569 866 ipsius
1590 798 1699 855 unionis
1717 800 1806 873 bppo-

182 877 292 929 ritatem
306 874 344 927 im
363 872 445 943 ingct,
457 870 720 925 nntsuaeeuistentiat
739 868 843 924 initium
858 883 966 922 acarrre
1014 868 1117 922 staticae
1134 866 1251 921 debitam
1265 866 1358 930 titisse,
1384 866 1409 921 itl
1422 867 1493 934 quod
1504 868 1595 937 negari
1613 868 1683 925 haud
1697 881 1806 943 posset,

182 945 290 1000 duxisse
302 888 419 1002 rediret
437 949 489 994 cte.
509 960 518 992 t
538 940 732 1009 Argumentum
750 939 801 993 hoc
812 937 893 1001 latius
913 937 965 990 ihi·
1014 937 1078 1006 qnin
1089 936 1153 991 nnio
1167 936 1223 991 hec
1236 935 1383 998 tolleretur,
1398 934 1587 1003 Christumque
1600 952 1705 995 merum
1715 940 1807 999 bomi-

181 1014 243 1068 dem
259 1013 345 1067 adhuc
363 1010 470 1066 deducit
484 1009 503 1064 C
515 1009 609 1073 uillas,
634 1015 662 1061 et
676 1008 783 1063 demum
793 1008 874 1063 etiam
887 1006 966 1059 diluit
1015 1020 1076 1060 nem
1091 1006 1354 1085 luissonenneretnr.
1380 1004 1466 1059 l'erlm
1481 1004 1572 1075 Cprilli
1587 1008 1638 1062 etsi
1648 1009 1709 1079 iam
1722 1026 1807 1083 supra

182 1081 351 1136 ratiocinium
367 1079 484 1133 Nestorii
498 1080 634 1134 Christum
658 1078 794 1133 hominem
815 1076 965 1133 naturalem
1016 1075 1067 1147 ἓξ,
1082 1091 1155 1139 nunt.
1169 1075 1195 1138 b,
1211 1076 1297 1131 relata
1309 1075 1352 1129 lnc
1365 1083 1487 1143 repetere
1506 1077 1576 1130 haud
1587 1078 1724 1146 ingratum
1738 1081 1805 1139 erit.

181 1167 241 1205 esse
255 1150 301 1203 llei
315 1150 409 1203 Filium
422 1150 481 1203 idco
494 1149 626 1219 elegantis,
639 1148 709 1216 qnod
724 1148 775 1203 lnm
785 1146 966 1201 admissodnae
1019 1163 1028 1194 ι
1045 1145 1147 1200 Nomen
1159 1146 1211 1200 hoe
1228 1145 1351 1201 Christus
1364 1142 1413 1215 (ait
1424 1145 1450 1199 in
1464 1144 1532 1205 lihro
1545 1147 1579 1201 ad
1593 1146 1713 1219 Reginos
1725 1166 1804 1207 nunt.

182 1219 369 1287 gotterationos
382 1221 408 1273 in
420 1220 536 1275 l'erlnm
550 1219 669 1274 ‹lirnnnn
692 1216 828 1282 caderent,
854 1216 880 1269 id
895 1216 967 1287 quod
1016 1214 1060 1287 lb)
1076 1213 1184 1284 qnidam
1200 1215 1290 1270 nescio
1312 1214 1445 1337 gerornpdo
1460 1214 1506 1268 bei
1522 1214 1610 1271 Patris
1623 1219 1707 1275 aerbo
1719 1222 1806 1277 etiam

183 1300 270 1345 marren
281 1289 390 1343 concedi
405 1302 483 1359 posse
493 1289 563 1342 haud
577 1287 722 1341 existimat.
738 1305 746 1337 ι
759 1284 868 1342 Gaudeo
875 1283 966 1367 (rerba
1016 1300 1137 1340 seorsum
1152 1300 1185 1339 ac
1198 1299 1247 1355 per
1260 1299 1312 1365 se,
1326 1299 1368 1338 roc
1385 1291 1438 1348 est,
1462 1293 1492 1337 ut
1509 1296 1586 1365 extra
1600 1302 1711 1343 carneae
1728 1291 1805 1363 posi·

182 1369 245 1413 snm
267 1358 383 1413 Nestorii
398 1359 457 1411 loco
472 1357 608 1412 citamlol.
629 1358 673 1414 tlt
696 1364 816 1410 restrum
833 1355 967 1426 aspiciens
1016 1362 1073 1409 tum
1098 1362 1187 1409 rnrerttc
1210 1356 1377 1423 coneipitur,
1404 1369 1548 1409 contrentre
1570 1364 1716 1413 asserunt:
1740 1374 1807 1415 mox

182 1429 279 1482 zelum.
303 1428 422 1482 lndidom
433 1427 573 1497 perspicue
583 1419 691 1497 coargui
705 1434 826 1495 possunt,
852 1440 912 1496 qnae
932 1424 967 1485 ab
1016 1439 1080 1479 uero
1095 1424 1121 1478 in
1136 1423 1209 1478 illum
1232 1438 1337 1493 quoque
1351 1422 1474 1502 similiter
1489 1423 1554 1479 illud
1568 1436 1723 1497 competere
1737 1445 1805 1485 con-

182 1497 281 1552 inlelici
296 1497 405 1553 lrornine
427 1506 489 1550 stunt
509 1496 640 1567 llagitiose
660 1496 745 1550 dieta:
767 1512 828 1551 nam
852 1510 966 1564 quornm
1018 1496 1138 1556 tendunt,
1158 1493 1205 1563 qrri
1219 1507 1341 1549 eusaera
1366 1492 1474 1563 l'rrgine
1498 1502 1640 1560 natusest,
1661 1507 1745 1579 prout
1760 1500 1807 1557 hic

182 1569 314 1622 durmsrmt
350 1566 528 1631 operationes,
548 1580 641 1620 eorum
655 1565 708 1619 duo
721 1565 774 1619 sint
797 1563 844 1620 olii
858 1579 968 1619 necesse
1016 1579 1123 1634 ottoque
1139 1577 1188 1633 per
1209 1578 1238 1618 se
1259 1562 1404 1633 separatim
1426 1564 1573 1621 subsistere
1595 1567 1804 1625 renodantur:

181 1646 238 1702 est;
264 1637 311 1691 sed
330 1583 448 1690 dcclesia
461 1651 543 1689 trnrrm
560 1649 574 1687 a
595 1635 682 1689 noscit
706 1634 803 1689 Filium
823 1633 967 1688 Dorrrinum
1015 1642 1152 1702 postremo
1167 1633 1298 1687 ambobus
1310 1630 1388 1687 simul
1411 1633 1521 1702 perinde
1541 1648 1573 1688 ac
1587 1636 1633 1690 ratri
1654 1652 1808 1707 congruere

182 1706 329 1761 Christum.
348 1725 357 1756 ι
378 1706 492 1775 lleponit
505 1650 630 1775 Cyrildns,
654 1713 701 1759 aut
724 1705 790 1762 duas
813 1704 922 1759 omnino
940 1703 967 1757 in
1017 1703 1136 1767 tradunt,
1160 1702 1263 1757 ratione
1280 1702 1407 1759 nimirum
1424 1703 1630 1772 conjunctionis,
1645 1715 1677 1761 ut
1697 1707 1748 1777 ipsi
1767 1707 1807 1763 lo-

182 1776 290 1831 Christo
303 1775 483 1830 admittendas
497 1790 557 1829 esse
579 1774 776 1846 generationes,
797 1782 844 1829 aut
866 1787 967 1845 negan·
982 1800 1004 1859 B
1017 1780 1146 1842 qmmtnr,
1169 1772 1196 1825 in
1210 1787 1290 1826 unam
1308 1771 1368 1825 illos
1381 1785 1525 1853 personant
1543 1774 1709 1845 colligante:
1725 1776 1807 1849 (Nam

180 1846 413 1913 dnmesseipsum
427 1844 620 1899 lncarnationis
643 1843 811 1914 mysterium.
845 1843 885 1896 En
909 1842 967 1910 ejus
1019 1856 1088 1896 rerae
1100 1841 1170 1895 illius
1183 1841 1366 1910 naturalisque
1382 1843 1497 1906 nrrronis,
1523 1843 1628 1899 etiamsi
1643 1860 1727 1907 unaot
1746 1862 1808 1919 my-

180 1915 273 1977 rerba,
286 1914 563 1984 ‹prroetsiprolixiora
577 1914 679 1985 integra
692 1922 780 1970 tanton
789 1913 893 1977 daums,
905 1927 967 1969 cum
1017 1913 1093 1967 sterii
1114 1911 1193 1979 lartius
1207 1911 1277 1965 riam
1291 1911 1410 1981 planam,
1425 1921 1452 1967 et
1463 1914 1497 1969 ab
1514 1915 1587 1969 omni
1610 1930 1706 1972 errore
1718 1924 1807 1973 totam

177 1984 353 2040 eaindemira
367 1992 394 2038 et
403 1992 526 2037 accurata
538 1983 740 2052 argumentandi
750 1984 800 2045 ris,
816 1997 895 2051 quam
907 1997 969 2035 san-
1018 1979 1181 2051 propositam
1196 1980 1322 2045 habeant,
1338 1980 1410 2035 nulla
1423 1982 1492 2051 apud
1503 1981 1561 2037 illos
1576 1983 1692 2041 babetur
1706 1986 1808 2057 ratio;)

181 2062 241 2109 ctus
255 2056 349 2109 doctor
358 2054 500 2107 adversum
523 2053 663 2108 haereticos
681 2052 812 2116 adhibuit,
828 2059 966 2125 apparent.
1018 2058 1046 2104 et
1060 2051 1118 2104 haec
1140 2050 1248 2105 illorum
1263 2049 1388 2105 simulata
1409 2051 1544 2108 consessio
1556 2069 1609 2109 non
1630 2064 1673 2111 est
1686 2056 1808 2123 sincera,

184 2142 194 2177 ι
210 2124 293 2194 lgitur
302 2124 368 2177 duas
379 2138 438 2177 csse
445 2122 639 2193 generationes,
652 2123 761 2177 minime
775 2121 968 2179 admittendum
1018 2120 1065 2200 sed
1081 2119 1132 2173 atri
1146 2120 1242 2174 renent
1263 2120 1471 2193 irnpostnraenpre
1489 2123 1577 2191 plena.
1594 2122 1661 2179 Nam
1683 2140 1748 2181 cunt
1766 2127 1810 2183 di·

180 2194 295 2248 eetrsait.
326 2193 411 2248 [lnam
428 2206 508 2261 porro
522 2192 690 2246 nativitatem
705 2208 720 2253 a
739 2192 815 2247 nobis
830 2204 889 2244 esse
903 2204 968 2245 eon·
1018 2203 1080 2242 rma
1095 2187 1235 2258 Scriptura
1249 2189 1385 2244 Christum
1399 2192 1541 2247 nominans
1558 2194 1648 2249 omnia
1663 2194 1704 2253 illi
1716 2196 1809 2253 diuina

181 2262 308 2317 lltendam
330 2262 436 2325 asserit,
458 2276 492 2315 nc
515 2261 582 2316 duos
603 2261 672 2316 lilios
695 2275 755 2323 csso
776 2260 968 2331 intelligamus,
1019 2258 1177 2329 simpliciter
1188 2258 1299 2323 tribuat,
1315 2258 1405 2331 (Novit
1418 2262 1501 2325 enirn,
1515 2263 1599 2327 norit,
1621 2263 1748 2335 inquam,
1762 2266 1809 2323 illa

179 2348 215 2388 ac
228 2333 252 2388 sl
270 2345 379 2386 necesse
390 2331 434 2395 sit,
460 2331 483 2385 si
494 2332 553 2386 dna
566 2346 675 2400 prorsus
697 2330 885 2402 generationes
904 2330 968 2393 sint,
1018 2325 1066 2384 bei
1081 2329 1190 2383 rcrbnm
1204 2330 1230 2382 in
1245 2329 1361 2383 humana
1374 2328 1460 2385 sortem
1476 2334 1639 2402 apparuisse,
1654 2344 1684 2391 et
1695 2352 1808 2393 caruero

178 2404 249 2459 duos
263 2402 354 2457 itidem
368 2401 436 2456 lilios
451 2399 553 2455 inlerri.
593 2401 707 2461 Pmdeat
731 2416 796 2473 ergo
820 2408 848 2453 et
874 2399 970 2453 doceat
1018 2397 1119 2453 laetum
1133 2397 1203 2468 esse)
1225 2397 1332 2452 illorum
1354 2408 1442 2463 autem
1469 2402 1621 2457 institutum
1646 2414 1675 2461 ot
1697 2421 1809 2479 scopus,

181 2483 270 2529 utram
288 2472 488 2541 generationem
509 2471 585 2525 malit
612 2471 773 2536 admittere,
797 2469 907 2523 idemne
935 2483 969 2522 er
1017 2467 1064 2538 qui
1087 2467 1191 2522 diversa
1211 2468 1245 2523 ab
1267 2466 1310 2522 his
1332 2469 1460 2535 sentiunt,
1486 2471 1523 2526 sit
1540 2474 1705 2543 persuadere
1733 2491 1809 2543 eum,

179 2541 262 2596 Patre
289 2549 351 2596 ante
374 2540 483 2607 saecula,
508 2555 557 2610 per
570 2555 650 2608 qnam
672 2541 789 2594 nondum
812 2540 969 2593 incarnatus
1018 2537 1064 2608 qui
1074 2549 1108 2591 ox
1120 2537 1232 2592 muliere
1245 2545 1323 2592 natus
1336 2545 1388 2605 cst,
1404 2540 1609 2598 hominemessc
1620 2560 1704 2600 unum
1715 2560 1809 2617 quom·

179 2611 320 2667 beuserat
332 2611 458 2671 l‘erhmn,
471 2625 504 2663 an
520 2611 810 2672 rcrohancreccntem,
825 2616 895 2662 etex
910 2623 968 2662 mu·
1036 2606 1099 2672 iam,
1115 2607 1161 2677 qui
1177 2621 1225 2678 per
1238 2606 1415 2673 incrementa,
1431 2618 1461 2665 ut
1473 2610 1538 2678 dixi,
1556 2622 1584 2666 et
1597 2627 1677 2687 perp
1726 2616 1809 2683 riam,

177 2680 265 2736 licre?
299 2679 367 2733 Nam
386 2680 409 2733 si
435 2679 508 2733 illam
530 2679 602 2735 dicct
615 2679 710 2744 solam,
735 2678 806 2733 illam
819 2678 881 2732 dieo
906 2686 968 2733 ante
1017 2622 1143 2757 doceat,
1163 2677 1448 2733 humanamrirtntem
1463 2681 1573 2764 dignum
1595 2700 1625 2739 so
1646 2699 1704 2765 prat
1724 2686 1808 2753 uerit,

181 2749 280 2808 secula
291 2757 318 2804 et
328 2765 361 2804 ex
373 2749 466 2814 Patre;
493 2747 536 2803 ille
555 2750 607 2803 erit
619 2749 712 2817 ntique
734 2747 881 2817 etquidem
895 2746 968 2802 solus
1017 2760 1063 2817 qut
1076 2745 1204 2800 horrorem
1218 2761 1324 2816 quoque
1341 2751 1517 2807 connexioms
1531 2768 1592 2807 eum
1606 2752 1653 2813 Dor
1665 2754 1750 2811 verbo
1765 2770 1809 2813 es·

182 2821 277 2883 Filius,
300 2819 345 2890 qni
359 2833 392 2873 ex
407 2834 440 2873 co
450 2816 595 2875 secundum
610 2827 733 2875 naturam
746 2826 788 2873 est
806 2827 882 2873 ortus
894 2824 969 2871 anto·
1017 2825 1186 2889 sequeretur,
1208 2828 1235 2871 et
1249 2817 1346 2887 insigni
1368 2820 1605 2889 predestinatione
1623 2822 1807 2895 eligeretur.»

176 2905 264 2960 ueram
274 2889 384 2945 cainiot
394 2887 518 2959 sanguini
531 2890 755 2945 communicaret:
769 2896 968 2943 tomercautcm
1018 2885 1095 2940 Tom.
1116 2886 1151 2940 lll
1166 2885 1248 2941 Cone.
1266 2887 1317 2941 col.
1333 2890 1393 2942 otta.
1419 2889 1485 2944 llein
1502 2906 1566 2945 reno
1579 2908 1694 2949 numero
1710 2894 1810 2951 imme·

177 2976 215 3015 ac
228 2959 327 3016 frustra
340 2958 696 3030 mysteriumincarnationis
705 2959 843 3021 asseritur,
857 2966 884 3012 ct
897 2957 969 3011 nullo
1018 2956 1090 3013 diatc
1108 2958 1231 3025 seqarenti
1252 2958 1371 3012 ostendit
1386 2974 1482 3014 trontcn
1496 2960 1595 3016 Christi
1608 2979 1657 3018 seu
1670 2965 1746 3023 urroti
1756 2981 1810 3023 non

182 3030 263 3087 modo
275 3045 304 3084 so
315 3030 401 3098 ipsum
425 3028 583 3093 exinaniuit,
611 3044 698 3098 ncqrre
726 3029 809 3083 subiit
826 3026 897 3082 servi
912 3027 968 3082 lor·
1018 3026 1130 3096 praecise
1144 3026 1243 3090 l'erbo,
1268 3028 1314 3082 sed
1328 3029 1499 3096 burnanilati,
1524 3032 1632 3103 tetrique
1646 3042 1737 3091 maten
1749 3050 1812 3106 pro-

183 3115 265 3163 mam,
282 3100 328 3154 sed
339 3099 380 3154 eie
385 3099 546 3167 permansit,
558 3107 585 3153 et
596 3114 688 3153 reram
699 3098 789 3153 cantis
803 3097 1003 3200 conjunctio·c
1019 3104 1079 3167 pter
1094 3097 1219 3178 unionem
1233 3097 1428 3169 hypostaticam
1443 3101 1595 3157 conuenire.
1614 3122 1623 3153 ι
1639 3102 1746 3161 idcirco
1761 3104 1812 3179 (ita

177 3185 244 3225 nern
259 3171 398 3238 luteosque
410 3167 518 3239 refugit.
547 3168 594 3224 Sin
605 3185 679 3233 vcro,
704 3169 751 3237 qui
761 3168 890 3223 extremis
901 3174 968 3222 tcm-
1019 3166 1252 3238 pergitCynllusl
1282 3183 1379 3222 rronren
1407 3169 1458 3223 hoc
1484 3170 1607 3229 Christus
1632 3173 1682 3229 soli
1701 3189 1812 3246 quoquae

181 3239 293 3309 poribus
306 3254 340 3293 cr
356 3237 469 3293 muliere
483 3247 563 3293 natas
583 3246 633 3300 est,
661 3240 684 3294 is
704 3240 796 3308 utiquo
817 3238 923 3292 dicetur
941 3246 970 3290 ct
1018 3236 1111 3302 terlio,
1126 3237 1197 3304 ‹puod
1211 3250 1244 3289 ex
1260 3237 1315 3292 beo
1331 3237 1411 3290 Patre
1424 3248 1512 3294 ortum
1526 3249 1577 3305 est,
1595 3251 1627 3297 ut
1646 3245 1764 3301 seorsim
1778 3262 1812 3303 ao

182 3307 291 3377 «guidem
303 3307 376 3364 solus
388 3306 472 3361 Filius
495 3315 575 3390 atque
586 3309 668 3362 edam
679 3307 763 3362 solam
786 3306 855 3362 hane
865 3321 898 3360 ex
912 3321 969 3359 mu·
1052 3320 1066 3357 r
1079 3320 1108 3360 se
1122 3304 1268 3361 subsistere
1288 3307 1484 3373 consideratur,
1506 3313 1652 3368 corrvenire
1669 3325 1809 3371 assonant.

182 3378 250 3431 licre
277 3378 459 3433 onerationem
472 3377 657 3431 adnnttemus:
672 3392 736 3446 ergo
749 3376 969 3444 necessarioper·
1034 3373 1073 3429 'os
1095 3385 1184 3429 autem
1201 3375 1236 3429 ita
1251 3376 1351 3430 sentire
1369 3386 1417 3433 atu
1439 3378 1509 3447 lonrri
1529 3397 1698 3452 raequaquam
1714 3384 1812 3441 didici·

182 3393 323 3501 dloltdtno
337 3444 523 3501 exbeol’atro
537 3446 903 3501 llcrbumnesitsecundum
920 3461 969 3499 na-
1018 3459 1102 3525 mus:
1130 3445 1346 3525 qrrandoquidem
1372 3455 1436 3526 tunc
1460 3449 1576 3518 prinnnn
1600 3454 1716 3511 verbum
1746 3452 1811 3511 lesu

178 3524 271 3569 turam
285 3514 378 3570 Filius.
399 3512 452 3569 Sed
465 3515 537 3568 ridet
554 3529 665 3583 prorsus
676 3515 719 3570 vir
731 3515 779 3569 net
799 3514 880 3593 901
897 3529 969 3568 ama·
1018 3512 1118 3568 Chresti
1133 3513 1338 3584 appellationem
1350 3525 1473 3573 sorntnrn
1489 3518 1614 3586 dicimus,
1629 3537 1693 3579 cnm
1705 3521 1809 3581 lactum

180 3583 452 3653 tor,r1narnsinthte
469 3584 969 3654 sententiaeabsnrdae‚etquautopcre
1018 3592 1060 3637 cst
1083 3600 1167 3649 car0;
1196 3584 1327 3653 siqnidem
1350 3586 1385 3641 ob
1407 3587 1438 3641 id·
1451 3588 1573 3647 Christus
1593 3600 1721 3658 recator,
1746 3594 1811 3665 quia

183 3654 217 3709 ad
230 3655 394 3725 impietatem
407 3663 528 3724 vergant.
552 3653 586 3710 llt
596 3668 661 3725 orgo
671 3655 713 3708 ria
722 3655 795 3726 regia
803 3654 967 3724 gradiamur,
1017 3653 1189 3709 exultationis
1202 3655 1271 3718 oleo,
1286 3656 1337 3710 hoe
1350 3664 1401 3721 est,
1414 3656 1515 3727 Spiritu
1526 3670 1620 3715 saneto
1632 3677 1647 3716 a
1660 3662 1717 3717 beo
1728 3663 1811 3729 Patre

182 3725 249 3781 duas
263 3725 376 3781 dicimus
389 3722 472 3779 luisse
484 3723 648 3791 nativitates,
662 3724 802 3779 sedunum
815 3725 969 3793 inutraque
1017 3722 1157 3778 inunctum
1179 3731 1229 3779 est.
1252 3726 1328 3792 Quod
1343 3735 1433 3783 autem
1459 3728 1578 3786 inunctio
1596 3731 1641 3784 illa
1663 3744 1811 3805 assumpto

181 3793 290 3858 Filium,
304 3808 366 3851 cum
376 3793 403 3851 iu
416 3808 496 3850 carne
508 3795 626 3850 nondum
637 3801 718 3860 esset,
731 3793 848 3850 Verbum
858 3808 891 3847 ea
903 3793 965 3858 beo,
1018 3794 1193 3849 humanitatis
1204 3795 1308 3849 ratione
1320 3796 1357 3850 llll
1369 3797 1520 3863 corrueniat,
1536 3800 1562 3854 id
1575 3799 1644 3872 apud
1659 3812 1736 3861 recte
1748 3819 1811 3859 een-

176 3864 306 3927 eumdem
315 3878 380 3921 uero
391 3874 485 3933 postca
494 3865 847 3933 etiamincarnatum,etqui
859 3871 970 3945 pmpter
1019 3863 1114 3917 tientes
1128 3864 1155 3918 in
1169 3865 1344 3932 qaeestiouem
1365 3880 1418 3919 non
1432 3868 1521 3921 venit:
1547 3885 1608 3925 nam
1627 3871 1651 3927 si
1673 3871 1724 3929 bel
1744 3874 1812 3929 ler-

177 3949 232 3989 nos
244 3933 443 4005 generationem
456 3935 600 3989 monadem
614 3935 737 3991 subierit.
766 3933 834 3988 Nam
848 3936 870 3988 si
885 3933 969 3987 dixis·
1017 3932 1081 3986 hum
1094 3933 1224 3998 hensest,
1240 3934 1310 3988 ntdla
1322 3936 1414 4004 utique
1425 3937 1551 3993 unctione
1564 3938 1676 4012 indiget.
1696 3942 1756 4001 Nec
1768 3943 1810 3997 ul·

182 4012 234 4069 set,
252 4006 279 4059 in
290 4002 445 4061 hominibus
458 4013 584 4074 oportere
595 4020 717 4075 prorsus,
736 4005 758 4059 si
776 4006 842 4059 duas
857 4018 968 4074 genera·
1017 4001 1059 4057 lus
1074 4018 1190 4072 nrrqnam
1205 4003 1311 4061 docuit,
1336 4004 1384 4060 bei
1399 4006 1516 4061 l'erhum
1532 4007 1635 4082 Spiritu
1655 4022 1754 4071 saneto
1769 4014 1811 4069 in-

179 4074 270 4139 tiones
282 4075 412 4137 dicamus,
428 4075 495 4130 duos
506 4089 566 4129 esse
582 4076 653 4131 illios
673 4083 748 4130 recte
760 4089 792 4128 ac
805 4089 870 4129 rere
883 4073 967 4127 dixis·
1018 4083 1138 4137 unctum,
1152 4082 1199 4127 aut
1214 4073 1409 4129 sanctincatum
1431 4091 1501 4141 csse,
1524 4081 1602 4148 ‹purtsi
1614 4082 1638 4135 is
1658 4083 1808 4139 secundum

179 4151 237 4196 set:
253 4142 300 4197 sed
315 4143 376 4210 quia
393 4142 492 4199 Christi
506 4146 662 4215 musterium
677 4154 705 4200 et
721 4142 915 4199 incarnationis
925 4159 969 4197 ra·
1017 4151 1141 4196 staturam
1165 4144 1199 4198 ab
1214 4142 1260 4198 illo
1275 4143 1310 4197 sit
1325 4144 1462 4208 diversus,
1483 4150 1607 4217 superior
1618 4157 1647 4205 et
1667 4152 1808 4210 excellen-

181 4212 220 4267 tio
234 4211 313 4267 aliam
323 4211 393 4265 riam
405 4220 487 4274 tenet,
514 4224 542 4267 et
554 4213 580 4267 in
595 4216 676 4269 rebus
690 4215 792 4269 nostris
807 4229 860 4267 non
872 4213 967 4268 eodetn
1017 4213 1080 4265 tior.
1097 4212 1185 4267 dilores
1196 4229 1307 4284 aramque
1320 4216 1375 4268 sine
1388 4214 1442 4268 allo
1458 4219 1692 4277 contradictioneu
1706 4222 1810 4279 meliori

183 4281 263 4335 modo
282 4279 456 4347 conspicitur,
473 4297 523 4336 cur
540 4284 740 4348 cousuetudine,
756 4300 816 4353 que
830 4283 900 4353 apud
919 4298 968 4338 nos
1017 4298 1119 4351 temper
1133 4282 1294 4336 benedicitur
1310 4282 1402 4408 ψιύι.
1419 4300 1466 4349 rn,
1483 4285 1520 4356 7).
1544 4288 1641 4356 Quinc
1674 4292 1807 4351 osaocti·

182 4350 263 4424 riget,
282 4350 411 4419 inspecta,
436 4350 533 4407 deinde
545 4354 664 4406 artimum
681 4353 715 4407 ad
735 4369 779 4407 res
796 4349 968 4407 admirabiles
1019 4350 1108 4407 beatio
1129 4361 1156 4406 et
1177 4353 1298 4408 inunctio
1333 4369 1436 4408 rrrnanae
1457 4366 1560 4412 natura
1582 4360 1658 4414 hunni
1670 4362 1731 4429 itati
1745 4378 1810 4419 oon-

182 4429 209 4475 ct
222 4435 282 4490 quae
307 4419 438 4475 rationem
452 4429 580 4489 superant
593 4422 731 4491 arljieiens,
751 4422 785 4476 ad
806 4421 966 4477 imbecillam
1018 4430 1128 4490 gnumt,
1142 4421 1171 4476 llt
1184 4424 1338 4478 necessario
1350 4432 1380 4491 ut
1394 4422 1442 4477 Dei
1455 4424 1573 4483 l‘erbum
1593 4445 1649 4485 non
1662 4437 1721 4497 torn
1731 4432 1810 4491 Chri-

179 4499 210 4546 et
237 4488 347 4545 stultam
377 4487 563 4547 inlldelitatcm
587 4491 728 4546 marrlsoste
750 4491 870 4544 lahirnrt
896 4492 968 4560 quod
984 4488 1174 4546 bstinomine
1188 4492 1316 4547 donatum
1330 4494 1374 4558 sit,
1394 4510 1454 4548 cum
1469 4497 1615 4553 etiamnum
1629 4500 1809 4569 nudum,lroe

177 4569 272 4615 aretem
294 4558 360 4615 milti
385 4559 414 4613 iu
438 4567 555 4615 mentem
576 4559 651 4617 uenit
672 4559 811 4624 admirari,
830 4560 895 4613 illud
915 4569 965 4623 est,
1018 4569 1068 4625 cst,
1083 4561 1200 4617 nondum
1214 4562 1382 4618 incarnatum
1394 4573 1476 4629 essct,
1489 4567 1535 4622 sod
1547 4570 1732 4639 tenedo-um
1745 4586 1808 4635 cum

177 4645 244 4683 enm
258 4629 329 4683 onim
346 4629 374 4685 in
387 4629 430 4684 his
442 4629 532 4687 uerbis
554 4629 692 4685 consessus
706 4638 793 4694 esset,
818 4628 967 4684 Ecclesiam
1017 4645 1093 4685 more
1107 4640 1201 4686 nostro
1216 4631 1315 4687 lactum
1336 4634 1427 4697 homo,
1447 4637 1594 4691 secundum
1610 4648 1739 4707 naturam
1753 4642 1807 4699 ltu-

177 4713 266 4753 unum
281 4697 379 4753 Filium
392 4713 548 4767 opulescere,
572 4715 605 4754 ac
622 4701 815 4770 subjunxisset,
839 4700 966 4754 nimirum
1017 4715 1124 4755 manam
1149 4701 1288 4756 inunctum
1314 4712 1364 4757 est.
1383 4742 1413 4756 ..
1439 4704 1538 4771 erodsi
1564 4707 1687 4767 absolute
1708 4710 1808 4777 alieubi

176 4769 270 4837 ipsum
296 4768 368 4821 illum
388 4767 528 4827 bominum
541 4769 689 4835 Christum,
716 4785 847 4839 reusquant
874 4779 967 4838 postea
1017 4769 1142 4824 tiltristua
1166 4772 1327 4833 nominatur,
1354 4789 1416 4826 ιιιιιιι
1430 4772 1496 4837 illud
1518 4774 1689 4837 irrearnatuur
1706 4781 1808 4841 intelli-

176 4837 296 4893 .retinuit
318 4852 417 4901 nrturn,
441 4836 488 4893 sed
509 4839 580 4908 ipsas
597 4856 641 4896 ros
662 4840 751 4896 unitas
771 4840 910 4909 distinguit
927 4841 968 4894 in-
1015 4854 1084 4909 gas:
1101 4848 1128 4894 et
1141 4839 1163 4895 si
1178 4842 1289 4896 verbum
1301 4842 1405 4903 audias.
1420 4847 1595 4921 peractajam
1607 4848 1808 4921 incarnatione,

183 4916 225 4961 ter
242 4920 286 4971 so;
306 4921 338 4960 ac
349 4906 460 4963 seorsim
480 4915 621 4977 utramque
642 4911 726 4979 ponit,
751 4926 804 4966 non
820 4909 885 4980 qnid
899 4909 966 4964 l'cr·
1018 4909 1099 4964 nnita
1113 4911 1164 4981 ipsi
1177 4911 1268 4965 carnis
1286 4926 1340 4965 nnn
1357 4913 1534 4969 ohliriscaris.
1557 4915 1643 4974 Porro
1656 4928 1750 4979 autent
1763 4914 1809 4977 ar·

182 4976 246 5031 bum
260 4976 296 5031 sit
308 4974 455 5030 secundum
468 4986 603 5043 naturam,
629 4981 693 5048 qnid
710 4979 775 5034 item
789 4980 966 5060 carodiaqui-
1016 4979 1123 5044 hitrari,
1151 4994 1245 5034 rocem
1270 4981 1351 5045 hanc,
1378 4981 1510 5048 Christus,
1535 4989 1649 5043 seorsim
1675 4990 1753 5057 huie,
1777 4998 1809 5047 et

183 5060 257 5109 rens,
278 5045 326 5101 sed
337 5042 470 5099 hominem
488 5054 516 5099 et
528 5046 622 5112 Deum,
649 5057 775 5120 tauquam
786 5050 854 5113 sola,
866 5058 895 5103 ut
911 5065 969 5119 rpse
1017 5064 1136 5104 seorsum
1150 5065 1243 5104 rursus
1254 5050 1293 5105 illi
1306 5052 1460 5117 cortrenire,
1475 5053 1556 5121 istud,
1568 5056 1690 5129 inquam,
1704 5060 1810 5117 tenore

175 5122 268 5185 putat,
293 5114 447 5183 aeqrralitatc
471 5113 563 5184 gloriae
575 5116 602 5171 in
618 5134 699 5173 unum
722 5120 783 5175 colli
802 5135 870 5174 ens:
896 5120 968 5187 quod
1016 5118 1059 5172 rel
1073 5119 1144 5188 loqui
1159 5120 1269 5174 stultum
1292 5129 1334 5175 est
1347 5122 1467 5186 omnino,
1488 5122 1543 5178 imo
1556 5141 1620 5182 vero
1642 5128 1678 5195 im
1699 5130 1758 5185 ium
1778 5140 1809 5187 et

183 5199 272 5253 rreqne
295 5184 423 5239 credibile
446 5194 489 5239 cst
513 5185 654 5255 curionem,
669 5201 757 5314 netum
780 5135 838 5244 deri
860 5197 965 5258 potest;
1016 5188 1167 5258 profanum.
1193 5190 1268 5245 Unus
1281 5196 1323 5244 est
1342 5191 1414 5246 enim
1434 5191 1563 5248 Marinus
1586 5194 1663 5255 lesus
1693 5198 1810 5257 ‘mane

175 5254 306 5323 tantique
334 5254 455 5325 rinsterii
481 5255 612 5311 rationem
636 5257 670 5315 ad
697 5260 891 5315 asurditatem
918 5259 966 5314 de·
1017 5273 1069 5313 non
1082 5260 1193 5324 diuisus,
1210 5275 1263 5314 non
1276 5260 1419 5325 dissectus,
1444 5270 1497 5319 ete.
1518 5281 1528 5315 ι
1548 5264 1708 5323 Unctionem
1723 5268 1810 5341 igitur

176 5323 286 5377 turbat.
304 5343 314 5377 ι
341 5382 344 5387 ,
1016 5343 1070 5383 ιιοιι
1082 5328 1186 5383 meritis
1200 5330 1317 5385 hominis
1336 5331 1477 5400 assrrmpti,
1501 5333 1548 5388 sed
1561 5334 1610 5404 ipsi
1627 5338 1811 5421 assumptioni

220 5390 264 5445 ll.
279 5391 432 5451 linctionem
452 5392 566 5465 Spiritus
587 5397 671 5451 tancti
689 5393 793 5453 Claritto
816 5398 915 5453 leomini
935 5413 968 5452 ex
1016 5413 1063 5453 seu
1078 5399 1170 5453 unioni
1185 5398 1361 5469 hypostaticae
1379 5401 1565 5458 ascribendam
1575 5406 1743 5466 existimarat
1755 5408 1811 5483 cy-

176 5474 241 5528 aptu
262 5463 358 5517 unione
371 5464 531 5544 hypostatica
550 5465 663 5521 delham
684 5467 775 5537 selme,
797 5485 849 5523 non
869 5468 968 5522 ruerint
1016 5469 1101 5533 tillus,
1117 5469 1233 5538 indeque
1250 5470 1375 5538 probarit
1387 5469 1524 5525 Christum
1536 5474 1628 5543 etiam,
1650 5492 1704 5547 qna
1725 5478 1811 5535 horno

180 5529 438 5653 pentapolitanum
451 5535 572 5589 attendit.
586 5566 622 5578 -
636 5534 694 5590 Non
711 5539 800 5592 rninus
819 5537 903 5593 solide
921 5552 966 5592 re·
1016 5548 1068 5603 est,
1083 5539 1224 5594 dicendum
1238 5539 1393 5594 esselilium
1407 5538 1455 5594 bei
1468 5542 1672 5608 naturalem,ut
1710 5555 1749 5613 to,
1762 5547 1810 5605 cul

176 5595 253 5655 ·ellit
274 5597 393 5669 Cyrillus
414 5612 571 5671 argumenta
592 5604 812 5663 Nestorianornm
830 5606 915 5676 petita
932 5622 966 5662 ex
1015 5621 1049 5661 cx
1065 5609 1121 5678 ipsa
1136 5608 1330 5677 nativitatejus
1350 5610 1384 5665 ad
1402 5611 1588 5675 haereditatem
1600 5613 1689 5673 Patres
1701 5616 1811 5673 omnie-

184 5668 312 5725 nuctione
322 5669 409 5743 sancti
422 5668 539 5739 spiritua
549 5686 566 5729 a
578 5671 687 5729 Christo
700 5685 835 5747 suscepta,
857 5692 891 5730 ex
908 5674 967 5743 ejus
1015 5692 1069 5746 que
1078 5677 1137 5745 ejus
1150 5678 1220 5733 hona
1236 5687 1418 5747 competeret:
1435 5687 1465 5735 ut
1476 5680 1553 5748 proin
1568 5697 1602 5737 er
1614 5686 1747 5743 unctione
1760 5686 1809 5742 illa

172 5736 532 5812 recommemorata
551 5743 705 5805 enoceeslro
726 5745 855 5816 ingratia
869 5752 896 5801 et
920 5760 965 5802 ta·
1017 5748 1126 5819 adoratio
1143 5748 1172 5801 ia
1190 5746 1299 5807 (rnrtsto
1313 5750 1422 5819 probari
1446 5749 1516 5804 baud
1539 5764 1642 5821 posset,
1668 5756 1723 5813 nisi
1745 5759 1810 5828 quis
