3780 6120
93 264 146 320 (Oi
592 264 787 322 blTl'lleCA.
809 296 843 304 -
862 263 996 320 tlt't'tdta
1016 262 1082 317 Pb’ll
1101 261 1235 318 Plautus.
1681 265 1735 322 606

91 380 198 444 ltedite,
213 378 328 433 obsecro
344 393 400 441 vos,
423 377 449 430 iu
469 376 579 431 nomine
593 376 698 433 Domini
718 377 803 431 nostri
821 373 885 430 lesu
902 379 922 437 Α
938 374 1058 447 irrigate.
1086 373 1185 428 Plenus
1208 388 1268 428 sum
1292 374 1456 441 sceleribus,
1478 378 1573 447 plenus
1586 394 1646 433 sum
1660 380 1737 436 vitiis

90 471 210 536 Christi;
227 470 324 535 redite,
337 470 542 540 progredimini,
556 479 584 526 ct
595 472 688 527 oculos
700 486 775 526 meos
786 470 887 539 replete
937 465 1079 519 orrrnibus:
1099 479 1147 519 ras
1161 465 1314 534 iniquitatis
1325 481 1376 537 ego
1391 483 1461 522 sam.
1478 468 1532 524 Per
1543 471 1634 525 omnia
1648 486 1733 526 mem·

92 563 230 636 lacrymis.
255 561 395 618 flovemiui
421 562 510 617 fontes
532 564 728 634 lacrymarum.
752 560 887 631 aspergite
936 556 985 610 bra
1004 571 1064 611 mea
1083 557 1215 611 seclorum
1238 558 1352 629 insignia
1367 571 1560 637 agnoscuntur.
1585 563 1658 619 Nihil
1672 573 1731 633 est,

66 672 71 682 ·
90 671 135 711 me
155 653 277 719 delibus,
298 653 373 710 fluite
395 670 477 724 super
492 653 588 710 facicm
610 670 708 719 meam,
732 654 887 708 humectate
936 648 1007 717 quod
1019 647 1132 717 justitiae
1147 652 1353 718 reservaverim,
1369 661 1456 709 totum
1472 657 1605 725 impietati
1620 673 1664 713 me
1677 669 1731 713 tra·

64 793 71 813 ,
91 745 218 802 maxillas
233 759 318 810 meas,
330 760 414 816 genas
426 760 500 798 uncas
513 744 633 815 irrigate.
651 744 717 797 Oatc
728 742 794 797 mihi
810 741 886 812 plan·
936 741 1003 797 didi.
1022 740 1108 798 Omne
1122 741 1229 808 vitium,
1243 745 1316 814 quod
1331 744 1465 800 destinavi
1481 747 1508 802 io
1523 764 1614 813 carue,
1629 749 1730 819 perfeci

71 825 164 897 'etum
178 837 291 892 anxium
306 844 334 892 et
348 851 482 890 arnamm.
499 835 555 905 Ego
569 835 642 890 enim
657 833 750 889 infelix
763 843 791 889 et
803 834 887 887 miser
936 833 963 889 in
980 849 1071 903 opere.
1096 833 1183 890 Omne
1200 835 1319 900 crimen,
1341 838 1413 908 quod
1430 840 1562 911 cogitavi,
1586 843 1729 912 complevi.

68 986 73 994 ,
88 931 196 989 dendus
208 945 241 986 ac
255 931 436 994 miserandus,
452 928 655 984 infelicissimus
667 929 789 984 omnium
804 935 886 998 atque
935 925 1050 982 Omnem
1064 942 1176 996 pravam
1189 927 1381 998 cogitationem
1394 930 1427 984 ad
1441 931 1560 987 studium
1572 933 1732 1004 perficiendi

89 1023 262 1079 miserrimus
284 1021 434 1078 foeditatem
456 1037 545 1076 meam
567 1022 717 1091 conspicio,
740 1034 885 1089 meumque
935 1018 1044 1072 deduxi.
1071 1017 1139 1072 lliuc
1159 1027 1201 1073 est
1221 1020 1292 1089 quod
1312 1020 1384 1075 iuter
1398 1022 1521 1078 homines
1534 1024 1680 1089 confusus,
1702 1026 1732 1082 iu

89 1121 197 1170 reatum
209 1129 337 1184 agnosco.
354 1113 417 1169 Scio
433 1129 475 1166 me
491 1130 550 1169 esse
565 1121 748 1184 peccatorem,
762 1121 789 1168 et
801 1129 884 1184 quam
934 1111 1032 1166 coelum
1045 1110 1138 1166 oculos
1151 1111 1257 1180 erigere
1271 1128 1325 1167 nou
1337 1112 1426 1168 valeo.
1450 1113 1479 1167 ln
1494 1114 1653 1171 vulmarum
1668 1132 1730 1172 mco

90 1213 178 1282 turpis
191 1225 252 1267 sum
264 1210 353 1265 video.
370 1209 495 1278 iniquum
509 1223 552 1263 me
566 1224 626 1264 esse
640 1207 818 1277 reprehendo,
833 1207 884 1260 im-
935 1202 1108 1272 iguominiam
1120 1209 1208 1272 porto.
1220 1202 1249 1256 ln
1259 1204 1384 1260 omnibus
1393 1205 1498 1260 actibus
1508 1207 1577 1260 meis
1586 1208 1728 1264 erubesco.

88 1305 163 1375 pium
179 1318 223 1358 me
236 1317 297 1359 csse
310 1317 418 1358 accuso.
439 1301 514 1371 Rogo
526 1309 563 1365 te,
578 1301 701 1365 Domine,
716 1308 747 1354 ιιι
759 1301 883 1369 ignoscas
933 1294 1040 1349 Faciem
1067 1310 1155 1349 meam
1180 1296 1354 1350 conscientiae
1382 1296 1461 1366 123
1488 1306 1580 1352 reatus
1607 1297 1728 1353 inclinat.

88 1395 173 1461 mibi;
193 1410 244 1466 ego
258 1408 377 1463 agnosco
391 1393 563 1460 iniquitatem
577 1407 676 1447 meam.
703 1390 774 1445 luter
787 1405 883 1445 omnes
933 1386 1061 1443 Confusio
1070 1389 1161 1458 operis
1173 1389 1227 1444 mei
1240 1399 1304 1443 aute
1314 1389 1408 1444 oculos
1418 1401 1551 1445 versatur.
1568 1392 1655 1446 Corde
1668 1407 1728 1447 meo

87 1491 161 1543 enirn
177 1488 287 1560 gravius
301 1485 412 1549 corrui,
433 1485 505 1538 inter
519 1500 614 1539 ornnes
634 1483 755 1538 deterius
775 1482 881 1548 cecidi,
932 1477 1115 1548 deprehensus
1136 1480 1238 1548 ubique
1259 1478 1430 1534 confundor:
1453 1495 1507 1534 non
1528 1482 1615 1535 audeo
1634 1497 1729 1551 quem·

87 1579 160 1634 inter
174 1593 268 1633 omncs
282 1576 342 1647 plus
353 1584 466 1645 peccato
481 1575 612 1643 subjacui,
622 1574 684 1645 plus
698 1574 806 1630 cacteris
820 1589 882 1629 car·
931 1572 1004 1640 piam
1019 1572 1179 1629 fiducialiter
1190 1574 1300 1628 intueri.
1317 1574 1412 1629 tidem
1425 1576 1497 1630 euim
1510 1576 1626 1644 perdidi,
1642 1576 1729 1646 picta·

86 1671 143 1727 nali
154 1669 325 1725 delectationi
336 1668 476 1724 succubui.
491 1667 609 1723 Cunctos
619 1667 743 1721 carnales
753 1666 881 1736 squalore
933 1671 986 1717 tem
999 1666 1197 1731 contaminavi,
1213 1667 1386 1721 sanctitatem
1402 1667 1498 1738 pollui,
1516 1668 1673 1738 religionem
1689 1670 1730 1724 vi·

84 1762 202 1818 luxurior
218 1759 357 1830 superavi,
380 1760 554 1828 omniumque
572 1758 716 1827 impiorum
730 1756 801 1811 mala
818 1770 879 1810 sce·
896 1734 977 1812 Btiis
987 1758 1106 1827 impiavi.
1117 1759 1213 1814 Divina
1224 1760 1315 1815 omnia
1326 1769 1409 1831 atque
1420 1761 1728 1831 lutmauajuraviolavi.

84 1855 144 1911 lere
165 1869 225 1909 uteo
243 1854 313 1907 rici:
335 1854 371 1906 ita
391 1861 421 1905 ut
442 1847 575 1906 tormenta
597 1859 715 1907 tartarea
734 1852 779 1906 vir
800 1849 880 1905 malis
929 1847 958 1903 lu
971 1863 1052 1904 omne
1066 1847 1107 1906 fas
1121 1850 1252 1922 nefasque
1270 1853 1423 1924 properavi.
1441 1854 1570 1912 lliserere
1588 1856 1652 1921 mei,
1673 1855 1728 1911 Do·

84 1947 157 2002 meis
173 1946 320 2002 sufficiant.
347 1945 405 2000 Non
420 1953 463 2000 cst
478 1945 551 2001 euim
565 1952 707 2015 peccatum
722 1958 804 2013 super
817 1958 881 2013 pec·
930 1941 1014 2008 mine,
1028 1944 1236 2011 misereremei,
1251 1947 1297 2016 qui
1313 1961 1422 2017 regnas.

85 2053 178 2099 catum
192 2058 299 2107 meum,
323 2058 377 2098 uon
399 2048 442 2097 est
463 2041 592 2111 iniquitas
612 2055 694 2118 super
709 2040 880 2109 iniquitatem

85 2149 186 2189 meam.
211 2131 245 2187 Et
260 2148 332 2188 nunc
346 2147 458 2186 summae
476 2131 628 2187 clementiae
649 2131 730 2197 Oeus,
752 2131 879 2200 quoniam

85 2224 183 2280 delicta
197 2239 257 2279 mea
270 2224 376 2292 cognita
393 2222 441 2277 tibi
454 2222 537 2286 facio,
551 2230 580 2276 et
595 2222 622 2277 in
639 2220 775 2291 iustitiam
789 2236 878 2277 meam

86 2329 137 2370 nou
152 2314 306 2379 abscond03
324 2313 540 2369 misericordiam
553 2320 627 2367 tuam
642 2313 879 2384 deprecor,mise·

87 2404 235 2460 ricordiam
250 2412 325 2459 tuam
338 2403 464 2475 imploro.
489 2401 575 2458 'fuam
595 2402 710 2472 imploro
724 2403 878 2460 miseratio·

87 2511 163 2562 uem,
183 2503 257 2550 tuam
272 2509 364 2565 quaeso
379 2494 570 2560 clementiam
593 2493 652 2549 dele
672 2509 732 2549 mea
753 2501 876 2563 peccata,

85 2585 166 2642 ablue
184 2585 308 2641 facinora
323 2600 394 2641 mea.
418 2583 594 2641 Peccatomm
614 2598 737 2639 meorum
757 2583 878 2641 maculas

1024 2077 1153 2134 ORATlO
1174 2079 1298 2137 SANCTl
1316 2082 1456 2138 uetusti
1477 2085 1625 2142 ottcon't.

965 2191 1078 2248 Domine
1104 2193 1176 2249 Deus
1200 2204 1227 2249 et
1251 2194 1378 2252 Salvator
1404 2214 1491 2264 meus,
1518 2215 1658 2269 quarcmc
1683 2201 1728 2258 dc·

929 2281 1080 2353 reliquisti?
1096 2282 1224 2340 lliserere
1239 2285 1302 2350 mei,
1315 2287 1443 2355 quoniam
1461 2297 1489 2343 tu
1502 2304 1532 2344 es
1547 2298 1656 2345 amator
1668 2306 1725 2346 om-

929 2371 1005 2425 nium
1027 2371 1110 2426 solus.
1131 2371 1212 2428 Salva
1227 2390 1271 2429 me
1290 2384 1473 2446 peccatorem,
1495 2379 1623 2449 quoniam
1647 2388 1673 2434 ιιι
1696 2396 1727 2436 cs

928 2463 989 2517 sine
1010 2474 1122 2534 peccato
1136 2466 1220 2519 solus.
1237 2466 1308 2522 Erue
1331 2484 1374 2522 me
1399 2469 1432 2523 de
1445 2483 1523 2524 coeno
1551 2471 1726 2540 iniquitatum

929 2569 1061 2619 meamm,
1087 2564 1184 2612 utnon
1198 2556 1296 2629 infigar
1317 2559 1344 2613 iu
1365 2568 1507 2614 aeternum.
1524 2560 1620 2615 Libera
1636 2578 1679 2616 me
1693 2556 1727 2616 dc

85 2678 198 2743 munda,
211 2676 300 2732 labem
314 2676 460 2732 criminum
475 2690 596 2731 meorum
611 2690 707 2746 purga,
722 2674 817 2730 sordes
831 2674 879 2731 de,
928 2661 976 2702 ore
992 2648 1095 2704 inimici
1112 2650 1164 2705 mei
1178 2670 1184 2704 ι
1198 2665 1261 2706 ecoe
1276 2653 1350 2706 euim
1361 2660 1392 2706 ut
1405 2652 1448 2707 lco
1467 2653 1578 2724 mgiens
1592 2654 1726 2708 deuorare

84 2769 213 2835 nemum
226 2783 346 2824 meorum
361 2767 497 2838 absterge,
511 2767 604 2823 sordes
617 2766 789 2836 iniquitatum
804 2781 878 2821 mea·
928 2753 972 2815 me
991 2740 1074 2809 cupit.
1092 2739 1187 2796 Excita
1206 2742 1357 2812 potentiam
1380 2752 1464 2809 tuam,
1483 2752 1510 2798 et
1533 2744 1605 2808 veni,
1622 2751 1652 2797 ut
1674 2744 1727 2799 sal-

83 2859 249 2916 mmabffle·
272 2858 331 2916 Non
349 2857 457 2914 differas
472 2857 674 2913 mundationem
690 2872 779 2913 meam
793 2856 874 2912 Deus·
928 2844 991 2884 vum
1017 2845 1060 2885 me
1089 2831 1320 2897 facias;corusca
1352 2835 1558 2890 coruscationes
1587 2843 1656 2890 tuas.
1682 2833 1727 2890 Oi·

83 2954 184 3010 mum
207 2968 250 3007 me
273 2952 321 3007 fibi
343 2950 494 3007 sanandum
513 2948 608 3016 offero,
629 2948 741 3019 recipiat
760 2948 876 3004 salutem
928 2936 1024 2993 sparge
1038 2921 1168 2977 virtutem
1182 2923 1295 2989 inimici,
1311 2933 1417 2980 amator
1431 2925 1571 2981 hominum
1586 2927 1725 3000 benignis·
1771 2938 1774 2944 ·

82 3048 175 3105 'im
190 3059 260 3100 mea·
276 3042 316 3098 Da
327 3041 433 3098 vulneri
448 3056 510 3098 meo
524 3040 649 3098 salutem.
666 3039 746 3105 Deus,
762 3039 875 3111 languo,
927 3012 1004 3067 sime.
1029 3011 1111 3079 Oeus,
1137 3012 1233 3083 adjuro
1246 3023 1273 3070 te
1297 3031 1346 3086 per
1370 3018 1562 3075 miserationes
1591 3027 1662 3086 tuas,
1689 3036 1724 3076 ne

81 3138 159 3194 ribus
172 3137 241 3192 meis
255 3136 388 3192 medelam
408 3136 516 3202 tribue,
540 3143 602 3206 post
621 3134 716 3205 plagas
735 3133 877 3189 vulnerum

81 3228 168 3285 redde
179 3228 351 3285 incolumem.
367 3227 529 3284 Vulneratus
540 3243 611 3292 sum,
625 3228 759 3283 medicum
773 3242 876 3298 quatro.

81 3321 240 3394 languidus
250 3336 319 3387 sum,
332 3320 463 3378 medelam
474 3336 566 3393 posco.
583 3320 748 3391 Consumpta
760 3328 802 3376 est
812 3335 878 3376 caro

82 3428 159 3481 mea,
175 3414 315 3470 contabuit
327 3413 433 3484 species
445 3428 515 3469 mea.
540 3411 608 3467 Ossa
620 3426 681 3467 mea
693 3418 876 3479 exaruerunt,

83 3506 205 3562 membra
228 3521 288 3562 mea
310 3508 518 3562 contabuerunt.
544 3505 765 3578 Appropinquavi
780 3519 876 3560 eorru-

82 3599 187 3671 ptioni,
209 3601 305 3655 umbra
328 3600 424 3655 mortis
448 3600 653 3670 comprehendit
667 3614 721 3656 me.
746 3599 877 3655 Tenebrae

82 3699 250 3761 operuerunt
261 3708 315 3756 me,
326 3692 414 3763 caligo
425 3691 524 3747 inferni
538 3690 652 3747 involvit
663 3706 717 3746 me.
735 3689 877 3762 Oppressit

84 3797 128 3838 me
142 3781 315 3838 tenebrarum
328 3783 435 3838 horror.
461 3782 533 3838 Doce
546 3796 591 3837 me
605 3781 696 3838 facere
708 3780 875 3837 voluntatem

85 3884 175 3941 tuam,
189 3874 253 3945 quia
267 3875 338 3929 Oeus
350 3889 426 3930 orcus
444 3887 474 3929 es
492 3882 531 3928 tu.
553 3873 614 3929 Tibi
627 3873 725 3938 honor,
739 3881 767 3928 et
779 3872 874 3944 gloria,

85 3975 111 4022 ct
122 3969 222 4035 virtus,
236 3976 263 4022 et
274 3975 394 4038 potestas
408 3968 435 4022 iu
448 3967 547 4022 saecula
560 3966 732 4022 sacculomm.
748 3964 844 4021 Amen.

265 4079 393 4136 ORATlO
412 4078 535 4135 sautu!
553 4076 688 4135 lSlOOlll.

118 4159 254 4217 Succurre
263 4159 340 4225 milri,
352 4159 423 4214 Deus
433 4173 520 4225 meus,
531 4165 678 4229 antequam
689 4172 763 4215 mors
773 4156 874 4223 veniat,

84 4261 228 4322 autequam
241 4267 314 4307 mors
327 4266 370 4306 me
382 4251 511 4321 perimat,
532 4259 678 4322 antequam
693 4258 813 4306 tartarus
828 4265 874 4305 ra·

83 4346 149 4416 piat,
160 4353 305 4417 antequam
316 4344 424 4400 flamma
436 4346 587 4411 comburat,
600 4353 745 4416 antequam
756 4345 875 4401 wnebrae

890 3080 913 3142 c
929 3120 972 3160 me
987 3120 1049 3161 cum
1061 3106 1146 3163 haedis
1168 3123 1183 3161 a
1199 3108 1320 3164 sinistris
1334 3110 1387 3165 tuis
1400 3119 1516 3177 statuas,
1538 3129 1599 3169 cum
1620 3115 1662 3169 his
1675 3116 1722 3185 qui

928 3206 955 3252 te
977 3196 1218 3253 exacerbaverunt.
1243 3197 1282 3254 lle
1303 3200 1378 3256 dicas
1400 3201 1477 3269 milri,
1501 3201 1598 3258 Nescio
1616 3205 1726 3262 te:sed

927 3289 1015 3344 tribue
1038 3289 1104 3344 milri
1129 3298 1241 3362 propter
1264 3291 1377 3347 multam
1405 3293 1620 3350 misericordiam
1649 3303 1724 3351 tuam

927 3378 1115 3436 indesinenter
1138 3381 1229 3437 cordis
1249 3383 1487 3453 compunctionem
1508 3393 1536 3439 et
1561 3383 1672 3442 fletum:
1696 3393 1725 3442 et

926 3474 1064 3552 sanctifica
1088 3491 1142 3542 me,
1168 3486 1198 3532 ut
1220 3475 1284 3532 fiam
1310 3477 1441 3551 templum
1468 3480 1562 3553 gratim
1584 3489 1647 3547 tuae,
1674 3495 1723 3552 per

928 3573 964 3632 te,
979 3564 1088 3623 Christe
1100 3566 1175 3625 lesu.

1096 3700 1225 3759 ouarto
1237 3702 1306 3760 PRO
1316 3703 1400 3764 Olllrl
1413 3705 1561 3773 POPULO,

1067 3791 1102 3846 tu
1125 3795 1153 3848 iu
1173 3811 1263 3865 repam
1282 3797 1433 3851 continetur
1455 3798 1576 3852 historio.

960 3908 1056 3973 Parce,
1082 3905 1205 3971 Domine,
1231 3922 1313 3977 parce
1336 3907 1435 3978 populo
1457 3915 1513 3974 tuo,
1538 3923 1620 3978 quero
1645 3909 1723 3966 rede·

925 3999 1009 4065 misti,
1030 3999 1149 4064 Christe,
1176 3998 1308 4070 sanguine
1329 4007 1376 4055 tuo
1389 4015 1396 4064 ;
1408 4007 1438 4053 ut
1464 4013 1520 4054 non
1539 3999 1567 4054 iu
1587 4008 1721 4056 aeternum

925 4089 1052 4145 irascaris
1066 4089 1152 4145 uobis.
1169 4088 1363 4161 lleprecamur,
1377 4088 1502 4154 Domine,
1515 4089 1627 4147 inomni
1639 4090 1723 4146 mise·

925 4178 1043 4234 ricordia
1063 4188 1119 4245 tua,
1140 4186 1171 4233 ut
1194 4176 1335 4234 auferatur
1359 4177 1435 4234 furor
1459 4187 1521 4234 tuus
1536 4188 1564 4235 et
1579 4180 1619 4234 ira
1635 4186 1680 4235 tua
1705 4193 1723 4236 a

925 4267 984 4324 loeo
998 4269 1061 4335 isto,
1076 4275 1133 4324 eta
1154 4269 1234 4325 durno
1248 4277 1345 4325 sancta
1368 4277 1424 4337 tua,
1445 4271 1574 4340 quoniam
1596 4270 1724 4342 peccari·

925 4374 995 4415 mus.
1022 4359 1197 4417 Peccavimus
1221 4360 1281 4428 tibi,
1292 4361 1416 4429 Domine,
1431 4371 1460 4419 et
1475 4370 1503 4418 tu
1515 4364 1602 4419 iratus
1616 4377 1647 4418 es
1672 4377 1721 4418 oo·

83 4452 127 4491 me
139 4437 288 4503 involvant,
300 4444 447 4507 antequam
461 4437 520 4492 sine
535 4436 588 4493 fine
602 4436 736 4492 deficiam.
754 4435 872 4492 Subveni
886 4448 976 4515 nbis,
991 4458 1020 4506 er
1039 4465 1094 4506 „011
1110 4461 1162 4518 031,
1178 4454 1225 4524 quq
1238 4452 1350 4526 effugiat
1374 4470 1472 4511 manus
1488 4464 1548 4511 guas
1561 4473 1567 4510 :
1582 4455 1631 4512 seq
1656 4470 1722 4526 sup.

83 4528 149 4582 mihi
164 4527 236 4583 Oeus
248 4543 335 4596 meus,
358 4528 516 4599 priusquam
530 4529 652 4599 gelreuua
666 4528 736 4600 iguis
748 4529 872 4595 devorer,

82 4621 239 4692 priusquam
263 4622 321 4677 sine
343 4622 459 4677 termino
474 4621 590 4677 crucier.
614 4621 661 4677 Vae
683 4621 750 4676 milri
773 4621 874 4676 misero

82 4711 197 4778 frumini,
212 4713 285 4768 omui
299 4713 402 4783 polluto
416 4713 562 4784 contagio!
579 4713 625 4768 Vae
648 4712 715 4767 milri
737 4711 874 4782 peccatori

82 4803 202 4859 omnium
216 4804 352 4875 pessimo!
374 4805 420 4860 vae
434 4805 517 4870 milri,
535 4805 581 4875 qui
594 4804 682 4860 factus
696 4819 755 4859 sum
769 4803 873 4859 sentina

82 4894 203 4951 omnium
217 4894 380 4949 criminum!
400 4893 457 4949 ileu
472 4895 549 4960 mibi,
565 4894 610 4965 qui
624 4893 748 4964 superavi
763 4908 874 4949 omnem

83 4987 296 5057 magnitudinem
311 4989 502 5059 peecatorum!
519 4987 577 5043 fleu
593 4988 668 5054 milri,
684 4988 762 5059 cujus
775 4987 875 5058 iniqui-

81 5085 124 5135 tas
137 5080 259 5134 excrevit
272 5094 380 5134 omnem
395 5080 606 5151 magnitudinem
622 5079 802 5136 delictorum!
821 5079 874 5137 Ob-

81 5182 160 5226 aecro
177 5184 238 5235 vos,
259 5186 354 5227 omnes
376 5171 472 5236 sancti,
499 5172 617 5228 miseriis
632 5172 699 5228 meis
719 5172 872 5240 subvenite,

81 5261 258 5331 perditionem
277 5279 365 5319 meam
379 5264 507 5335 plangite.
534 5264 610 5320 l'letc
632 5280 675 5321 me
696 5267 826 5320 miserum
847 5275 874 5322 ot

80 5354 242 5426 projectum.
259 5357 334 5413 Flete
347 5373 390 5413 me
402 5366 538 5415 mortuum
549 5366 577 5412 et
587 5359 782 5415 abominatum.
799 5358 875 5415 flete

81 5464 135 5514 me,
157 5449 256 5506 colum
271 5458 300 5505 et
321 5458 403 5506 terra.
429 5451 536 5507 Ploratc
549 5467 602 5516 mc,
624 5452 714 5507 omnia
729 5450 872 5507 elementa.

80 5541 230 5612 lngemisce
245 5558 298 5606 me,
313 5558 392 5598 omne
406 5559 492 5615 genus
506 5546 662 5600 lurutanum.
676 5543 780 5600 Sumite
794 5559 875 5614 super

82 5647 124 5686 me
140 5631 303 5695 laurentum,
321 5635 426 5688 vcnimn
448 5651 497 5706 pro
519 5651 563 5690 mo
578 5635 706 5706 lacrymis
719 5636 872 5705 impetrate,

83 5735 109 5779 et
134 5743 228 5799 preces
251 5743 299 5798 pro
325 5744 367 5784 ruo
391 5730 473 5800 impio
496 5729 614 5794 furulitc,
632 5739 733 5786 terram
750 5730 875 5801 lucrymis

924 4540 1066 4611 plicamus,
1095 4552 1126 4599 ut
1153 4545 1246 4601 veniat
1273 4545 1460 4602 misericordia
1481 4553 1528 4601 tua
1550 4561 1633 4618 super
1656 4560 1719 4613 nos,

924 4634 970 4705 qui
988 4633 1092 4691 Ninivae
1110 4637 1265 4708 pepercisti.
1282 4637 1443 4692 invocantes
1466 4635 1611 4693 Dominum
1632 4635 1723 4693 excla-

924 4741 1040 4796 memus,
1059 4738 1090 4784 ut
1102 4730 1231 4800 respiciat
1243 4728 1370 4801 populum
1382 4728 1571 4784 conculcatum
1588 4738 1616 4785 et
1630 4728 1722 4786 dolen·

925 4827 980 4876 tem
994 4829 1138 4894 :protegat
1153 4822 1282 4893 templum
1296 4830 1421 4878 sanctum
1432 4838 1522 4890 suum,
1536 4822 1614 4879 neab
1629 4823 1720 4895 impiis

924 4913 1134 4980 contaminetur,
1162 4913 1210 4969 scd
1232 4913 1398 4969 misereatur
1417 4913 1506 4970 nobis.
1530 4913 1720 4989 Exclamemus

924 5017 1019 5060 omues
1031 5002 1066 5058 ad
1083 5001 1227 5059 murinum
1242 5003 1364 5061 dicentes
1376 5024 1383 5061 :
1395 5004 1572 5061 Peccavimus
1593 5004 1655 5070 tibi,
1669 5002 1721 5059 llo·

924 5093 1007 5158 mine,
1022 5094 1181 5164 patientiam
1201 5093 1272 5151 habe
1287 5097 1314 5151 in
1330 5097 1419 5164 nobis,
1435 5106 1464 5154 et
1482 5112 1549 5154 erue
1564 5112 1613 5152 nos
1632 5112 1648 5151 a
1664 5110 1721 5151 ma·

925 5183 957 5237 lis
981 5184 1052 5249 istis,
1071 5199 1131 5254 quae
1151 5186 1272 5255 quotidie
1292 5197 1452 5244 accrescunt
1479 5204 1561 5259 super
1584 5204 1644 5244 nos.
1673 5187 1720 5244 ui-

926 5275 1012 5340 mitte,
1028 5274 1150 5341 Domine,
1166 5285 1278 5347 peccata
1291 5279 1382 5348 populi
1396 5279 1446 5344 tui,
1462 5279 1611 5334 secundum
1630 5279 1721 5336 mrtltf-

925 5365 1045 5420 tudinem
1077 5365 1270 5422 misericordiae
1299 5376 1360 5434 tuae,
1385 5369 1457 5423 sieut
1482 5369 1614 5439 propitior
1643 5369 1718 5425 fuisti

924 5454 1047 5525 patribus
1069 5455 1179 5510 nostris.
1195 5453 1331 5526 Propitius
1351 5465 1411 5514 esto
1423 5458 1512 5524 uobis,
1535 5467 1563 5514 et
1575 5459 1720 5530 impleatur

925 5545 1007 5615 gloria
1030 5553 1075 5600 tua
1090 5546 1215 5602 universa
1235 5555 1318 5602 terra.
1339 5549 1503 5616 Recordare,
1527 5550 1651 5617 Oomine,
1676 5552 1717 5609 diu

926 5637 1021 5706 augclu
1045 5637 1226 5706 percutienti:
1241 5637 1357 5705 Sufficit,
1377 5640 1485 5695 contine
1501 5656 1611 5696 manum
1632 5651 1717 5707 trram,

926 5738 952 5784 ct
968 5739 1057 5785 ccssct
1073 5728 1299 5802 interfectioque
1314 5741 1453 5803 grassatur
1471 5731 1497 5787 in
1515 5734 1622 5804 pupulo,
1639 5740 1667 5788 ct
1683 5746 1718 5787 ne
