3780 6120
123 232 176 290 815

124 345 275 417 Supposite
287 359 347 414 que
362 353 436 400 stant
450 348 569 402 curratis
580 347 707 411 arcubus,
724 346 797 400 intus

126 441 231 493 lirriirat
243 437 356 508 egregiis
370 436 543 506 laquearibus
557 445 638 506 atque
652 435 787 501 fenestris,

125 533 294 600 Pulcbruquc
305 530 455 600 porticibus
469 527 553 600 fulget
567 527 735 583 circumdata
752 525 852 591 multis,

125 624 241 677 Plurima
256 623 499 677 ‹liversisretincns
511 621 610 676 solaria
625 621 713 686 tectis,

126 712 189 781 Qum
204 713 313 782 triginta
330 720 403 767 tenet
415 712 499 767 variis
510 709 734 766 omatibusaras.

127 804 182 858 lloc
197 803 251 858 duo
262 802 385 872 discipuli
401 801 539 873 templum,
554 801 665 856 doctore
675 798 797 868 jubente,

126 870 339 951 cataclismus
354 892 546 948 nannetense
560 891 701 957 alcuinus,
714 890 793 946 anino

125 984 279 1041 Concordes
291 983 365 1053 operi
377 983 474 1038 devota
489 988 580 1036 mente
592 981 742 1037 studentes.

127 1076 183 1129 lloc
196 1084 285 1128 tamen
299 1074 354 1142 ipse
366 1073 447 1126 Pater
456 1071 529 1127 socio
539 1087 601 1127 cum
615 1069 730 1141 praesule
746 1083 759 1111 ι
774 1070 914 1142 templum,

126 1167 195 1218 Ante
209 1163 368 1218 diedecima
387 1177 468 1231 quam
484 1162 623 1217 clauderet
638 1160 733 1216 ultima
743 1162 805 1217 vitae

126 1256 239 1311 Lumina
255 1255 405 1326 presentis,
418 1254 519 1324 sophiae
531 1262 684 1309 sacraverat
697 1253 776 1310 almae

128 1348 197 1417 Ergo
211 1345 379 1400 ministrator
392 1343 557 1400 clarissimus
570 1344 665 1399 ordine
676 1359 755 1400 sacro

126 1437 227 1493 Prasul
241 1436 396 1507 perlectum
416 1435 521 1491 nieritis
533 1435 682 1505 plenusque
693 1435 810 1500 dierum,

127 1526 248 1581 Tradidit
259 1524 398 1578 Eanbaldo
412 1525 425 1563 0
437 1523 535 1580 dilecto
546 1527 623 1580 laetus
633 1525 743 1581 alumno

127 1616 207 1686 257
226 1615 385 1670 Pontitieale
402 1615 494 1682 decus,
505 1616 614 1672 sibimet
630 1627 735 1672 secreta
749 1616 845 1687 petivit

129 1708 222 1775 Septa,
234 1705 290 1759 beo
303 1703 351 1758 soli
371 1718 424 1773 quo
433 1703 489 1772 iam
500 1706 604 1760 servire
616 1713 736 1760 vacaret.

128 1794 250 1849 Tralidit
262 1801 304 1849 ast
318 1793 371 1848 alio
388 1805 399 1831 ⁰
414 1794 513 1849 charas
525 1797 705 1865 superomnia
721 1810 801 1866 gazas

127 1885 270 1941 Librorum
283 1893 355 1950 nato,
377 1883 448 1953 patri
462 1884 508 1954 qui
524 1899 631 1956 semper
642 1887 765 1952 adhaesit,

127 1977 261 2031 Doctrinae
275 1976 369 2030 sitiens
386 1974 498 2030 haurire
509 1973 609 2031 liuenta
623 1985 716 2031 suetus
731 1995 736 2029 :

127 2067 209 2138 Cujus
221 2069 244 2125 si
258 2067 485 2138 curasproprium
503 2081 666 2140 cognoscere
679 2082 775 2122 nomen

127 2162 227 2220 Fronte
241 2176 289 2218 sua
305 2160 397 2215 statim
411 2159 554 2230 praesentia
570 2160 689 2215 carmina
707 2158 822 2230 prodent
837 2157 862 2214 0.

127 2253 175 2309 llis
188 2253 277 2308 divisit
288 2266 354 2320 opes
364 2250 480 2306 diversis
492 2249 626 2315 sortibus;
642 2249 681 2304 illi

126 2344 253 2402 Ecclesiae
268 2343 399 2414 regimen,
416 2341 568 2406 thesauros,
583 2355 657 2405 rura,
669 2341 772 2395 talenta
790 2360 796 2394 ε

127 2435 194 2490 lluic
204 2435 305 2505 sophiae
311 2432 760 2503 specimen,studiumsedemque,
769 2432 914 2501 librosque.

127 2525 251 2593 Undique
264 2538 332 2592 quos
343 2523 434 2578 clarus
448 2522 592 2593 collegerat
608 2529 670 2575 ante
683 2520 827 2591 magister,

127 2619 254 2688 Egregios
272 2616 392 2671 colidens
405 2630 458 2669 uuo
472 2614 522 2669 sub
537 2611 654 2667 culmine
669 2626 760 2681 gazas.

125 2709 182 2762 lllic
197 2709 316 2762 inuenies
326 2716 448 2760 veterum
461 2704 572 2776 vestigia
583 2702 705 2770 Patrum,

127 2797 263 2868 Quidquid
277 2797 358 2851 habet
370 2811 418 2865 pro
431 2812 460 2851 se
473 2795 550 2850 Latio
564 2795 702 2849 Romanus
719 2794 745 2848 in
762 2794 827 2848 orbe

127 2889 232 2944 Graecia
250 2887 292 2942 vel
308 2886 435 2956 quidquid
449 2885 600 2940 transmisit
611 2884 684 2939 clara
699 2883 803 2939 Latinis
819 2903 826 2938 :

127 2980 276 3034 llcbraieus
287 2976 328 3032 rel
342 2978 413 3047 quod
427 2977 541 3048 populus
551 2976 619 3030 bibit
635 2976 721 3032 imbre
736 2991 861 3046 superno,

126 3070 216 3124 dirira
229 3068 336 3147 lucibpo
350 3068 392 3124 vel
407 3067 537 3138 quidquid
548 3067 649 3122 lumine
660 3067 768 3136 sparsit.

545 234 575 288 n.
594 235 625 288 s.
646 231 760 287 sunau
780 232 845 287 seu
868 232 1007 287 000οι
1025 214 1166 288 000000
1186 232 1275 290 runs
1292 231 1335 289 u.
1705 231 1752 289 00

930 348 954 407 Α
968 344 1042 400 Artis
1053 345 1237 416 grammatice
1252 345 1293 400 rel
1310 344 1374 414 quid
1392 343 1524 412 scripsere
1540 343 1684 415 magistri;

965 437 1034 505 Quid
1045 437 1149 493 Probus
1162 447 1243 506 atque
1260 437 1357 502 Focas,
1370 437 1499 501 Donatus,
1513 436 1721 500 Priscianusre,

966 528 1086 595 Servius,
1104 529 1237 594 Eutieius,
1255 527 1407 597 Pompeius,
1421 527 1634 582 comunimus.

965 618 1087 676 Invenies
1098 620 1165 674 alios
1175 619 1326 690 perplures,
1340 619 1435 703 lector,
1448 620 1546 675 ibidem

965 710 1093 780 Egregios
1109 710 1216 776 studiis,
1232 718 1290 765 arte
1303 718 1330 765 et
1342 726 1465 766 sermone
1478 710 1633 782 magistros,

965 797 1084 853 Plurima
1101 799 1146 869 qui
1165 798 1237 854 claro
1251 799 1382 869 scripsere
1394 797 1527 854 volumina
1542 814 1624 856 sensu
1644 815 1653 854 ε

965 890 1078 945 Nomina
1089 891 1136 947 sed
1154 906 1267 961 mmmm
1281 891 1406 961 praesenti
1425 890 1452 944 in
1465 890 1587 946 carmine
1600 891 1688 946 scribi

965 981 1084 1050 Longius
1098 991 1140 1037 est
1152 981 1240 1037 risum
1262 997 1343 1052 quam
1356 981 1451 1052 plectri
1469 980 1587 1051 postulet
1600 997 1680 1036 usus.

1001 1070 1048 1127 llis
1063 1071 1100 1124 ita
1114 1071 1251 1142 dispositis
1264 1071 1402 1141 complens
1414 1086 1462 1125 sua
1475 1076 1598 1140 tempora
1615 1086 1738 1128 summus

965 1162 1097 1228 Antistes,
1107 1170 1181 1218 totus
1196 1163 1300 1218 meritis
1313 1171 1434 1218 maturus
1445 1170 1473 1217 et
1486 1163 1575 1229 annis,

964 1252 1030 1307 Post
1043 1268 1127 1307 annos
1145 1253 1233 1317 binos,
1246 1268 1352 1309 menses
1366 1252 1447 1308 simul
1462 1262 1543 1323 atque
1568 1261 1636 1323 quot
1658 1269 1754 1326 aurius,

966 1343 1005 1398 Ex
1020 1358 1074 1412 quo
1087 1350 1162 1413 septa
1173 1359 1250 1399 sacer
1260 1344 1358 1415 prsesul
1371 1351 1476 1400 secreta
1495 1346 1605 1415 petivit3

967 1435 1110 1506 Discipulis
1123 1449 1215 1491 coram
1229 1444 1330 1505 pastor,
1343 1437 1510 1507 patriarcha,
1523 1438 1669 1508 magister,

967 1524 1077 1579 Transit
1091 1525 1124 1579 ad
1139 1525 1286 1580 aetheream
1298 1524 1375 1581 laetus
1388 1525 1505 1583 feliciter
1520 1529 1622 1584 aulam.

968 1615 1043 1671 llaue
1060 1623 1151 1671 tamen
1165 1616 1235 1671 banc
1250 1615 1331 1673 citius
1346 1617 1483 1690 lugubris,
1496 1634 1556 1675 mea
1572 1619 1680 1689 fistula,
1697 1639 1751 1693 par-

1684 1711 1766 1785 [terat-

966 1793 1076 1859 besere,
1092 1809 1126 1850 ne
1137 1809 1231 1866 pereas
1246 1796 1426 1868 lacrymarum
1442 1801 1545 1873 gurgite
1560 1817 1671 1872 mersa,

967 1881 1035 1938 bon
1047 1899 1177 1954 properas
1190 1892 1297 1954 portum
1312 1887 1381 1943 velis
1391 1889 1530 1960 bucusque
1549 1893 1689 1960 secundis,

966 1970 1035 2040 Quid
1051 1988 1202 2029 memorare
1216 1977 1309 2032 studes
1322 1978 1400 2034 nobis
1412 1980 1585 2036 moestissima
1599 1982 1673 2040 fata?

966 2060 1033 2115 Cum
1047 2061 1137 2117 subito
1151 2071 1214 2119 ante
1228 2065 1320 2122 oeulos
1332 2068 1437 2123 cunctis
1450 2083 1524 2125 mors
1543 2071 1636 2129 invida
1652 2085 1755 2135 nostros

965 2148 1080 2205 Lumina
1092 2167 1220 2222 supremo
1230 2154 1329 2221 clausit
1339 2159 1493 2215 veneranda
1507 2158 1607 2232 sopore

966 2241 1105 2299 Pontificis
1124 2246 1231 2313 summi,
1248 2248 1334 2302 nostri
1354 2250 1441 2320 patris
1454 2259 1536 2323 atque
1548 2258 1686 2329 magistri.

966 2330 1090 2388 Ouobisl
1107 2350 1123 2389 o
1136 2334 1212 2404 nigra
1226 2336 1297 2392 (besl
1314 2352 1331 2393 o
1344 2339 1415 2394 clara
1429 2343 1477 2399 sed
1489 2344 1542 2400 illi!

967 2421 1021 2477 Nos
1034 2423 1092 2478 sine
1101 2432 1180 2494 patre
1197 2425 1253 2480 dies
1269 2428 1404 2498 orphanos
1419 2430 1464 2488 ille
1478 2434 1598 2505 reliquit,

966 2513 1098 2582 Fletibus,
1112 2516 1208 2571 exsilio
1219 2517 1341 2589 duroque
1353 2518 1444 2576 labore
1458 2535 1598 2594 gravatos.

967 2607 1092 2663 Reddidit
1104 2616 1146 2662 ast
1160 2608 1234 2664 illuni
1247 2611 1342 2679 patriae
1352 2611 1480 2683 Patrique
1502 2632 1633 2688 supemo,
1702 2639 1706 2659 ¹

967 2694 1095 2761 Fletibus,
1110 2697 1205 2751 exsilio
1224 2699 1345 2772 duroque
1362 2701 1454 2759 labore
1473 2704 1603 2761 solutum.

966 2785 1024 2840 lam
1041 2785 1083 2840 cui
1099 2785 1222 2844 Christus
1235 2803 1327 2857 amor,
1339 2801 1437 2862 polus,
1457 2794 1550 2864 cibus,
1565 2799 1658 2855 omnia
1680 2799 1757 2858 Chri·

1663 2892 1756 2966 [.stus;

969 2967 1040 3034 l'ita,
1056 2969 1133 3038 fides,
1145 2986 1251 3041 sensus,
1263 2990 1335 3046 spes,
1351 2975 1407 3044 lux,
1422 2979 1474 3046 via,
1495 2980 1594 3052 gloria,
1607 2983 1706 3041 virtus.

949 3074 953 3092 ¹
969 3058 1018 3127 Qui
1033 3062 1137 3118 decimo
1153 3072 1180 3119 et
1196 3074 1292 3137 quarto
1307 3070 1407 3125 summi
1425 3071 1552 3129 dormivit
1571 3075 1600 3131 in
1614 3091 1689 3134 anno

126 3160 202 3228 Quod
222 3161 303 3216 Pater
314 3160 507 3246 llieronymus,
518 3158 590 3228 qnod
601 3159 685 3215 sensit
698 3158 823 3225 Hilarius,
835 3167 916 3228 atque
967 3151 1075 3208 00010ἱο
1090 3156 1205 3225 accepti,
1216 3166 1312 3215 000010
1327 3161 1377 3216 000
1389 3161 1445 3219 0010
1458 3163 1621 3224 15010010οῑ0
1635 3170 1662 3237 ⁸·

109 3249 285 3304 damascius
295 3250 403 3319 presul,
422 3248 502 3304 simul
513 3248 690 3320 Augustinus,
704 3249 799 3319 etipse

128 3336 246 3390 Sanetus
262 3336 438 3403 Athanasius,
458 3337 530 3407 quod
553 3336 665 3392 Orosius
692 3337 748 3391 edit
766 3337 883 3392 avitus⁰
906 3352 914 3390 :

126 3423 263 3493 Quidquid
292 3424 438 3495 Gregorius
461 3440 584 3481 summus
607 3426 696 3493 docet,
714 3434 742 3480 et
758 3425 813 3482 Leo
830 3442 914 3497 papa3

126 3513 242 3570 basilius
260 3515 402 3584 quidquid,
415 3514 573 3586 Fulgentius
593 3524 673 3586 atque
690 3527 843 3573 comscant.

127 3606 305 3661 Cassiodorus
322 3606 398 3671 item,
410 3605 619 3678 chrysostomus
630 3614 711 3677 atque
722 3606 851 3665 loannes.
878 3680 883 3689 ι

126 3696 262 3766 Quidquid
279 3705 306 3751 et
320 3697 471 3753 lllthelmus
487 3698 588 3764 docuit,
601 3699 665 3769 quid
680 3699 750 3754 Beda
772 3702 902 3773 magister

126 3788 192 3855 Quae
206 3787 359 3842 Victorinus
378 3789 528 3857 scripsere,
541 3788 650 3844 Boetius
665 3807 671 3842 :
691 3798 773 3859 atque

127 3876 253 3931 llistorici
269 3886 386 3942 setores,
395 3875 547 3946 Pompeius,
554 3877 666 3945 Plinius,
682 3878 738 3949 ipsc

124 3967 196 4022 Acer
209 3967 380 4034 Aristoteles,
393 3968 486 4022 rhetor
497 3983 605 4039 quoque
620 3968 723 4025 Tullius
738 3970 843 4042 ingens.

126 4055 195 4124 Quid
211 4073 317 4127 quoque
332 4054 468 4124 Sedulius,
478 4058 520 4112 vel
536 4059 600 4128 quid
614 4061 688 4114 canit
699 4060 755 4128 ipse
769 4058 912 4127 iuvencus,

124 4144 254 4202 dicuinns
272 4146 280 4185 1
298 4154 326 4201 et
347 4147 487 4215 Clemens,
501 4148 626 4219 Prosper,
644 4149 789 4216 Paulinus,
803 4151 913 4218 Amtor,

124 4233 194 4302 Quid
207 4235 382 4302 Fortunatus,
399 4236 440 4292 vel
455 4239 518 4307 quid
533 4239 690 4295 Lactantius
702 4241 795 4296 edunt.

123 4325 199 4393 Quod
217 4325 290 4381 blaro
314 4325 458 4397 Virgilius,
473 4327 589 4395 Statius,
601 4330 725 4387 Lucanus
745 4342 772 4387 et
786 4333 888 4389 ductor
903 4349 911 4388 ε

160 4435 234 4490 l'ers.
258 4435 334 4491 1555.

158 4580 170 4607 n
192 4567 341 4633 deubaldo,
371 4571 415 4640 qui
438 4570 539 4626 viventi
565 4581 592 4627 et
616 4574 762 4644 resignandi
788 4576 911 4634 AElbcrto

123 4639 252 4691 serenessit
272 4655 343 4694 0000
357 4641 417 4705 778,
434 4643 533 4697 mensis
550 4642 624 4712 Sept.
653 4645 739 4699 initio.
768 4645 827 4701 Vid.
841 4647 911 4703 inira

123 4721 193 4762 reus.
212 4707 276 4760 1551
296 4709 415 4764 011580.

157 4776 170 4814 0
190 4776 296 4832 Primus
319 4779 362 4833 hic
377 4789 418 4834 est
431 4779 510 4850 hujus
535 4783 650 4836 nominis
665 4783 911 4857 Eboraccnsisepi-

121 4859 235 4915 scopus;
253 4849 294 4901 eui
313 4864 384 4903 0000
402 4851 454 4904 lto
468 4854 598 4908 suecessit
618 4854 686 4907 alter
705 4855 866 4923 Eairbaldus‚
878 4857 912 4912 ad

121 4929 200 5040 quen}
213 4917 489 5043 seripspdlcninnsk
506 4923 548 5010 ist.
563 4924 607 4977 56.

203 5001 255 5040 ree.
426 5006 429 5009 ·
584 5032 590 5045 .

156 5055 168 5094 0
191 5005 515 5181 poitieag'iirieiii'igrnen
531 5008 726 5131 11ιῖἕῖοη0000
742 5067 767 5120 iu
783 5081 835 5120 ms.
848 5067 907 5121 cod.

121 5127 277 5180 monasterii
322 5167 328 5179 .
346 5127 515 5194 Theudorici,
534 5133 571 5185 ait
592 5133 775 5201 llabrllonius;
801 5134 908 5190 dlcuini

119 5208 184 5249 vcro
196 5211 294 5250 nomen
309 5198 371 5251 huic
385 5200 499 5253 caruiini
514 5199 595 5257 luisse
606 5205 745 5272 praelixam
759 5205 800 5260 sel
813 5221 845 5260 ex
857 5207 909 5261 boc

119 5266 177 5320 solo
192 5265 251 5321 loeo
265 5267 333 5322 satis
345 5269 403 5323 erni
416 5277 515 5338 potest.

157 5335 356 5398 «alamus.
408 5358 412 5363 ·

157 5404 168 5442 ¹
187 5406 323 5460 allenium.
339 5407 407 5462 llinc
421 5408 543 5465 Oudiuus
564 5412 675 5482 conjicit
688 5413 830 5470 alcuinum
853 5432 907 5473 uon

13 5517 20 5529 ,
119 5486 179 5527 esse
191 5475 270 5544 herlus
285 5477 417 5535 poematis
432 5487 588 5545 auctorem,
603 5483 648 5550 qni
666 5485 758 5554 utique
771 5501 801 5541 se
815 5487 908 5541 sircu-

967 3242 1034 3297 bum
1050 3245 1141 3313 gravis
1155 3245 1200 3302 illa
1217 3247 1275 3305 dics
1291 3259 1367 3306 sexta
1379 3249 1499 3326 fulgebat
1512 3257 1539 3312 iu
1555 3258 1636 3314 liora.

966 3330 1031 3402 Ejus
1043 3332 1077 3387 ad
1096 3336 1239 3406 exsequias
1251 3353 1378 3412 magnum
1392 3353 1570 3401 concurrerat
1588 3363 1706 3421 agmen,

966 3420 1033 3476 Cum
1059 3422 1132 3478 clero
1155 3427 1263 3495 praesul,
1282 3430 1405 3500 populus,
1417 3433 1598 3508 juvenesque,
1610 3455 1756 3514 senesque,

966 3510 1053 3567 Patris
1067 3512 1215 3572 honorilice
1227 3526 1355 3576 curantes
1366 3523 1483 3581 condere
1504 3542 1613 3598 eorpus.

965 3597 988 3656 0
1003 3601 1094 3669 Pater,
1107 3620 1122 3659 o
1137 3615 1239 3676 pastor,
1253 3610 1316 3667 vitae
1332 3627 1393 3682 spes
1408 3617 1523 3672 niaxima
1537 3629 1651 3688 nostrae,

965 3692 1004 3748 'le
1017 3693 1075 3749 siue
1088 3711 1138 3751 uos
1150 3696 1264 3755 leumur
1279 3704 1384 3758 turbate
1400 3720 1450 3775 per
1459 3723 1569 3778 aequora
1586 3713 1694 3780 mnndi,

965 3785 1003 3839 'ie
1016 3787 1082 3842 duce
1097 3788 1196 3845 deserti
1210 3793 1293 3849 variis
1304 3795 1465 3853 involvimur
1476 3801 1568 3869 undis,

964 3876 1061 3934 incerti
1075 3881 1182 3950 qualem
1197 3899 1352 3943 mereamur
1369 3897 1478 3961 tangere
1488 3903 1609 3964 portum.

965 3969 1032 4023 llum
1052 3971 1092 4025 sol
1110 3988 1217 4042 noxque
1243 3976 1292 4031 sibi
1313 3980 1421 4048 cedunt,
1438 3983 1501 4038 dum
1515 3994 1650 4056 quattuor
1673 4005 1756 4048 annas

965 4059 1098 4117 Dividitur
1113 4063 1227 4130 risibus,
1241 4079 1368 4125 crescunt
1378 4071 1442 4127 dum
1458 4075 1582 4146 germina
1596 4078 1696 4147 terris3

965 4145 1058 4204 Sidera
1074 4152 1136 4206 dum
1151 4152 1251 4221 lucent,
1265 4157 1350 4214 trudit
1365 4159 1427 4215 dum
1442 4162 1534 4219 nubila
1551 4175 1668 4236 ventum

965 4239 1078 4308 Semper
1098 4243 1198 4311 bonos,
1212 4261 1364 4321 nomenque
1391 4259 1475 4319 tuum,
1491 4253 1644 4330 laudesque
1668 4273 1753 4315 mane·

1661 4349 1750 4423 [nnnc

1534 4457 1615 4516 Vers.
1642 4463 1718 4519 15115.

1001 4583 1013 4620 ⁸
1029 4580 1188 4638 llovedenus
1203 4585 1236 4640 ad
1250 4601 1349 4641 anrrrrm
1365 4589 1416 4645 780
1437 4590 1539 4647 lllberti
1564 4610 1615 4651 seu
1640 4596 1748 4655 AElberti

964 4651 1081 4721 episcopi
1096 4653 1273 4712 Eboraceusis
1287 4658 1389 4713 obitum
1403 4661 1436 4716 ad
1451 4662 1524 4718 bunc
1536 4680 1641 4722 annum
1655 4683 1748 4724 0000·

966 4723 1096 4801 mequod
1111 4724 1220 4790 quidem
1232 4729 1325 4782 cahos
1340 4728 1399 4784 loco
1412 4731 1603 4790 confirmatur.
1621 4738 1745 4810 Superius

966 4805 1037 4843 erum
1052 4792 1084 4845 ad
1098 4807 1169 4847 t‘ers.
1189 4795 1257 4851 1596
1274 4812 1306 4851 ex
1321 4799 1415 4853 eodem
1430 4800 1586 4870 llovedeno‚
1600 4806 1748 4865 blsbillonio

964 4869 992 4913 et
1006 4860 1111 4916 Allorto
1124 4866 1288 4930 notavimus,
1301 4867 1453 4923 AElbertunr
1475 4875 1569 4929 sedem
1598 4877 1673 4933 illam
1696 4879 1744 4948 epi-

961 4931 1096 4998 scopalem
1108 4933 1207 4989 adiisse
1221 4952 1292 4992 0000
1304 4938 1365 4992 756.
1380 4939 1447 4994 lluic
1461 4956 1525 4997 vero
1540 4961 1614 5002 0000
1640 4949 1662 5004 si
1686 4964 1743 5020 qua·

962 5001 1121 5065 tuordecim,
1142 5005 1239 5071 quibus
1264 5016 1325 5087 post
1347 5009 1471 5077 adeptam
1497 5015 1743 5086 dignitatemresu

961 5078 1038 5138 poeta
1054 5081 1158 5136 nostro,
1166 5079 1324 5142 supervixit,
1336 5078 1478 5145 addantur,
1486 5086 1575 5151 prodit
1587 5102 1676 5144 annus
1686 5088 1740 5142 1811.

961 5138 1092 5208 Superius
1105 5157 1212 5212 quoque
1224 5160 1295 5200 vers.
1312 5147 1380 5201 1555
1390 5158 1418 5203 et
1428 5166 1503 5221 seqq.
1517 5154 1630 5221 dicitur,
1641 5159 1740 5212 beatam

960 5209 1121 5277 AEtbennrn,
1137 5222 1278 5294 postquam
1294 5216 1388 5271 relicto
1401 5220 1493 5289 episco
1512 5234 1559 5278 atu
1578 5226 1608 5280 in
1631 5229 1743 5283 silitudi-

960 5295 1022 5334 nem
1045 5292 1166 5347 secessit,
1179 5293 1207 5338 et
1228 5285 1364 5342 Eanbaldo
1388 5238 1521 5360 discipuio
1535 5311 1585 5350 suo
1596 5297 1744 5366 pontiliorle

960 5350 1043 5404 decus
1056 5353 1178 5419 tradidit,
1193 5352 1298 5410 duobus
1311 5357 1400 5414 adhuc
1415 5364 1494 5416 arinis
1506 5379 1538 5419 ac
1550 5367 1664 5423 totidem
1679 5382 1744 5422 uren·

960 5420 1035 5475 sibus
1061 5421 1171 5477 vixisse.
1200 5424 1269 5480 lliue
1296 5427 1379 5498 igitur
1403 5432 1523 5501 colliges,
1538 5436 1613 5492 hunc
1636 5435 1745 5492 AElbeni

959 5503 1096 5545 secessum
1110 5501 1137 5545 et
1151 5492 1281 5549 Eanballi
1296 5497 1495 5557 ordinationem
1509 5507 1659 5576 contigisse
1680 5518 1745 5563 anno

120 5549 173 5594 tern
187 5541 907 5623 sanetisdortouibusuonaccensuisset.llstegoloeo
958 5558 1019 5622 178,
1047 5573 1138 5615 mense
1160 5561 1322 5632 Septembri.
1340 5566 1399 5623 lid.
1425 5570 1525 5628 liabill.
1549 5575 1612 5631 libr.
1633 5581 1745 5635 000Αο-

118 5608 257 5674 Alrumns,
270 5615 389 5671 Alcimus
402 5619 444 5670 rel
456 5617 585 5675 Alcinous
602 5621 744 5691 legendum
767 5627 903 5681 existimo.
959 5628 1024 5694 nal,
1042 5631 1269 5701 0000550001.
1286 5637 1329 5690 11.
