3780 6120
236 142 256 179 l

156 244 222 301 lert
285 246 287 250 “
559 242 632 300 0PP.
654 241 852 301 SliPPOSle.
871 273 907 284 -
924 240 988 297 uu.
1008 242 1050 296 DE
1070 241 1192 298 btt'rrtts
1209 240 1359 301 olricus.
1706 243 1773 299 ists

154 362 199 432 qni
215 366 326 429 quartus
338 357 433 412 similis
447 357 502 411 filio
519 357 646 422 bominis,
661 357 837 427 exstinguens
851 356 941 410 lerna·
952 353 977 412 Δ
990 353 1050 408 olco
1077 356 1244 427 perungitur,
1273 365 1302 411 ut
1326 356 1401 426 signo
1426 364 1527 412 sancte
1553 358 1642 412 erucis
1667 358 1773 415 diabolo

154 465 211 506 cem
225 449 322 521 ignist.
335 448 476 502 Lectiones
488 447 578 515 itaque
586 454 712 516 quatuor,
722 459 782 515 quse
791 453 941 513 sequuntur
988 443 1130 500 claudatur
1143 447 1294 516 ingressus.
1310 445 1458 515 Signantnr
1470 454 1497 501 ιι
1509 446 1635 517 scapulrc,
1650 455 1680 501 nt
1692 449 1772 504 undi-

154 547 216 594 nntc
236 538 398 607 baptismum
422 550 483 590 cum
509 536 621 591 canticis
641 551 689 589 seu
712 532 891 597 orationibus,
904 532 939 588 ad
987 548 1039 603 que
1052 534 1198 590 muniatur.
1220 535 1286 591 ltem
1313 536 1339 590 in
1351 537 1468 607 pectoris
1486 536 1539 611 [di.
1565 539 1640 603 edd,
1665 547 1693 594 ιι
1710 555 1770 595 scn-

155 630 356 686 mstrnctinnem
372 628 629 682 catechumenorum
648 635 729 696 atque
742 626 938 698 neophytorum
985 623 1065 696 pulae]
1089 625 1215 681 unctione
1235 627 1358 696 signatur
1374 627 1435 683 fidei
1461 627 1584 695 tirmitas,
1603 642 1631 686 et
1657 646 1768 698 opernm

152 720 296 790 pertinent.
312 717 487 784 bononi-ero
502 732 554 771 non
574 717 936 787 pronuntianturineapite,
984 712 1116 769 bonorum
1143 717 1363 785 perseverantia:
1380 717 1475 772 deinde
1501 729 1602 775 sanctu
1628 721 1770 777 Trinitatis

152 818 182 862 ιιι
197 807 254 862 alie
269 806 407 869 lectiones,
422 805 500 859 sicuti
513 813 565 869 est,
577 806 669 860 Lectio
681 805 742 860 libri
755 804 868 862 Genesis
880 806 937 862 sire
986 803 1055 857 trina
1079 805 1265 874 submersione
1293 806 1452 873 baptizatur.
1472 808 1506 863 Et
1516 818 1589 864 recte
1616 812 1706 877 homo,
1722 814 1768 883 qni

152 898 246 960 Exodi,
263 905 290 951 ιι
304 904 407 950 caetere
425 895 618 965 perordinem,
634 895 691 950 haec
705 896 775 950 ratio
790 904 833 951 est
846 895 936 950 :Dicit
984 894 1019 949 ad
1032 894 1176 963 imaginem
1198 905 1297 952 sanctu
1309 896 1450 954 Trinitatis
1460 910 1502 954 est
1513 902 1647 968 conditus,
1662 919 1711 974 per
1723 904 1765 958 in·

151 991 223 1045 enim
234 986 599 1058 bpostolns:Sepientiinset
606 987 786 1058 insipientibus
796 988 877 1060 1483
890 988 937 1042 de-
983 985 1152 1041 rocationem
1166 995 1266 1059 sancte
1277 985 1417 1045 Trinitatis
1435 991 1469 1047 ad
1486 993 1609 1047 camdem
1621 1003 1768 1050 renovatur

150 1076 377 1148 iitnrsemiliom.
386 1094 407 1141 r,
417 1074 663 1148 il).Catechumcni
670 1077 858 1147 insipientibus
865 1092 936 1132 rom·
983 1075 1138 1146 imaginem,
1156 1087 1184 1131 et
1199 1079 1245 1149 qui
1260 1081 1340 1134 tertio
1362 1082 1445 1150 gmdu
1458 1084 1573 1152 peccati,
1597 1084 1689 1150 idest,
1704 1101 1769 1141 con-

148 1178 294 1240 parantur,
306 1163 564 1225 ideoeis'lectiones
576 1156 741 1225 dissimiliter
758 1164 935 1240 pronuntian-
983 1178 1074 1229 sensu,
1087 1166 1185 1223 cecidit
1198 1169 1225 1222 in
1247 1177 1372 1235 mortem,
1390 1172 1469 1226 tertio
1490 1171 1611 1228 elevatur
1632 1174 1666 1228 dc
1681 1174 1767 1243 lente,

148 1269 240 1325 tur,ut
251 1261 395 1315 reducatur
403 1261 603 1316 admemoriam
614 1261 722 1316 eaecius
732 1260 931 1326 eordiseorum,
982 1264 1013 1311 ut
1024 1270 1073 1326 per
1086 1258 1200 1327 gratiam
1214 1268 1306 1329 surgat
1318 1260 1352 1314 sd
1368 1261 1461 1314 vitam.
1480 1260 1582 1318 Deinde
1600 1264 1668 1320 albis
1680 1267 1768 1322 indui-

147 1352 194 1421 qui
209 1353 326 1407 nondum
346 1364 511 1422 cognoscunt
529 1353 602 1407 eires
621 1352 740 1408 coelestis
752 1339 931 1406 ilierusalem.
974 1353 1027 1400 tur
1040 1347 1207 1402 vestimentis
1224 1359 1333 1419 proptor
1356 1351 1469 1418 gratiam
1491 1350 1558 1425 [st.
1574 1356 1714 1430 gaudium]
1727 1374 1769 1413 re-

147 1441 502 1511 Frustraeispronuntiatur
513 1438 933 1512 auctorincognitus,qnibnslir-
981 1440 1171 1508 generationis,
1195 1450 1223 1497 et
1235 1443 1387 1497 castitatem
1403 1444 1475 1508 rite,
1495 1451 1523 1499 ιι
1538 1447 1653 1517 angelici
1677 1450 1766 1521 splen-

146 1534 268 1589 urissima
279 1535 427 1589 auctoritas
438 1541 525 1603 potest
541 1533 671 1588 vilescere
680 1546 729 1600 per
740 1532 930 1602 ignorantiam.
982 1534 1055 1588 doris
1066 1534 1199 1591 decorem.
1218 1534 1293 1590 Tunc
1306 1551 1384 1591 sacro
1404 1537 1552 1595 chrismate
1571 1549 1652 1611 caput
1666 1559 1767 1612 perun-

180 1625 332 1696 Antequam
346 1627 418 1680 enirn
436 1625 559 1696 legantur
572 1624 712 1689 lectiones,
730 1624 866 1692 accipiunt
878 1624 942 1691 duo,
981 1624 1063 1693 gitur,
1083 1633 1110 1679 ιι
1122 1626 1238 1696 mystico
1255 1627 1354 1696 tegitur
1379 1628 1522 1694 velamine,
1543 1639 1572 1684 ut
1591 1631 1723 1703 intelligat
1737 1649 1766 1689 se

144 1720 244 1774 notarii
270 1719 467 1788 suprascriptos
488 1733 582 1773 cereos
596 1732 734 1779 accensos,
748 1724 776 1770 et
791 1721 883 1770 tenent
897 1713 928 1766 il·
944 1684 1102 1770 Bdiadema
1112 1717 1198 1787 regni,
1211 1725 1239 1770 ct
1255 1719 1396 1773 sacerdotii
1407 1718 1564 1790 dignitatem
1578 1733 1696 1793 portare,
1706 1724 1768 1796 jur·

144 1812 195 1878 los,
211 1827 281 1866 unus
295 1812 322 1865 in
338 1811 450 1866 dextero
463 1825 549 1867 cornu
563 1810 665 1874 altaris,
691 1808 759 1865 alter
769 1809 799 1863 in
814 1808 928 1863 sinistro
978 1811 1008 1859 ta
1021 1805 1180 1875 Apostolum
1207 1825 1213 1859 :
1234 1806 1285 1861 Vos
1300 1809 1361 1862 estis
1372 1826 1454 1879 penus
1469 1810 1589 1877 electum,
1606 1814 1704 1885 regaie,
1721 1833 1766 1871 su·

144 1917 230 1972 usquc
251 1903 284 1956 ad
298 1900 395 1955 sontes.
423 1900 523 1957 Deinde
537 1902 657 1956 ascendit
675 1901 761 1956 lector
775 1901 808 1954 ad
836 1899 928 1968 legen·
980 1894 1118 1958 ccrdotule,
1140 1897 1277 1965 offerentes
1303 1903 1468 1972 nosmetipsos
1492 1900 1547 1956 Deo
1569 1913 1635 1970 etro,
1650 1904 1763 1963 bostiam

144 1991 220 2054 dum,
236 1990 337 2059 absque
353 1990 571 2058 pronuntiatione
584 1990 717 2046 lectionis.
736 1990 829 2045 Lectio
842 1989 928 2060 prima
978 1992 1096 2038 sanctem
1112 1994 1136 2038 et
1151 1985 1205 2039 Deo
1221 1986 1364 2056 placentem
1379 1987 1403 2059 (l
1421 1988 1479 2043 Pet.
1492 2006 1522 2057 ιι,
1535 1991 1573 2064 9).
1590 1991 1636 2049 Sic
1649 2009 1764 2066 corpore

143 2095 178 2136 ex
194 2079 262 2134 libro
278 2078 414 2134 Genescos
429 2080 465 2133 ita
491 2079 651 2134 inchoatur:
669 2078 703 2133 ln
714 2080 841 2150 principio
857 2095 929 2133 eree·
968 2081 1007 2128 et
1022 2075 1151 2144 sanguine
1174 2075 1314 2133 Dominico
1330 2078 1515 2147 confirmatur,
1536 2093 1565 2139 ot
1586 2086 1657 2143 illius
1671 2089 1707 2146 sit
1719 2106 1765 2145 ca-

141 2172 177 2225 uit
195 2169 263 2224 Dius
277 2168 367 2223 celum
381 2179 416 2223 -ιι
429 2178 537 2232 terrum,
552 2177 580 2224 et
594 2169 706 2238 reliqua.
728 2168 857 2238 Sequitur
867 2181 928 2223 ora·
977 2164 1041 2233 pitis
1055 2166 1215 2232 membrum,
1229 2168 1275 2236 qui
1288 2183 1337 2237 pro
1351 2185 1384 2224 ιι
1394 2185 1489 2239 passus
1501 2182 1588 2235 estet
1602 2183 1763 2236 resurrexit.

142 2261 181 2315 tie
199 2261 301 2331 absquo
313 2259 474 2314 salutatione
487 2275 494 2312 :
514 2259 585 2313 Dens
598 2260 643 2329 qni
664 2258 820 2312 mirabiliter
833 2257 928 2311 creasti
972 2251 1129 2310 ¹Novissime
1142 2271 1190 2324 per
1200 2257 1398 2327 impositionem
1414 2276 1510 2318 marrus
1522 2279 1538 2317 a
1549 2280 1656 2322 summo
1673 2285 1765 2326 sacer·

142 2349 281 2403 bominem.
301 2347 395 2402 Lectio
418 2348 536 2402 secunda
561 2363 594 2401 ex
608 2347 678 2402 libro
692 2346 776 2400 Exodi
792 2364 798 2400 :
815 2345 927 2400 Factum
970 2347 1040 2403 'dote
1054 2345 1218 2416 septiformis
1230 2349 1323 2419 gratie
1336 2349 1466 2419 Spiritum
1487 2355 1594 2424 accipit,
1614 2364 1644 2412 ut
1657 2359 1764 2416 roboro-

141 2439 219 2493 estin
233 2437 320 2508 cipitia
332 2439 472 2491 matutino.
487 2436 553 2492 Can.
571 2435 710 2492 Cantemus
726 2436 847 2491 Domino.
863 2436 929 2492 Ora·
978 2444 1023 2491 tur
1034 2453 1083 2507 pcr
1095 2435 1225 2508 Spiritum
1235 2447 1357 2494 sanctum
1372 2439 1406 2493 ad
1416 2442 1630 2512 predicandum,
1643 2447 1704 2503 aliis
1717 2449 1763 2518 qni

141 2529 181 2584 tio
195 2546 201 2582 :
218 2528 288 2582 Deus
297 2530 339 2583 csi
350 2526 479 2582 miracula
491 2528 610 2598 antique.
622 2527 655 2582 Et
666 2528 747 2583 lectio
758 2528 839 2583 tertia
851 2526 927 2584 lsaiae
977 2528 1028 2585 suit
1043 2530 1069 2584 in
1085 2528 1220 2599 baptismo
1234 2543 1283 2599 per
1295 2530 1411 2600 gratiam
1424 2531 1479 2586 vita
1492 2533 1608 2591 donatus
1619 2546 1731 2592 aeterna.
1751 2559 1761 2591 ι

138 2619 299 2689 prophete:
314 2618 510 2689 Apprelrendem
530 2628 625 2690 septem
644 2617 776 2672 mulieres.
792 2616 859 2673 Can.
879 2616 926 2673 Vi·
1012 2616 1097 2672 llodic
1109 2624 1197 2672 autem
1212 2617 1279 2671 bora
1290 2633 1360 2672 nona
1376 2618 1525 2689 baptismus
1538 2623 1699 2692 celebratur,
1713 2631 1764 2684 sic·

139 2729 189 2766 nee
203 2711 275 2781 [ecto
285 2719 333 2765 est.
355 2708 476 2764 Orestes.
497 2709 568 2764 Dens
579 2711 624 2780 qni
638 2725 685 2764 nos
696 2709 730 2764 ed
741 2707 926 2765 celebrandum
976 2716 1007 2762 ut
1020 2708 1047 2761 in
1061 2706 1230 2772 Pentecoste,
1245 2723 1277 2762 ea
1290 2708 1323 2762 de
1341 2723 1433 2774 causa,
1456 2712 1518 2780 quia
1533 2713 1644 2784 angelus
1655 2715 1762 2773 Domini

138 2798 250 2856 Pascite
262 2811 463 2855 sacramentum.
476 2800 567 2855 Lectio
578 2809 674 2868 quarta
684 2798 924 2869 lsaiaepropirete:
976 2799 1051 2854 venit
1062 2798 1096 2854 ad
1109 2798 1262 2855 Cornelium
1278 2800 1346 2855 bora
1362 2816 1432 2857 nona
1448 2803 1516 2875 (Aet.
1536 2820 1564 2873 x,
1578 2807 1596 2863 ὅ
1611 2807 1676 2881 seq.)
1691 2849 1699 2875 ,
1717 2826 1763 2865 an-

139 2887 205 2943 lloee
220 2889 429 2953 estnercddns.
449 2886 515 2943 Can.
541 2886 650 2940 Adtende
672 2885 774 2941 celem.
802 2884 923 2941 Oremm.
977 2892 1103 2946 nuntians
1123 2893 1149 2946 ci
1174 2893 1247 2962 quod
1278 2892 1415 2949 orationes
1447 2894 1506 2962 ejus
1531 2912 1564 2952 ac
1586 2897 1763 2972 eleemosyna

138 2981 209 3035 Deus
220 2981 265 3051 qui
275 2977 422 3033 Ecclesium
436 2987 517 3031 tuens.
533 2977 571 3031 De
590 2976 694 3046 psalmo
708 2993 752 3030 ιιι
766 2976 922 3031 canticum:
976 2983 1147 3038 ascenderint
1168 2983 1196 3037 in
1214 2992 1385 3054 conspectum
1407 2984 1523 3041 Domini.
1545 2987 1596 3054 Qui
1613 3005 1675 3044 mox
1687 2991 1762 3046 misit

138 3074 212 3128 Sicut
227 3089 325 3128 cernae.
341 3071 453 3127 Oratio:
474 3068 603 3135 Concede,
617 3085 776 3140 quesumus.
790 3067 851 3122 Alia
862 3082 924 3122 ora·
935 3047 961 3113 ὓ
974 3073 1010 3128 ad
1023 3074 1142 3138 Petrum,
1168 3084 1196 3129 et
1219 3076 1368 3144 promeruit
1397 3086 1596 3132 sacramentum
1623 3080 1759 3151 baptismi.

137 3165 187 3230 tio,
202 3164 230 3219 in
253 3163 346 3218 eodem
370 3160 472 3233 psalmo
492 3175 536 3216 stt
556 3175 563 3212 :
580 3158 749 3229 Oncnipotens
770 3158 925 3230 sempiterne
975 3163 1028 3220 Sed
1041 3173 1068 3219 er
1089 3165 1140 3219 boc
1155 3165 1374 3221 decentissimum
1398 3177 1449 3232 ese,
1464 3177 1494 3223 ur
1520 3170 1584 3238 quia
1608 3170 1676 3226 hom
1689 3189 1760 3230 „0112

135 3250 220 3316 Delii,
235 3252 331 3321 ιθιιῐιι
345 3250 474 3321 propitius
487 3247 521 3302 ιιι
533 3246 798 3319 ἅιιιιιιιιιιιιιιιὶ
813 3247 862 3301 nd.
877 3245 922 3301 1¹¹·
974 3264 1069 3311 auctor
1079 3256 1141 3331 uitae
1151 3256 1242 3311 emisit
1253 3257 1387 3327 spiritum,
1399 3260 1493 3312 eadem
1505 3258 1570 3312 lrora
1583 3275 1653 3314 nona
1667 3261 1761 3318 Eccle-

136 3354 179 3400 ter
196 3344 254 3400 bec
265 3345 318 3400 duo
332 3344 449 3408 cantica,
464 3358 518 3397 non
530 3349 572 3397 cst
585 3341 667 3397 lectio
678 3341 844 3403 necessaria,
858 3339 922 3409 quia
972 3347 1013 3402 sta
1031 3354 1124 3402 sancta
1138 3346 1269 3416 percipiat
1291 3355 1415 3401 sanctum
1440 3347 1582 3418 baptisma.
1603 3351 1680 3418 Quod
1693 3367 1761 3409 rere

134 3446 247 3507 propter
265 3435 478 3492 convenientiam
502 3433 664 3489 iectioniset
677 3434 790 3489 duorum
804 3432 922 3503 psalmo-
971 3451 1025 3492 non
1040 3436 1229 3506 liceatprceter
1252 3436 1332 3490 bodie
1346 3445 1373 3492 ct
1398 3435 1576 3493 Pentecosten
1598 3441 1761 3511 generaliter

135 3545 207 3594 rum,
217 3530 275 3584 sine
289 3529 372 3583 altera
380 3528 495 3582 lectione
504 3541 622 3597 congrue
634 3525 842 3595 conjunguntur.
852 3520 923 3576 Fini·
971 3525 1134 3596 baptismum
1159 3522 1301 3588 celebrari,
1318 3533 1428 3579 sanctus
1452 3522 1506 3578 Leo
1520 3538 1591 3595 papa
1603 3526 1670 3582 satis
1681 3527 1761 3582 denc-

134 3619 170 3674 tis
184 3618 346 3672 lectionibus
366 3614 582 3670 descendendum
597 3625 641 3668 est
658 3613 693 3665 erl
718 3611 918 3681 baptizandum.
970 3623 1025 3684 gat,
1038 3614 1090 3668 nisi
1106 3611 1328 3668 lorteintirmitas
1338 3611 1501 3667 interfuerit.
1515 3612 1607 3684 Neque
1620 3614 1671 3671 boc
1681 3616 1761 3672 uruit-
1851 3692 1855 3697 ι

167 3706 227 3773 Qua
244 3705 312 3759 bora
324 3703 473 3772 baptismus
488 3701 569 3757 bodie
584 3701 683 3756 debeat
706 3699 848 3762 celebrari,
864 3699 921 3753 sire
970 3706 1079 3761 tendum
1095 3714 1138 3759 est
1161 3703 1233 3773 quod
1247 3702 1362 3757 Romani
1375 3701 1446 3756 inira
1459 3701 1697 3772 Quadragesimam
1711 3721 1757 3761 501

131 3797 302 3861 Pentecoste,
314 3795 355 3850 rel
368 3794 433 3863 quid
443 3792 596 3849 sacerdotes
610 3789 752 3860 neophytis
761 3788 918 3857 predicent,
970 3795 1100 3852 scrutinia
1125 3793 1274 3855 celebrant,
1293 3802 1321 3845 er
1339 3791 1418 3845 nodie
1440 3791 1593 3859 septimum,
1612 3793 1641 3846 ιῃ
1654 3793 1706 3847 1⁸10
1719 3808 1762 3848 sc.
1833 3804 1837 3811 ·

131 3891 178 3948 iric
196 3902 342 3960 parumper
353 3884 530 3940 intimandum
554 3890 605 3937 est.
625 3898 634 3931 ι
653 3879 770 3934 Ριιιιιιο
787 3890 919 3948 paganus,
968 3883 1093 3957 ptenario
1110 3880 1294 3949 intelliguntur
1310 3887 1413 3947 septem
1437 3879 1508 3933 dona
1529 3878 1646 3950 Spiritus
1670 3885 1756 3939 sancti

130 3993 162 4038 ιι
176 3983 387 4037 catechumenus
400 3978 457 4043 liat,
479 3975 612 4032 accedens
626 3972 659 4028 ad
683 3970 857 4042 baptismum,
876 3983 919 4023 re·
968 3970 1171 4042 lnbaptismate
1198 3971 1271 4024 data.
1298 3968 1364 4023 Post
1388 3969 1482 4022 horam
1502 3969 1618 4039 denique
1646 3972 1755 4028 terciam

131 4074 239 4128 nuntiet
255 4072 373 4142 maligno
390 4069 496 4141 spiritui
518 4076 545 4124 et
557 4067 682 4123 omnibus
700 4063 837 4120 damnosis
861 4062 919 4134 ejus
969 4063 1081 4119 sabbato
1107 4066 1294 4131 preparantur
1321 4059 1356 4114 ad
1374 4057 1516 4114 eeclesiam
1535 4061 1581 4130 qui
1601 4061 1756 4135 baptizandi

129 4167 256 4236 pompis;
272 4162 430 4220 exsufflatur
443 4163 534 4227 ctiam,
549 4170 579 4215 ut
591 4159 682 4231 iegato
696 4156 814 4221 diabolo,
837 4156 917 4212 cort-
968 4160 1041 4219 sunt,
1056 4151 1136 4207 simul
1154 4166 1216 4206 cunr
1230 4149 1345 4220 patrinis
1367 4158 1394 4204 et
1406 4150 1539 4216 matrinis,
1554 4159 1582 4206 et
1598 4153 1756 4211 ordinantur

130 4267 174 4313 sto
188 4256 302 4311 Domino
323 4263 438 4325 paretur
463 4253 606 4318 introitus3
623 4251 807 4315 exorcizatur,
822 4248 849 4304 id
865 4254 916 4313 est,
968 4243 1003 4299 ab
1016 4243 1140 4314 acolyto:
1157 4240 1270 4295 masculi
1292 4239 1326 4294 ad
1341 4241 1490 4306 dexteram,
1512 4239 1619 4298 feminee
1643 4259 1707 4300 nere
1722 4247 1755 4300 ad

129 4346 289 4414 conjuratur
303 4347 436 4417 malignus
458 4344 578 4414 spiritus,
602 4351 632 4396 ut
648 4349 728 4396 exest
744 4349 772 4394 et
795 4340 915 4405 recedat,
967 4335 1116 4399 sinistram,
1138 4342 1166 4387 et
1181 4330 1300 4402 conequi
1323 4340 1446 4402 possunt,
1471 4332 1587 4389 reddunt
1600 4334 1756 4391 Orationem

128 4436 198 4491 daus
215 4436 304 4492 locum
314 4451 378 4490 vero
392 4435 505 4490 bomine
518 4432 585 4506 [nt.
600 4432 656 4487 Deo
677 4430 764 4503 ιιιιι.
780 4430 915 4486 Catecbn-
967 4425 1135 4482 Dominicam
1152 4433 1180 4481 et
1197 4422 1367 4494 Symbolum,
1383 4424 1441 4479 sire
1458 4424 1559 4495 patrini
1572 4440 1622 4495 pro
1638 4425 1705 4496 ipsis
1718 4433 1761 4481 at·

127 4542 225 4582 merrus
237 4526 349 4582 audieus
363 4526 419 4580 sinc
434 4524 549 4593 adjutor,
562 4522 645 4577 salem
658 4522 764 4592 accipit,
780 4529 811 4576 ut
826 4521 916 4591 putri·
965 4531 1018 4590 que
1034 4515 1157 4571 matrine
1171 4527 1277 4579 earum,
1293 4513 1340 4582 qui
1362 4529 1411 4569 eos
1436 4514 1587 4585 suscepturi
1611 4523 1685 4570 sunt.
1701 4514 1757 4571 De-

127 4618 162 4673 da
178 4616 287 4672 etium
302 4615 360 4685 eins
377 4625 488 4687 peecata
508 4614 648 4684 sapientie
670 4614 726 4669 sale
752 4613 915 4668 divinomu·
966 4607 1028 4664 inde
1040 4605 1104 4660 lacit
1115 4603 1259 4674 presbyter
1280 4617 1340 4658 cum
1358 4601 1453 4671 pollice
1476 4601 1503 4655 in
1517 4601 1652 4657 frontibus
1661 4618 1756 4660 eorum

125 4723 193 4765 nere
211 4711 383 4765 mundentur.
396 4708 497 4762 Deinde
511 4706 632 4778 Symboli
648 4703 788 4775 apostolici
800 4703 916 4758 traditur
965 4699 1071 4770 signum
1084 4696 1183 4760 crucis,
1196 4693 1311 4750 diceudo
1326 4711 1332 4746 :
1353 4690 1387 4745 ln
1404 4693 1508 4746 nemine
1520 4691 1621 4758 Petris,
1641 4701 1665 4747 et
1677 4692 1755 4761 Filii,

125 4798 153 4855 ei
168 4798 248 4865 tides,
263 4806 293 4853 ut
304 4813 388 4853 vacua
400 4800 506 4865 domus,
531 4807 559 4852 et
571 4811 587 4851 a
598 4797 689 4867 prisce
704 4795 857 4851 habitatore
868 4792 914 4849 de·
965 4800 989 4845 et
1003 4789 1118 4860 Spiritus
1143 4787 1238 4842 suncti.
1256 4783 1322 4839 Post
1336 4784 1394 4838 hee
1406 4782 1482 4854 ponit
1503 4798 1600 4838 manus
1614 4799 1696 4855 super
1706 4800 1755 4840 ca-

125 4887 222 4942 rclicta
242 4886 295 4943 tide
313 4896 434 4952 ornetur,
460 4893 487 4941 et
511 4892 680 4955 preparetur
705 4880 836 4938 habitatio
862 4878 914 4933 Do-
964 4881 1020 4953 pita
1044 4894 1148 4943 eorum,
1166 4889 1195 4931 ιι
1222 4875 1288 4932 dicit
1307 4874 1458 4930 orationem
1475 4873 1509 4928 ad
1533 4874 1754 4931 catechumenum
1844 4928 1847 4933 .

125 4978 210 5032 mino.
225 4977 307 5033 Fiunt
329 4977 471 5043 scrutinia,
498 4986 527 5031 ut
549 4976 705 5046 exploretur
725 4973 822 5043 sepios
846 4970 912 5045 [nt.
964 4970 1117 5027 iaciendum
1132 4986 1140 5023 ι
1156 4965 1324 5036 Omnipotens
1342 4963 1495 5033 sempiterne
1514 4962 1592 5018 Deus.
1609 4963 1660 5019 llic
1675 4963 1754 5035 juxta

124 5065 241 5141 serres],
258 5084 292 5124 aa
303 5077 363 5139 post
374 5069 598 5124 renuntiationem
610 5066 729 5132 Sataue,
740 5080 819 5120 saera
831 5064 913 5120 rerba
964 5072 1087 5121 sanctum
1104 5059 1266 5132 Gregorium
1292 5057 1407 5112 reddunt
1429 5054 1587 5126 Symbolum
1605 5066 1632 5112 ιι
1646 5057 1755 5112 Dratin-

124 5159 269 5215 dataelidei
292 5161 420 5216 radicitus
441 5160 522 5215 corde
535 5157 687 5214 defixerint.
715 5156 913 5227 Tangentoret
963 5171 1026 5213 nem
1052 5153 1233 5215 Dominicam,
1260 5156 1307 5203 aut
1323 5146 1422 5217 patrini
1446 5161 1495 5215 pro
1512 5145 1589 5215 ipsis.
1614 5144 1679 5202 Post
1694 5149 1753 5204 buc

125 5263 215 5313 nares,
228 5257 256 5304 ut
278 5250 396 5319 quandiu
418 5249 543 5319 spiritum
567 5246 677 5303 naribus
695 5248 798 5312 trabat,
815 5243 912 5300 iulide
963 5255 1114 5322 sequuntur
1128 5241 1304 5300 orationesin
1328 5237 1441 5294 subbato
1461 5242 1555 5291 sancto
1577 5233 1612 5290 ad
1634 5237 1753 5291 catecbi·

123 5349 235 5409 occepta
248 5340 394 5410 perduret:
410 5337 721 5408 pectusquoqneeodem
736 5333 910 5408 [Ai.,eidem]
963 5340 1080 5397 randum
1093 5334 1234 5392 intantum.
1249 5329 1312 5386 inde
1329 5341 1393 5382 vero
1415 5325 1502 5396 tangit
1521 5324 1561 5380 eis
1572 5338 1652 5380 nares
1665 5333 1692 5380 ιι
1704 5340 1753 5378 ιιι-

159 5466 171 5495 ·
192 5455 445 5524 lmcuscorrnptns.
963 5456 1042 5526 epist.
1061 5453 1093 5507 ad
1106 5449 1241 5507 Dudinum
1262 5444 1296 5501 de
1309 5441 1458 5497 Curcrrron.
1474 5435 1613 5507 baptismi,
1631 5436 1683 5492 col.
1700 5435 1748 5491 ιιι

159 5524 174 5564 b
192 5524 353 5591 Amalarins,
369 5539 429 5592 cap.
441 5523 486 5579 st.
963 5527 1073 5597 liuiuscc
1091 5521 1166 5577 tomi.

159 5604 172 5634 ι
196 5593 349 5664 tid-epist.
368 5594 403 5649 90
417 5593 531 5657 alcuini,
546 5607 607 5663 pag.
628 5590 677 5646 too
695 5592 766 5647 circa
781 5590 911 5656 srncm,et
