3764 6120
118 280 171 339 tlt

530 270 563 326 lt.
583 266 616 329 Γ.
636 269 752 328 ALBfo
770 268 838 327 SEU
857 264 995 324 XLCUfh'l
1013 264 1157 323 orshhlt
1175 260 1265 318 PARS
1284 260 1316 319 V.

1697 259 1750 315 720

120 396 201 469 199
212 394 300 465 Atque
313 406 394 448 manu
408 387 518 461 propria
530 396 623 459 potum
635 394 792 459 porrexerat
806 385 872 456 ipsc.
922 386 946 448 A
959 381 1126 438 Francorum
1138 378 1262 443 ducibus,
1273 389 1340 447 quos
1353 373 1452 430 secula
1462 372 1542 446 longa
1559 372 1689 428 tulerunt.

118 488 170 557 Qui
185 502 249 543 mox
263 493 389 548 sanatus,
404 481 513 537 fastidia
529 480 607 552 longa
620 478 784 548 relinquens,

117 579 260 650 decipiens
273 576 386 634 calicem
400 574 480 646 pleno
494 588 523 629 so
534 570 634 645 proluit
647 584 705 626 ore.

412 685 525 743 CAPUT
544 685 614 740 XXl.

120 782 257 851 Quomodo
267 783 297 837 irt
311 779 428 835 Treueris
441 780 543 834 ciuitate
554 776 653 832 orando
664 785 761 848 perlem
773 774 911 829 imminen-

269 862 319 907 tem
334 851 366 905 uh
383 847 486 904 oncifiir
504 845 601 902 Christi
618 849 764 901 omoav‘sret.

155 968 204 1022 Est
214 966 335 1035 antiqua,
351 971 446 1035 potens
458 961 544 1018 muris
557 967 585 1015 et
599 959 718 1016 turribus
732 959 822 1030 ampla

120 1058 192 1115 Urbs
206 1057 342 1120 Treveris,
356 1069 473 1110 necnon
487 1067 573 1109 saeris
585 1052 749 1108 circumdata
762 1050 848 1116 cellis,

120 1152 149 1208 ln
164 1151 262 1220 quibus
276 1148 380 1204 unatim
398 1145 558 1217 populorum
574 1145 652 1200 turba
666 1144 772 1214 piorum

120 1240 256 1296 Laudibus
272 1237 413 1309 invigilant
427 1235 544 1302 Domini,
560 1243 692 1304 nocteque
705 1233 811 1304 dieque.

120 1331 175 1386 llas
187 1331 258 1384 inter
273 1326 362 1383 fuerat
374 1340 514 1382 sacrarum
527 1325 596 1381 cella
608 1339 744 1391 summm,

121 1418 194 1487 Quas
208 1419 298 1474 subito
312 1416 426 1472 nimium
441 1415 581 1485 quassavit
594 1415 678 1486 pestis
695 1416 803 1480 acerba,

120 1509 162 1565 Ex
174 1510 228 1562 vita
242 1509 294 1562 hac
308 1508 398 1577 rapuit
411 1521 554 1577 perquam
572 1521 644 1562 mors
658 1506 750 1561 ultima
762 1505 876 1572 multas;

121 1600 278 1655 Semineces
292 1599 415 1668 quendam
427 1599 507 1670 longo
517 1597 628 1668 jacuere
645 1599 754 1664 dolore3

122 1688 222 1745 Terror
233 1691 328 1745 mortis
340 1697 398 1744 erat
410 1689 519 1754 nimius,
532 1691 581 1746 sed
594 1699 622 1746 et
634 1692 760 1748 omnibus
777 1691 859 1749 idem.

122 1781 191 1852 Spes
205 1781 256 1834 livit
267 1781 293 1833 iu
308 1778 409 1834 famulo
423 1778 535 1846 Christi,
549 1788 662 1836 vocatus
676 1791 704 1837 et
717 1780 763 1837 ille

121 1872 189 1929 Cum
203 1871 330 1940 lacrymis
339 1869 420 1924 citius
433 1868 512 1924 fessis
527 1883 687 1926 succurrere
701 1872 793 1927 rebus.

123 1962 158 2019 ht
171 1961 233 2032 pius
249 1959 294 2015 ille
306 1959 387 2014 Pater
398 1959 542 2030 complevit
556 1968 618 2016 vota
632 1976 756 2017 summm

121 2052 285 2118 Adveniens,
299 2051 360 2106 illas
370 2049 496 2119 jamnae
509 2065 571 2121 spes
585 2051 654 2107 alma
668 2051 773 2118 fefellit,

123 2143 176 2198 Sed
190 2142 316 2213 precluus
327 2141 413 2197 sancti
426 2156 490 2196 mox
502 2142 587 2212 pestis
600 2144 698 2198 acerba
708 2143 835 2209 recessit,

121 2231 156 2287 Et
170 2231 285 2293 borniuo
298 2229 404 2285 laudem
419 2230 536 2285 reddunt
545 2245 595 2301 pro
608 2232 710 2301 sospite
720 2232 787 2287 vita.

415 2340 529 2398 ohrhr
547 2341 629 2396 xxll.

123 2433 200 2502 Quod
224 2444 304 2489 lotom
326 2433 433 2486 domum
457 2432 573 2502 ejusdem
597 2431 801 2554 patrisfamilias
825 2448 841 2485 u
865 2433 917 2485 du·

158 2507 264 2560 sissimo
283 2504 410 2558 durbonis
433 2503 576 2556 tentatione
608 2503 718 2557 iheraret
739 2501 832 2573 lilith,
854 2501 918 2556 tioc-

162 2575 268 2647 noraoth

161 2687 243 2742 'fecta
257 2687 353 2740 domus
368 2684 454 2753 patris
472 2681 612 2751 cuiusdam
628 2691 748 2752 tempore
763 2681 848 2736 multo

127 2777 232 2846 Saepius
249 2776 358 2829 incursu
375 2781 508 2828 rorantur
521 2771 651 2827 daemoms
663 2773 726 2838 atri,

126 2868 245 2938 Spiritus
258 2873 286 2921 et
303 2865 385 2920 iuriis
400 2865 474 2919 dirus
488 2863 636 2918 terroribus
652 2862 724 2917 illam

124 2959 290 3030 Torquebat,
305 2971 375 3012 vano
388 2973 438 3012 nee
448 2955 503 3026 jam
519 2957 709 3025 phantasmate
725 2963 845 3019 tavvtum;

125 3047 180 3105 Sed
192 3048 286 3104 nocuit
303 3047 419 3102 multum
433 3044 585 3101 manifestis
601 3046 709 3116 publice
720 3046 812 3116 gestis,

123 3141 260 3197 bluftoties
272 3140 396 3196 manibus
410 3133 500 3210 raptas
513 3148 667 3210 vestesque,
679 3140 808 3209 cibosque

123 3229 252 3300 injiciens
264 3229 395 3296 flammls;
412 3229 543 3284 infantem
558 3238 637 3284 nocte
647 3229 783 3300 jacentem

124 3321 273 3391 Amplexus
288 3323 359 3377 inter
373 3321 471 3375 tulerat
483 3321 523 3374 vis
536 3321 593 3375 dira
607 3328 762 3390 parentum,

126 3412 208 3469 Visus
225 3413 252 3466 irr
268 3412 409 3466 ardentem
420 3411 572 3480 plorantem
586 3412 694 3464 vuitterc
712 3424 817 3480 pyram,

127 3499 182 3556 Sed
194 3501 240 3553 vix
252 3506 361 3568 ereptus
374 3496 498 3551 manibus
512 3498 545 3552 de
557 3505 643 3552 morte
656 3513 775 3552 suomru.

126 3590 203 3648 lianc
218 3597 321 3661 pestem
334 3588 424 3644 nullus
436 3589 523 3658 potuit
536 3603 635 3644 sanare
648 3589 785 3653 sacerdos,

126 3683 219 3739 bones
233 3682 291 3752 ipse
307 3680 356 3736 Dei
368 3679 485 3736 famulus
500 3695 515 3734 a
529 3687 607 3750 patre
620 3688 731 3751 rogatus

127 3774 204 3831 lianc
219 3774 345 3844 precibus
357 3781 463 3844 pestem
474 3773 576 3828 sanctis
590 3775 725 3845 purgavit,
738 3784 766 3830 et
779 3775 815 3829 illi

127 3864 243 3921 Nomine
257 3865 307 3920 sub
319 3862 419 3919 Christi
434 3862 605 3919 benedictam
619 3864 732 3919 miserat
747 3865 856 3920 undam.

127 3957 262 4016 Pressius
277 3964 305 4012 et
317 3970 409 4012 rerum
421 3954 519 4026 praesul
533 3955 696 4026 praedixerat
709 3955 758 4021 illi,

127 4049 204 4117 Quod
219 4049 315 4105 domus
329 4046 375 4103 illa
388 4055 467 4104 vetus
477 4046 593 4102 flammis
606 4048 641 4103 ab
653 4048 732 4104 hoste
746 4049 842 4105 fuisset

125 4141 318 4198 Consumenda
329 4140 405 4211 prius
420 4158 428 4194 ι
443 4155 477 4196 ne
492 4148 530 4206 tc,
543 4154 619 4211 rogo,
635 4147 736 4196 terreat
750 4141 831 4211 iguis,

127 4230 270 4288 Construis
283 4238 382 4302 optatae
394 4230 491 4285 melius
506 4229 554 4285 tibi
567 4238 637 4286 tecta
652 4231 758 4298 salutis,

127 4321 193 4391 Qum
208 4323 315 4378 munire
326 4321 382 4377 cito
393 4320 537 4376 benedicto
551 4319 625 4377 fonte
638 4331 784 4379 memento.

126 4410 191 4468 Post
202 4412 320 4486 donante
332 4409 389 4466 Deo
403 4411 539 4480 serpentis
553 4419 630 4480 peste
643 4413 762 4478 carebis,

125 4506 161 4563 Et
175 4514 221 4560 tua
233 4511 289 4558 tota
302 4501 398 4572 domus
414 4507 502 4555 tecum
520 4502 646 4575 gaudebit
658 4512 757 4557 amata.

126 4595 223 4655 Omnia
237 4608 300 4649 mox
313 4592 398 4662 patris
413 4592 582 4663 complentur
595 4594 623 4649 in
632 4586 726 4650 ordin'c
740 4595 825 4664 dieta,

126 4687 168 4745 Cx
177 4689 241 4744 binc
255 4689 326 4745 nulla
341 4690 448 4747 domurn
462 4691 550 4764 tetigit
563 4691 677 4748 tentatio
690 4691 760 4759 talis,

127 4777 182 4837 Sed
194 4780 264 4835 bene
279 4795 392 4837 securus
407 4784 508 4838 mansit
521 4784 658 4839 habitator
671 4783 698 4838 in
713 4783 768 4839 illa.

414 4897 528 4956 CAPUT
546 4897 638 4954 XXflf.

21 5032 25 5039 ·
129 5009 205 5078 Quod
220 5011 259 5064 uir
273 5010 322 5066 Dei
334 4992 424 5066 Caroli
446 5010 521 5066 ducis
537 5009 703 5068 Francorum
724 5013 809 5083 filium
832 5014 922 5086 Pippi-

164 5098 226 5136 num
239 5081 388 5151 baptizavit,
400 5090 424 5135 ct
436 5080 555 5150 futurum
565 5081 589 5136 ci
598 5083 755 5152 praedixerat
768 5101 885 5156 regnunt.

162 5191 217 5248 lste
231 5193 279 5248 Dei
292 5200 402 5249 sanctus
415 5192 577 5265 predixerat
592 5203 654 5250 ante
667 5193 768 5263 futura,

129 5281 195 5350 Quae
204 5295 266 5354 post
280 5293 394 5341 eventus
406 5300 496 5341 rerum
510 5285 591 5341 modo
604 5300 667 5341 vera
681 5286 823 5356 probabat.

129 5371 252 5444 Namque
266 5376 342 5433 ducis
359 5376 447 5433 Caroh
460 5377 603 5448 Pippinum
617 5378 727 5435 nomine
740 5388 833 5437 natum

129 5464 166 5522 Ut
179 5466 259 5522 Pater
272 5471 377 5539 optavit
393 5485 471 5527 sacro
485 5471 646 5540 baptismate
658 5471 749 5540 tinxit,

110 5590 113 5601 ·
130 5554 169 5612 lle
183 5560 237 5626 qivo
252 5561 391 5630 discipulis
404 5563 530 5632 praedixit
545 5563 609 5619 talia
627 5572 704 5619 vates
719 5582 726 5618 :

132 5644 265 5704 Orouibus
278 5650 330 5706 iste
344 5650 405 5708 aliis
415 5650 496 5709 fuerit
510 5652 651 5710 sublimior
664 5653 754 5711 infans

960 470 1010 526 llic
1021 477 1096 542 reget
1106 469 1249 539 imperium
1264 466 1328 523 felix
1341 464 1457 522 feliciter
1466 463 1550 530 istud,

959 560 1082 617 Dilatans
1096 560 1164 616 fines
1179 559 1284 628 magnis
1298 557 1363 612 hinc
1377 556 1440 612 inde
1455 555 1613 625 triumphis.

959 649 1018 706 Nou
1032 665 1099 721 opus
1113 658 1156 704 est
1168 647 1269 703 nostris
1285 647 1348 702 illud
1364 653 1520 702 monstrare
1532 644 1683 710 Camoenim

960 740 1037 810 Quod
1048 748 1105 797 toto
1118 740 1192 796 veris
1207 738 1359 795 celebratur
1371 738 1399 793 in
1411 738 1478 793 urhe
1489 736 1615 809 loquelis.

1241 847 1355 906 CAPUT
1374 847 1468 904 xxiv

1079 940 1118 996 fic
1132 939 1248 996 moribus
1263 939 1332 994 etde
1345 938 1416 992 obitu
1430 939 1515 994 tancti
1531 936 1632 993 Putris.

996 1052 1045 1108 Vir
1058 1050 1110 1106 fuit
1123 1051 1174 1106 iste
1186 1050 1245 1116 bei,
1258 1050 1377 1121 patiens,
1391 1051 1556 1116 moderatus,
1575 1049 1720 1116 honestus,
1777 1060 1780 1066 ·

961 1143 1081 1200 lforibus
1093 1132 1230 1213 egregius,
1244 1149 1272 1197 ct
1287 1141 1403 1196 inomni
1417 1150 1545 1197 strenuus
1558 1149 1632 1208 actu,

961 1236 1049 1293 Corde
1063 1236 1135 1306 pius,
1148 1235 1244 1290 humili
1254 1236 1340 1302 mitis,
1354 1236 1510 1307 rigidusque
1522 1235 1652 1306 superbo,

962 1327 1072 1385 Solatur
1083 1327 1203 1395 miseris,
1218 1336 1247 1384 et
1258 1329 1336 1399 inops
1351 1329 1414 1394 sibi,
1429 1327 1505 1384 dives
1519 1328 1625 1400 egenis.

963 1418 1014 1487 Qui
1027 1425 1171 1489 postquam
1185 1418 1248 1474 vitae
1260 1419 1366 1473 meritis
1383 1416 1521 1489 perfectus
1534 1419 1562 1473 iu
1578 1417 1670 1484 annis,

961 1510 1009 1567 Bis
1023 1519 1120 1566 octena
1133 1510 1195 1580 pius
1207 1510 1353 1580 complevit
1366 1510 1453 1565 lustra
1466 1509 1604 1576 sacerdos,

964 1601 1019 1658 'fer
1032 1609 1129 1671 quater
1147 1608 1175 1656 et
1188 1615 1314 1668 menses,
1328 1601 1432 1656 mensis
1441 1599 1500 1671 iam
1511 1616 1624 1674 Jamque
1644 1599 1752 1655 Novem

1646 1691 1722 1765 [bris.

964 1784 1054 1841 idibus
1064 1785 1179 1850 octenis,
1191 1783 1253 1840 coeli
1267 1784 1394 1856 migravit
1406 1784 1441 1840 ad
1454 1783 1555 1850 aulam,

964 1873 1087 1931 Cmtibus
1100 1875 1229 1946 angelicis
1240 1873 1363 1945 junctus,
1377 1874 1534 1930 celestibus
1544 1873 1655 1944 hymnis

964 1964 1125 2023 Collaudans
1142 1964 1281 2022 Christum
1295 1981 1403 2036 semper
1415 1966 1475 2020 sine
1490 1968 1543 2020 line
1556 1965 1665 2022 beatus.

1251 2077 1365 2135 CAPUT
1383 2077 1466 2133 XXV.

966 2167 1044 2235 Quod
1058 2168 1268 2238 fratrerPotrem
1281 2167 1431 2240 sepelientes
1444 2170 1473 2223 in
1485 2170 1686 2240 sarcophagum,
1692 2170 1756 2241 qnod

1001 2240 1103 2294 breuius
1116 2241 1201 2309 fucrot
1215 2240 1318 2311 corpori
1329 2239 1395 2309 ejrtr,
1410 2238 1495 2293 cubito
1507 2239 1542 2292 ud
1554 2249 1644 2310 uptam
1656 2257 1755 2294 mensu·

1001 2325 1060 2365 rom
1073 2310 1227 2380 protelatur.

1001 2420 1086 2490 Quem
1102 2422 1200 2479 fratres
1215 2425 1304 2480 studio
1319 2434 1451 2481 curarunt
1465 2425 1581 2481 condere
1594 2432 1690 2481 sancto

965 2511 1139 2579 Psalmodiis,
1153 2515 1271 2586 hymnis,
1285 2531 1382 2587 magno
1395 2531 1457 2571 cum
1472 2516 1561 2572 laudis
1575 2517 1689 2574 honore.

968 2602 1169 2676 sarcophagum
1181 2606 1290 2662 brevius
1304 2607 1393 2662 fuerat
1407 2608 1454 2663 sed
1465 2622 1579 2677 corpore
1590 2606 1689 2672 Patris,

966 2692 995 2748 fn
1010 2709 1063 2762 quo
1079 2703 1141 2749 tunc
1154 2694 1254 2751 fratres
1268 2696 1413 2752 voluerunt
1423 2697 1540 2753 condere
1552 2712 1662 2767 corpus.

967 2784 1062 2839 Effecti
1077 2786 1192 2841 nimium
1206 2788 1308 2853 tristes,
1321 2788 1446 2843 mirabile
1457 2789 1531 2844 dictu
1542 2790 1548 2842 !

967 2874 1038 2930 liceo
1049 2885 1160 2946 repente
1170 2877 1239 2948 lapis
1253 2894 1283 2935 se
1297 2880 1432 2949 pmtelare
1446 2879 1534 2936 locelli

968 2966 1066 3038 Coepit,
1079 2979 1106 3024 et
1121 2970 1154 3025 ad
1169 2970 1285 3029 formam
1296 2987 1326 3028 se
1340 2964 1442 3042 ap'tavit
1454 2973 1577 3044 corporis
1587 2972 1660 3028 almi.

932 3076 955 3138 C
1253 3082 1366 3144 capul
1388 3087 1480 3144 xxvi.

968 3186 1004 3240 Et
1015 3184 1083 3257 quod
1096 3186 1157 3240 oriri
1171 3187 1260 3241 odoris
1275 3187 1422 3271 fruprorrtiu
1436 3198 1517 3243 lotam
1530 3189 1670 3260 asperserit
1684 3186 1762 3242 cccle-

1323 3275 1401 3313 arum.

1003 3370 1076 3425 fater
1094 3380 1121 3426 cl
1134 3372 1277 3441 exsequias
1291 3372 1353 3427 miri
1368 3371 1518 3442 fragrantia
1530 3373 1621 3429 odoris

969 3461 1113 3516 Ambrosio
1126 3460 1269 3517 ecclesiam
1284 3462 1420 3532 perfundit
1433 3470 1542 3519 nectare
1555 3471 1650 3528 totam,

969 3550 1115 3620 Perspicua
1127 3550 1276 3620 angelicam
1288 3561 1441 3608 monstrans
1455 3553 1561 3609 vovisse
1571 3558 1710 3608 catervam

970 3644 1010 3698 hd
1025 3643 1114 3698 Patris
1124 3641 1240 3698 officium
1253 3643 1321 3699 laetis
1335 3645 1511 3700 concentibus
1525 3644 1598 3699 almi.

1245 3757 1359 3814 cohor
1381 3756 1485 3812 XXh'll.

973 3866 1049 3933 Quod
1066 3867 1119 3922 heo
1133 3880 1255 3939 operante
1273 3871 1347 3951 riqnu
1368 3871 1618 3955 iocurque-rufeout
1634 3871 1704 3941 ficri,
1723 3872 1766 3926 ubi

1147 3950 1253 3994 tanetus
1268 3956 1307 3994 ear
1320 3957 1427 4011 corpore
1442 3951 1587 4014 rcqurcrcrt.

1006 4051 1059 4105 lste
1077 4051 1158 4106 Pater
1177 4060 1299 4116 sanctus,
1318 4063 1423 4122 pastor,
1435 4054 1604 4123 patriarcha,
1626 4053 1764 4117 sacerdos,

971 4140 1000 4196 hv
1014 4143 1121 4211 propria
1136 4150 1233 4213 pausat
1244 4143 1307 4198 fehx
1321 4143 1473 4200 heternaco
1486 4143 1566 4210 cella,

972 4234 1001 4289 fn
1014 4234 1122 4291 laudem
1137 4237 1260 4303 bomini,
1275 4253 1356 4308 quam
1368 4236 1426 4305 jam
1440 4244 1633 4293 construxerat
1644 4237 1701 4308 ipsc

972 4325 1002 4381 ln
1016 4343 1068 4396 qua
1083 4327 1160 4399 signa
1171 4328 1242 4384 heus
1255 4327 1338 4384 faciet
1352 4343 1424 4384 nuno
1438 4343 1526 4398 usque
1537 4327 1642 4382 salutis.

937 4424 962 4486 1)
974 4415 1014 4471 Ex
1028 4417 1080 4472 olei
1092 4425 1163 4473 tactu
1175 4418 1252 4473 multi
1266 4428 1398 4474 sanantur
1408 4418 1515 4490 aegroti,

973 4507 1050 4575 Quod
1065 4506 1134 4564 solet
1148 4507 1182 4562 ad
1194 4524 1293 4579 coquus
1305 4510 1397 4581 magni
1409 4509 1500 4564 lucere
1513 4509 1631 4578 patroni.

973 4599 1088 4657 Vincula
1101 4611 1262 4671 rumpuntur
1276 4618 1324 4672 per
1339 4618 1369 4658 se
1381 4601 1590 4673 properantibus
1604 4601 1678 4665 illuc,

974 4691 1025 4760 Qui
1040 4709 1089 4748 sua
1102 4707 1163 4746 cum
1176 4691 1302 4764 lacrymis
1317 4694 1429 4750 veniunt
1442 4691 1513 4750 urafa
1527 4694 1642 4748 crimina
1655 4691 1721 4746 flere

974 4783 1009 4840 Et
1020 4784 1074 4838 laeti
1088 4781 1211 4850 redeunt,
1224 4783 1332 4841 Christo
1346 4786 1474 4850 donante,
1489 4785 1579 4840 soluti.

1242 4898 1355 4957 CAPUT
1375 4898 1490 4956 xxlltl.

974 5013 1051 5080 Quod
1063 5012 1152 5070 iumen
1162 5030 1230 5085 rupe
1242 5014 1358 5068 cernhur
1369 5031 1450 5085 supra
1469 5011 1593 5068 lectulum
1605 5011 1648 5065 uhi
1661 5020 1765 5066 solvetur

1229 5082 1416 5139 ih'iilibrordur
1434 5084 1506 5137 obiit.

914 5240 918 5247 .
1007 5198 1091 5269 inque
1105 5197 1164 5253 foco
1177 5197 1275 5264 sancti,
1292 5212 1346 5268 quo
1360 5204 1435 5253 stant
1449 5213 1528 5254 sacra
1542 5194 1651 5263 lectula,
1667 5192 1764 5259 Patris,

975 5288 1079 5359 sepius
1090 5289 1233 5345 aetherium
1245 5289 1334 5345 lumen
1347 5289 1455 5346 venisse
1469 5289 1587 5356 videtur,

975 5379 1025 5435 ilic
1034 5381 1096 5450 quia
1109 5380 1246 5451 pontificis
1258 5382 1383 5453 linquens
1395 5383 1531 5454 ergastula
1545 5387 1637 5444 carnis

975 5473 1092 5546 Spiritus
1107 5485 1179 5531 astra
1191 5476 1258 5546 petit
1267 5476 1374 5532 meritis
1387 5478 1526 5533 vivacibus
1537 5479 1603 5547 afta,
1706 5488 1715 5502 ³

975 5565 1042 5621 Cum
1057 5564 1164 5621 Christo
1178 5574 1206 5621 et
1220 5567 1323 5622 sanctis
1336 5567 1467 5623 fruiturus
1480 5568 1540 5624 lucc
1554 5571 1679 5641 pereuni,

975 5654 1052 5724 Quod
1069 5655 1115 5710 lux
1130 5655 1309 5724 demonstrat,
1324 5659 1421 5715 erebro
1435 5674 1543 5731 qnoque
1556 5661 1679 5719 cernitur
1695 5660 1764 5719 lstlr.
