3780 6120
79 288 134 344 809
578 286 777 345 iithhalcu.
797 318 833 328 -
850 285 983 343 otricus
1004 285 1071 342 Plill
1086 281 1222 340 FEllth.

79 396 156 447 actus,
173 377 228 452 il).
242 379 316 435 bona
327 378 393 434 mibi
405 392 460 433 non
469 379 510 435 eis
519 381 684 446 consentire,
696 389 724 435 et
734 379 873 450 siquando
886 383 912 441 Α

78 487 125 531 ute
142 470 313 530 delectamur
329 469 422 543 μαψ,
447 469 606 543 delcetanq,
627 485 677 527 eas
699 471 875 527 nihilominus

77 563 245 634 inpnubare,
265 576 316 618 nec
338 561 366 615 in
380 561 421 616 eis
442 559 518 617 reiut
535 560 707 616 dormitando
719 559 873 616 immorari:

76 671 131 713 nec
141 656 171 711 in
183 663 290 711 tanurm
304 653 413 709 valeant
426 654 497 724 apud
516 669 570 722 me,
585 661 616 709 ut
630 652 733 724 aliquid
746 654 773 709 in
791 669 875 724 opera

78 761 141 804 mea
166 747 297 819 procedat
316 762 351 802 ex
374 746 439 811 iilis,
466 746 514 801 scd
528 747 563 803 ab
575 747 617 802 eis
639 762 700 802 mea
719 749 812 803 statim
839 749 876 803 sit

79 846 139 895 tuta
156 837 302 903 smhntin,
325 837 562 893 tutaoonscientia
584 846 611 893 te
632 846 735 893 tuente.
759 838 875 909 Sapiens

78 930 191 1003 qnidam
212 944 276 984 cum
288 928 322 984 dc
341 935 367 983 te
388 927 547 998 loqueretur
559 928 587 984 iu
603 927 675 985 libro
688 945 747 996 suu,
763 931 811 1000 qni
824 931 875 987 lic·

77 1021 251 1079 ctesiasticus
274 1020 387 1091 proprio
411 1021 521 1076 nominc
542 1020 600 1092 jam
628 1030 761 1077 uocatur:
777 1022 873 1090 linita,

79 1113 177 1185 inquit,
200 1113 323 1177 dimanat,
338 1123 362 1168 et
375 1130 428 1169 aaa
442 1115 626 1184 perversiorem
642 1124 667 1169 et
681 1120 874 1173 consummatio

79 1224 230 1263 umanum
254 1209 376 1263 uniuersa
398 1208 453 1278 ipse
468 1217 506 1262 eet
527 1207 622 1281 (Ereti.
637 1225 715 1275 nutu,
733 1209 790 1283 29).
806 1209 874 1267 Cum

78 1314 145 1373 ergo
162 1299 370 1370 pervenerimus
381 1299 415 1354 ad
430 1307 465 1365 te,
478 1300 625 1355 cessabunt
642 1300 727 1356 multa
748 1302 801 1358 ista
814 1318 875 1374 anoe

81 1390 162 1463 125
178 1391 306 1455 dicimus,
320 1400 343 1444 et
359 1406 411 1444 aon
426 1392 610 1461 perueaimar,·
624 1400 651 1448 et
669 1392 791 1448 manebis
804 1408 875 1448 unus

80 1483 172 1537 omnia
186 1482 215 1536 iu
228 1481 355 1537 omnibus
367 1498 374 1547 ;
386 1489 414 1536 ct
426 1481 486 1536 sine
499 1481 554 1538 tine
572 1482 693 1540 dicemus
707 1500 802 1550 unum,
815 1485 874 1540 lau-

79 1576 177 1631 dantes
195 1583 223 1631 tc
242 1575 270 1629 in
285 1590 381 1640 unum,
406 1583 433 1630 et
448 1576 477 1629 in
491 1584 519 1632 tc
535 1577 618 1631 etiam
634 1577 700 1634 laeti
714 1594 764 1635 nos
778 1595 872 1644 unum,

80 1668 195 1726 llumine
211 1670 283 1725 Deus
303 1686 358 1725 une
378 1683 402 1724 Ι.
424 1670 496 1728 bons
519 1672 650 1739 Trinitas,
674 1673 786 1745 ignosce
805 1675 910 1785 mibiB

80 1761 175 1816 omnia
198 1770 309 1832 peccata
324 1777 395 1828 mea,
414 1772 443 1818 ct
455 1764 482 1818 in
501 1765 552 1819 hac
570 1765 725 1838 integritate
747 1766 820 1833 lldci,
844 1777 873 1825 et

81 1853 214 1909 bonomm
230 1870 343 1926 opernm
356 1855 523 1926 perfectione
535 1859 639 1914 custodi
655 1875 709 1926 me,
728 1869 756 1916 et
768 1862 804 1916 ab
814 1876 873 1917 om-

81 1947 164 2003 uibus
177 1946 282 2003 insidiis
297 1949 396 2004 diaboli
411 1958 439 2005 et
458 1950 599 2006 bominum
612 1950 696 2008 libera
711 1956 766 2019 mc,
782 1962 811 2010 et
822 1953 873 2009 aab

81 2040 178 2096 umbra
195 2041 300 2097 alarum
316 2050 424 2097 mamm
446 2049 558 2115 protege
571 2058 626 2110 me,
642 2044 689 2114 quui
703 2060 733 2099 es
748 2045 874 2102 benedic·
924 2115 925 2118 Ἴ

82 2140 123 2188 tos
137 2132 166 2188 in
181 2133 291 2190 saecula.

150 2245 296 2303 arunas
316 2246 417 2303 busti
435 2245 589 2302 crisconi
608 2246 744 2303 sabbati
758 2248 794 2314 b,

77 2338 117 2394 De
128 2341 276 2407 nativitate,
287 2350 312 2395 et
323 2340 461 2411 baptismo,
475 2350 499 2395 et
513 2340 617 2404 uirtute,
630 2349 654 2394 et
666 2340 828 2404 traditione,
848 2349 876 2395 et·

112 2411 457 2537 mioffiszeramctione
469 2421 493 2465 et
506 2411 658 2465 ascensione
671 2410 777 2464 flamini
789 2412 872 2464 rtortri

221 2603 243 2657 Α
257 2600 322 2656 solis
333 2607 409 2655 ortus
421 2599 532 2654 cardine

187 2695 230 2750 Ad
243 2709 328 2766 nsque
343 2703 424 2749 terre
436 2693 550 2748 limitem
565 2733 573 2758 ,

188 2785 325 2843 Gluristum
339 2801 468 2842 canamus
479 2784 630 2856 principem

188 2876 285 2934 Natum
300 2877 384 2932 llaria
397 2877 512 2948 virgine.

222 2972 323 3028 lleatus
336 2979 431 3027 auctor
443 2968 535 3026 saculi

186 3062 292 3120 Scrrile
303 3078 401 3134 corpus
414 3061 502 3117 induit
514 3100 521 3125 ,

186 3154 223 3212 lit
235 3169 317 3211 carne
330 3168 439 3210 carnem
455 3151 574 3206 liberans

184 3246 225 3303 lle
234 3247 362 3317 perderet
374 3258 443 3315 quos
459 3240 526 3315 [At.,
540 3238 623 3313 qnod]
637 3237 768 3295 condidit.

219 3336 324 3393 Clarisae
337 3333 405 3408 idi,
418 3331 522 3403 clausa]
538 3330 660 3402 parentis
675 3328 779 3382 uiscera

184 3426 309 3483 iimlestis
320 3426 406 3480 intrat
416 3422 502 3495 gratia
515 3439 522 3475 :

186 3516 286 3573 Venta
298 3513 393 3585 puellae
405 3512 507 3582 bajulat

185 3605 295 3665 Secreta
311 3622 372 3679 quae
384 3620 438 3661 nou
452 3613 577 3660 noverat.

221 3698 321 3756 bomris
330 3697 421 3768 pudici
433 3694 556 3765 corporis
570 3691 636 3765 [di.,
648 3692 777 3764 pectoris]

190 3788 329 3861 Templum
346 3795 456 3858 repente
470 3785 500 3839 lit
512 3783 560 3839 [ici
575 3800 582 3837 ε

186 3881 289 3936 ltutacta
303 3880 426 3935 nesciens
438 3879 528 3934 rimm

186 3968 274 4026 Vcrbo
289 3971 412 4042 concepit
424 3970 531 4025 Filium.

220 4062 307 4118 Enixa
318 4071 360 4118 est
372 4076 505 4133 puerpera
516 4061 588 4135 idi,
603 4059 690 4116 Enixa
706 4057 764 4128 iam
787 4073 868 4129 pner-

687 4152 764 4226 [pera
777 4151 831 4226 est]

186 4247 270 4318 Quom
281 4249 389 4306 Gabriel
402 4248 565 4321 praedixerat
580 4266 588 4304 ι

185 4343 271 4412 Quem
284 4344 380 4399 matris
395 4342 456 4397 alvo
470 4342 590 4414 pesticps

183 4432 296 4491 Clausus
309 4433 427 4491 ioannes
441 4440 573 4490 senserat.

218 4527 291 4584 Pena
301 4527 392 4598 jacere
405 4526 517 4598 pertulit
530 4566 538 4593 ,

183 4618 305 4691 Prcsepe
319 4635 371 4675 non
385 4618 527 4674 obdormit
543 4635 549 4672 :

182 4708 324 4780 Parvaque
337 4710 406 4765 lacte
417 4717 512 4779 pastus
523 4715 582 4775 est,

183 4797 237 4856 Per
249 4816 328 4871 quiem
342 4816 393 4856 nec
406 4800 462 4855 ales
475 4799 571 4855 esurit.

217 4892 323 4948 Gaudet
335 4895 436 4948 chorus
449 4890 615 4955 coelestium,

182 4981 216 5038 lit
233 4983 319 5054 angeli
334 4990 434 5038 canum
452 4980 527 5037 lieo:

180 5074 327 5145 Palemque
341 5073 372 5129 dt
384 5074 537 5144 pastoribus

182 5165 277 5222 Pastor
288 5165 402 5220 Creator
415 5165 546 5221 omnium.

217 5256 307 5312 llostis
320 5254 441 5312 llerodes
456 5255 548 5323 impie,

1032 379 1172 436 Christum
1186 377 1280 434 uenire
1294 377 1358 447 quiid
1372 377 1470 433 tiamsi

1034 471 1093 527 Non
1107 472 1190 542 eripit
1200 469 1266 543 [di.,
1279 485 1333 525 non
1343 467 1453 540 abripit]
1466 467 1590 523 inortaiin

1033 562 1085 631 Qui
1100 578 1183 635 regna
1197 564 1245 618 dat
1261 561 1394 620 coelestia.

1009 705 1017 721 ,
1068 653 1146 710 lbant
1159 652 1241 725 biugi,
1258 669 1311 724 qua
1324 660 1457 710 venerant
1470 650 1536 724 [At.,
1550 666 1633 721 quam
1648 650 1721 708 vidu-

1596 742 1681 818 [rant]
1800 754 1803 759 '

1035 838 1149 895 Stellam
1159 848 1304 910 sequentes
1316 841 1465 911 praeviam:

1032 929 1136 986 Lumen
1150 931 1291 1001 requirunt
1308 945 1421 986 munere
1432 927 1498 1001 [di.,
1513 927 1626 1000 luntine]
1639 970 1651 994 ,

1035 1019 1121 1075 Βειιιη
1136 1019 1256 1077 latentur
1267 1037 1391 1079 munere.

1065 1113 1183 1170 Katerva
1195 1125 1312 1172 matrum
1326 1125 1456 1186 personat

1031 1204 1131 1261 Collisa
1148 1205 1250 1264 dedens
1263 1207 1377 1279 pignora
1391 1226 1398 1260 ι

1030 1295 1153 1363 Quorum
1164 1294 1296 1369 tyrannus
1308 1298 1391 1354 miliia

1032 1388 1142 1446 Christo
1156 1391 1275 1445 sacrauit
1287 1391 1398 1446 uictima
1410 1389 1479 1462 [st.,
1492 1391 1654 1465 uictimaml.

1066 1479 1185 1536 Lavacra
1202 1481 1262 1551 puri
1277 1481 1391 1553 gurgitis

1030 1571 1158 1627 Coelestis
1169 1571 1264 1643 Agnus
1279 1572 1370 1643 attigit
1383 1589 1389 1625 :

1036 1663 1153 1719 Peccata
1165 1678 1225 1733 qum
1239 1678 1293 1718 non
1307 1662 1405 1718 detulit

1031 1753 1086 1809 Nos
1096 1752 1230 1811 obluendo
1242 1755 1360 1810 sustulit.

1067 1842 1205 1898 lliraculis
1219 1843 1295 1899 dedit
1308 1843 1390 1907 lldcm

1030 1934 1136 1990 llabere
1163 1935 1311 1992 secundnm
1334 1935 1444 1994 Patrem
1464 1935 1539 2011 idi,
1561 1939 1668 1997 ilabere
1688 1958 1719 2000 eo

1423 2028 1523 2102 [lienm
1537 2028 1658 2105 Patrem]
1672 2051 1679 2086 t

1029 2119 1139 2176 lnlirma
1154 2134 1255 2177 sanans
1267 2137 1382 2192 corpora
1395 2162 1403 2188 ,

1028 2212 1062 2268 Et
1075 2213 1211 2271 sumitans
1221 2211 1288 2287 [Ai.,
1299 2213 1476 2288 resuscitans]
1489 2216 1631 2274 cadauera.

1065 2303 1170 2360 Nouum
1184 2319 1270 2379 genus
1288 2305 1415 2376 potentiae

1030 2396 1108 2466 hona
1126 2396 1194 2470 [Ai.,
1209 2396 1297 2471 aquae]
1309 2399 1457 2455 rubescunt
1467 2400 1589 2473 hydriae:

1030 2486 1183 2559 linumque
1193 2485 1269 2557 jrussa
1283 2487 1397 2546 sundere

1029 2578 1143 2634 lintauit
1154 2579 1227 2634 unda
1238 2580 1381 2652 originem.

1062 2669 1130 2726 Orat
1140 2668 1254 2725 salntem
1267 2671 1375 2726 servulo

1030 2762 1115 2817 Nixus
1126 2760 1192 2835 [Al.,
1207 2761 1317 2835 Florus]
1332 2777 1402 2835 genn
1415 2763 1543 2820 Centurio
1558 2782 1565 2820 ε

1029 2851 1172 2909 Credentis
1188 2852 1270 2907 ardor
1280 2851 1414 2923 plurimus

1028 2944 1166 3001 Exstinxit
1180 2945 1256 3017 ignca
1269 2945 1394 3001 lebrium.

1064 3032 1159 3089 Petrus
1168 3048 1218 3104 pcr
1231 3035 1318 3090 untias
1331 3036 1451 3092 ambulat
1463 3037 1531 3111 [At.
1544 3041 1698 3118 ambulans]

899 3141 907 3158 ¹
1028 3128 1130 3185 Christi
1143 3129 1248 3185 levatus
1262 3129 1328 3204 [di.,
1341 3132 1458 3206 levatur]
1474 3134 1606 3190 dextera:

1026 3219 1129 3275 Natura
1142 3235 1222 3291 quam
1235 3231 1402 3293 negaucmt,

1024 3312 1105 3368 Fides
1115 3313 1222 3383 parauit
1233 3314 1370 3369 semitam.

1058 3403 1162 3472 Quarta
1175 3404 1219 3460 die
1230 3403 1287 3473 jam
1299 3404 1400 3462 ictidas

1026 3495 1115 3551 h'itnm
1128 3498 1232 3568 recepit
1242 3497 1381 3555 lascarus:

1027 3586 1172 3659 llortisquc
1187 3589 1257 3645 libcr
1272 3589 1348 3663 [At.,
1371 3591 1538 3664 (iunctisque
1559 3597 1638 3673 liber]
1656 3601 1716 3657 rin·

1597 3690 1678 3762 [erilis

1025 3787 1124 3845 Factus
1137 3799 1180 3848 est
1193 3800 1331 3862 superstes
1345 3795 1407 3851 sibi.

1061 3877 1144 3934 liivas
1157 3881 1265 3937 cruoris
1278 3883 1373 3939 torridi
1386 3884 1454 3957 με,
1468 3885 1584 3962 horridi]

1024 3970 1155 4027 Contacta
1169 3972 1255 4029 uestis
1268 3975 1406 4032 obstruit:

1025 4061 1101 4118 Fletn
1115 4063 1231 4135 rigantis
1244 4063 1311 4137 [At.,
1323 4066 1441 4141 rigante]
1454 4070 1582 4141 supplicis

1023 4152 1127 4209 Clausit
1136 4151 1237 4209 llucnta
1245 4152 1313 4228 [At.,
1321 4155 1537 4234 Arentllucntia]
1548 4165 1697 4236 sanguinis.

1059 4244 1170 4301 Solutus
1183 4246 1258 4301 omni
1274 4247 1571 4325 langnuore[A1.,omni
1587 4258 1711 4333 corporei

1027 4332 1125 4392 iussus
1138 4345 1250 4409 repente
1268 4354 1380 4412 surgere
1396 4381 1405 4409 ,

1028 4426 1091 4483 Suis
1103 4427 1226 4485 uicissim
1238 4432 1377 4501 gressibus

1028 4514 1113 4588 AEgcr
1125 4518 1242 4575 vehebat
1254 4518 1393 4577 lectulum.

1058 4606 1135 4662 lunc
1145 4608 1190 4664 ille
1203 4607 1288 4667 ludas
1300 4610 1422 4667 carnifex

1025 4697 1115 4753 Ausus
1128 4698 1286 4770 Magistrum
1301 4701 1420 4770 tradere,

1026 4788 1124 4846 Pacem
1139 4791 1243 4846 terebat
1254 4790 1349 4848 osculo

1026 4881 1113 4948 Quam
1127 4898 1180 4939 uon
1195 4882 1311 4940 babebat
1323 4895 1443 4956 pectore.

1057 4970 1146 5027 verax
1160 4973 1241 5029 datur
1251 4973 1413 5046 fallacibus,

1021 5065 1098 5123 Pium
1112 5065 1230 5139 flagellat
1244 5068 1344 5141 impius
1359 5086 1367 5126 ε

1020 5158 1155 5228 Cmcique
1171 5157 1243 5216 daus
1254 5160 1386 5219 innocens
1638 5232 1642 5239 ¹

1024 5247 1191 5319 Coniunctus
1203 5259 1246 5306 cst
1260 5250 1328 5324 idi,
1347 5252 1531 5330 conjungitur]
1545 5257 1705 5317 latronibus.

110 5435 218 5508 ⁸hpntl
231 5435 299 5507 Arra.
324 5436 363 5490 ita
383 5434 440 5489 hnc
461 5432 550 5487 oratio
571 5429 708 5486 clauditur
731 5445 738 5483 τ
763 5427 864 5485 «Deus
914 5431 1057 5503 presbytera
1069 5431 1180 5501 hymnus
1200 5433 1373 5497 acrostichis,
1399 5444 1481 5490 tutam
1506 5438 1585 5493 ritant
1606 5437 1705 5498 Chrisrt

74 5506 203 5572 Trinitas,
220 5521 387 5576 quaecunque
401 5503 456 5559 dixi
472 5503 499 5557 in
516 5502 559 5556 his
574 5501 651 5556 libris
663 5501 697 5556 dc
712 5507 768 5565 tuo,
780 5514 864 5570 agno
915 5502 1060 5556 continens.
1076 5501 1140 5556 lude
1152 5501 1308 5558 dillcrentes
1325 5504 1455 5561 lectiones
1470 5509 1635 5578 accepimns.
1652 5511 1706 5568 Nn.

74 5588 151 5636 Stinl
169 5586 197 5634 θῑ
214 5576 252 5633 ῑῑῐῑ
272 5594 279 5629 ³
296 5575 319 5631 Sl
338 5590 390 5645 ΨΜ
408 5574 441 5629 de
459 5587 530 5636 meo,
549 5580 577 5628 ti
588 5581 617 5626 tn
631 5570 739 5695 iffitiosce
756 5579 784 5624 et
796 5569 860 5624 tui-t
916 5571 986 5627 tabit
1011 5570 1097 5627 lector
1114 5570 1216 5643 primas
1234 5572 1338 5631 litteras
1360 5577 1533 5647 stropharum
1548 5579 1629 5650 hujus
1645 5597 1704 5640 car·

108 5650 124 5689 b
138 5644 233 5705 Exstat
244 5647 287 5702 hic
299 5646 416 5769 hpmnns
431 5644 518 5698 editus
531 5640 633 5696 tomll

75 5720 211 5793 largitum,
227 5716 319 5792 popl
343 5716 370 5782 i,
395 5714 513 5769 subhac
539 5712 616 5769 titulo
638 5729 645 5771 :
671 5710 735 5766 Cati
762 5708 864 5766 sedulii

679 5640 717 5696 bl.
731 5638 781 5694 PP.
796 5639 862 5693 edit.
917 5640 997 5697 minis
1011 5649 1096 5697 huttarn
1113 5642 1284 5712 alphabetum
1300 5644 1417 5722 rcicrre,
