3780 6120
121 298 187 356 tort
525 294 557 350 Β.
576 290 609 349 Γ.
621 291 735 352 Atelli
753 291 820 351 SEU
838 290 1137 351 occumbentium
1155 290 1248 350 utus
1264 287 1331 347 llll.
1678 286 1757 349 iim

118 408 176 477 ipse
190 405 302 471 latetur,
315 403 444 460 nimirum
462 419 522 475 quse
541 403 625 462 habet
644 403 750 476 vulgata
768 403 909 461 Confessio
922 407 945 465 Α
959 402 1068 469 suntin,
1082 401 1205 459 refellere
1224 401 1341 458 otiosum
1358 406 1411 466 est,
1429 414 1491 457 eum
1506 399 1569 457 istic
1582 405 1647 472 agat
1660 397 1757 456 hieni-

120 498 233 569 iupaut.
249 514 288 562 rr,
300 513 360 567 cap.
383 496 416 562 t,
435 497 520 562 initio,
541 498 575 553 de
586 497 665 568 panis
687 506 714 553 et
729 498 822 555 caliois
835 498 910 554 obla-
958 510 1012 550 uus
1022 495 1058 550 tle
1072 494 1190 550 natumli
1201 509 1293 549 rerum
1309 501 1391 559 statu,
1406 492 1496 550 omnia
1509 507 1576 549 vero
1597 492 1627 547 iu
1647 491 1758 548 Eucha-

121 590 206 656 tioue,
220 588 362 658 desumpta
374 603 434 644 esse
444 603 478 644 er
490 588 561 644 libro
581 588 617 642 dc
636 588 735 644 divinis
752 586 853 644 Ciliciis
864 587 911 641 Al·
959 584 1034 639 ristia
1047 593 1146 653 preter
1159 593 1284 639 naturam
1299 584 1363 640 sint.

120 681 201 737 cuiue
221 693 365 750 perperam
382 678 511 749 ascripto.
531 677 588 735 Cur
609 678 682 733 enim
704 679 797 748 potius
818 679 876 734 hec
894 692 908 732 a
992 675 1020 730 8.
1034 674 1075 730 hd
1088 676 1147 730 haeo
1167 674 1295 729 minutias
1308 672 1463 744 complures
1473 680 1604 743 congeret
1626 670 1755 757 ballene.

121 770 251 841 predicto
261 769 330 828 libro
347 767 514 838 decerpsisse
532 767 637 822 dicatur
648 765 832 831 Coniesdonis
844 767 910 823 seris
958 763 1092 834 lnlprimis
1105 763 1176 834 quod
1189 762 1373 819 Confessionis
1386 763 1502 834 scriptor
1516 762 1629 818 Putrem
1641 763 1758 820 Ambro-

120 868 194 931 ptor,
205 873 291 929 wara
302 857 365 919 libri
375 857 583 917 consarcinator
591 872 626 913 ct
637 855 825 925 Conlessiuoe,
836 856 910 915 nialla
959 857 1039 922 riom,
1048 853 1156 910 lintrem
1166 854 1326 927 Gregorium
1338 855 1420 920 dicat,
1434 870 1502 925 qnos
1512 854 1757 914 Aleuinusrorrctrs

122 967 205 1015 eausa
219 948 473 1022 probabiiisodduoi
487 957 588 1019 petest,
682 976 685 980 ,
959 958 1007 1003 aut
1025 948 1122 1013 ιιαιοι,
1140 962 1216 1002 more
1230 955 1363 1013 ueterum,
1381 948 1464 1015 dicit,
1479 957 1507 1005 ot
1524 948 1579 1004 alia
1594 948 1680 1020 huius
1701 964 1759 1008 nez

157 1047 185 1105 tt,
200 1045 334 1102 Praeterea
346 1043 504 1114 predictam
514 1040 717 1099 Conlmsionom
730 1051 812 1099 vexat
824 1043 912 1100 disco-
960 1036 1044 1092 monti
1058 1035 1198 1100 nonnulla,
1214 1035 1314 1106 ouibus
1327 1035 1350 1091 si
1366 1035 1505 1101 immorer,
1521 1036 1625 1092 nimius
1639 1036 1706 1093 sim.

121 1147 213 1211 ptator
229 1138 464 1208 hocsrgumeuto,
478 1134 550 1205 quod
562 1132 843 1205 apudcbihtecamm
862 1131 910 1187 ht·
996 1129 1154 1184 biimrrero
1166 1128 1237 1198 qarorl
1254 1143 1287 1182 cx
1302 1136 1357 1183 tam
1378 1128 1432 1183 leri
1447 1143 1528 1184 eausa
1543 1129 1588 1183 sir
1599 1129 1702 1185 doetus
1715 1143 1757 1186 ιιι

9 1256 12 1261 -
122 1231 234 1288 euenum
254 1226 541 1284 wmrnonnuna
561 1226 717 1296 quaeavoff
728 1225 836 1282 Αιωῑῃῑ
850 1242 912 1282 gen.
960 1225 1117 1289 gementum
1130 1217 1265 1272 desumat.
1289 1215 1317 1271 Si
1334 1217 1406 1272 enim
1419 1232 1454 1272 ex
1471 1232 1503 1272 eo
1516 1218 1591 1288 quod
1605 1214 1761 1273 Conse&

122 1319 218 1376 tentiis
228 1318 379 1374 discedant.
391 1317 498 1388 Quippe
506 1317 562 1382 ille,
576 1317 623 1373 uhi
637 1317 673 1373 (le
689 1331 722 1373 ec
740 1317 810 1374 coelo
827 1317 913 1388 philo.
961 1308 1004 1364 nis
1025 1315 1120 1363 auctor
1142 1305 1248 1360 Putrem
1273 1306 1456 1370 Ambrosium,
1470 1306 1584 1388 'Patrem
1598 1306 1760 1380 Gregorin

120 1407 253 1479 sopiuntur
264 1404 452 1480 (Contentionis
462 1422 489 1476 p.
500 1421 543 1471 ιιι,
555 1423 582 1460 rr.
593 1404 796 1476 direpimuod
808 1405 914 1478 hioyses
961 1411 1050 1466 uocet,
1066 1402 1138 1457 aliud
1155 1401 1286 1457 dicendus
1300 1410 1342 1457 est
1356 1403 1390 1457 ab
1408 1401 1531 1466 hiccine,
1544 1404 1594 1473 qui
1614 1404 1709 1459 beuter
1718 1420 1761 1476 sp-

122 1499 432 1571 lnprtnetploerearum
445 1512 461 1553 a
474 1498 530 1553 boo
544 1497 711 1554 minaeum
734 1506 807 1552 terra
830 1497 912 1564 dicte
961 1490 1199 1560 pottamccntlnar
1211 1491 1293 1545 etiam
1309 1504 1421 1546 neeesse
1433 1501 1476 1546 est
1487 1501 1633 1548 aucorem
1646 1507 1663 1546 a
1676 1493 1761 1564 serpe

122 1590 191 1647 (luas
200 1589 310 1661 quidem
325 1587 428 1659 profert
440 1588 599 1653 sententias,
609 1602 678 1657 quas
689 1601 771 1643 roras
783 1587 913 1644 hleuinus
962 1581 1098 1638 diserurm
1107 1595 1179 1647 osso,
1194 1595 1256 1637 eum
1270 1581 1348 1637 initio
1361 1583 1448 1651 partis
1457 1590 1564 1651 orrartre
1575 1585 1688 1636 beatior
1700 1581 1761 1639 ure.

122 1679 219 1738 itidem
231 1677 341 1736 adducit
354 1676 495 1749 (iuterrog.
508 1675 543 1732 2⁸
554 1676 582 1730 iu
595 1673 674 1747 Ceu.)
687 1689 695 1729 r
711 1674 832 1731 sedeam
845 1690 912 1745 prae·
962 1670 1069 1742 goriam
1080 1678 1283 1726 commemoret.
1298 1669 1353 1726 Sed
1365 1671 1424 1726 hee
1433 1669 1526 1740 jejuna
1536 1681 1568 1727 et
1580 1671 1671 1727 exilia
1684 1680 1759 1728 sunt:

122 1770 177 1830 [οη
191 1785 273 1841 qm
294 1767 425 1824 minus
441 1767 498 1838 ipse
519 1765 637 1823 seeundo
658 1774 763 1821 uncum
775 1765 844 1832 1000,
860 1781 914 1822 uno
930 1750 994 1816 flat
1005 1761 1080 1829 illud,
1095 1761 1167 1833 quod
1185 1762 1263 1836 longe
1278 1762 1468 1834 grosissimum
1480 1773 1560 1835 putat
1574 1763 1710 1834 llallreus,
1727 1765 1760 1821 ri·

122 1872 206 1936 atquo
217 1861 306 1918 ultore
316 1860 400 1917 verbo
412 1859 534 1915 indicare
547 1858 615 1914 satis
636 1856 747 1913 habuit.
764 1857 817 1912 alia
829 1856 916 1914 insius
965 1854 1087 1911 deamus.

122 1951 256 2023 exposita,
1000 1944 1026 2000 9.
1043 1943 1147 2014 Quippe
1158 1943 1251 2013 objicit
1264 1943 1392 2000 nonnulla
1402 1945 1571 2016 inprardiota
1583 1944 1761 2003 Confessiore

157 2041 261 2099 teum
278 2049 307 2099 et
329 2041 357 2098 id
380 2047 541 2111 amumento
564 2045 606 2094 est
627 2045 772 2108 utrumque
784 2053 868 2094 unum
889 2045 917 2094 et
964 2037 1184 2107 continerique
1203 2037 1237 2092 ab
1257 2036 1365 2092 Aleuini
1383 2038 1553 2107 temporibus
1571 2038 1761 2094 abenasuntr

123 2130 248 2189 eumdem
259 2147 319 2188 esse
334 2139 487 2196 auctorem,
501 2128 574 2202 quod
584 2129 691 2186 easdem
705 2139 818 2201 uterque
832 2129 916 2185 relert
965 2127 1045 2198 quale
1057 2135 1098 2183 est
1112 2127 1176 2182 illud
1190 2126 1262 2197 quod
1274 2126 1333 2198 ejus
1346 2138 1443 2183 auctor
1456 2128 1490 2184 de
1501 2143 1553 2184 suo
1565 2128 1683 2194 secrrlm
1696 2129 1762 2184 velut

123 2221 281 2285 sententias.
294 2219 372 2289 ered
385 2236 450 2277 tero
473 2228 569 2276 auctor
589 2219 616 2274 in
638 2217 813 2276 confessione
833 2233 915 2274 annm
965 2218 1161 2283 intelicissimo,
1181 2217 1307 2275 debiliter
1319 2221 1505 2290 conqueritur,
1521 2236 1556 2278 ae
1574 2237 1650 2292 pene
1663 2223 1761 2294 tragice

123 2311 200 2366 alteri
214 2309 334 2380 praeterr,
346 2326 408 2366 enm
422 2311 553 2367 hleuiuus
564 2322 708 2382 utramque
721 2313 873 2385 reliquisset
888 2314 916 2369 io
964 2309 1099 2365 exclamat
1112 2309 1202 2396 (Parte
1214 2326 1256 2374 ιιι,
1272 2325 1300 2364 11·
1315 2309 1380 2381 56)2
1399 2308 1570 2367 ‘Oinselicia
1580 2320 1708 2384 lemma
1718 2327 1762 2368 uu·

123 2400 223 2464 medio,
239 2398 267 2454 id
281 2399 332 2470 ipsi
345 2400 458 2472 contigit
469 2401 542 2472 quod
553 2401 614 2457 allis
629 2403 785 2459 auctoribus
795 2417 916 2474 saepenu-
964 2411 1032 2467 stra,
1043 2401 1209 2473 iacuitque
1222 2403 1364 2458 necbeum
1376 2404 1610 2469 timent,necrlm
1621 2420 1761 2462 sacrem

123 2492 371 2564 rnerocootingere
384 2493 517 2556 ridente,
532 2509 593 2549 cum
605 2491 714 2563 aliquod
727 2501 915 2565 argumentum
964 2509 1096 2550 munuum
1120 2495 1292 2550 reverentur!
1318 2494 1413 2553 Nullus
1437 2499 1519 2554 modo
1543 2499 1698 2573 sacrilegus
1719 2498 1762 2556 rei

122 2589 282 2642 retractant.
297 2581 342 2638 Fit
352 2582 427 2640 enim
440 2590 471 2637 ut
484 2597 545 2638 eum
557 2590 620 2637 ante
632 2589 788 2637 accuratum
805 2583 845 2637 rel
856 2597 916 2652 pro-
964 2585 1135 2652 criminosus,
1148 2602 1182 2642 ne
1195 2589 1229 2643 ad
1245 2589 1317 2644 sacri
1331 2589 1435 2646 ordinis
1448 2589 1567 2648 officium
1580 2592 1708 2659 accedat,
1724 2593 1762 2649 ire.

121 2672 342 2742 positecxamen
352 2672 380 2726 ln
390 2670 512 2728 diversas
525 2664 809 2742 bretuasseu'tpartes,
820 2679 914 2742 postea
964 2676 1083 2734 hibetur.
1104 2698 1113 2731 r
1127 2677 1196 2733 'lum
1210 2694 1271 2734 mcx
1287 2696 1295 2734 ι
1313 2697 1322 2731 r
1342 2677 1399 2736 llcu
1414 2681 1574 2754 miserego!
1589 2683 1761 2755 qualiateme

122 2777 153 2824 re
167 2761 299 2824 mur-lus
318 2776 456 2832 expensa,
471 2776 553 2821 unam
572 2775 629 2833 pras
647 2760 732 2818 altera
752 2762 915 2818 senentiam
963 2783 1031 2839 pora
1048 2768 1114 2824 mihi
1127 2769 1241 2841 contigit
1253 2769 1366 2826 rideret
1382 2789 1392 2824 r
1410 2769 1482 2838 itaer,
1497 2771 1587 2843 inquit
1606 2771 1763 2840 llallenss

122 2852 329 2925 oruplcctantnr,
346 2853 400 2909 imo
414 2853 559 2924 aliqnando
575 2853 750 2909 contrariam.
771 2852 855 2924 Atqui
869 2852 916 2909 tt·
964 2858 1153 2918 camlincmm
1171 2867 1324 2932 temporum
1342 2859 1472 2919 felicitate
1486 2863 1651 2926 abhorrent.
1666 2864 1763 2935 onibus

122 2942 220 3002 eninm
242 2943 270 2999 br
295 2943 552 3016 interrogationibus
573 2958 655 3014 super
677 2941 796 3000 Genesin
820 2943 916 2999 leviter
964 2959 1099 3006 senatum
1114 2964 1167 3006 non
1180 2950 1274 3007 dubito
1292 2951 1357 3022 quin
1377 2951 1508 3009 Aleuinns
1534 2953 1587 3008 sihi
1611 2953 1762 3032 gratulatus

123 3042 229 3102 tantum
253 3033 407 3107 propositas
427 3031 600 3091 thideultates
621 3035 737 3100 enodat,
753 3043 781 3090 et
795 3035 914 3091 maxime
965 3040 1010 3106 sit,
1029 3041 1128 3097 nedum
1148 3050 1180 3096 ut
1193 3041 1325 3112 ingratus,
1346 3049 1456 3112 tamque
1474 3042 1579 3113 optimo
1597 3045 1761 3115 principiae

122 3124 231 3196 culidem
247 3124 337 3191 idam,
353 3138 435 3195 quam
449 3122 635 3183 Coniessionis
651 3132 747 3181 auctor
760 3126 915 3182 accuratius
928 3114 951 3178 C
966 3129 1105 3188 lleeaeuati
1124 3145 1174 3186 suo
1193 3130 1339 3186 insidiosas
1352 3146 1433 3191 rocos
1445 3130 1549 3188 chartis
1568 3147 1630 3190 suis
1643 3149 1759 3205 unquam

122 3213 277 3284 perpendit.
453 3250 456 3255 .
966 3221 1091 3276 illet'erit.

158 3306 184 3369 l.
201 3305 376 3375 Subsequens
389 3308 543 3378 oppositum
554 3310 675 3365 conduct
686 3322 858 3365 communem
874 3307 915 3362 lo-
1001 3311 1040 3365 Eu
1052 3309 1242 3381 gravissimum
1257 3310 1322 3367 illud
1336 3318 1536 3382 argumentum,
1550 3313 1634 3384 cujus
1643 3315 1762 3386 pondero

122 3408 184 3447 cum
199 3408 214 3446 a
226 3392 381 3448 Calvinistis
390 3396 493 3449 centies
504 3405 684 3451 recantatum.
696 3397 809 3451 Fatetur
818 3409 915 3464 nempe
963 3415 1074 3472 pressus
1090 3400 1220 3456 hlcuinus
1232 3401 1294 3471 jure
1308 3417 1357 3459 sno
1371 3403 1450 3458 cadat
1463 3417 1578 3459 neccsse
1589 3413 1643 3471 est,
1664 3405 1689 3460 si
1703 3402 1760 3460 bal-

123 3482 367 3554 Dallrcusrulgatae
380 3482 559 3543 confessionis
574 3487 672 3551 rerba,
687 3486 733 3541 ubi
753 3487 787 3542 de
809 3487 915 3542 Eucha·
964 3489 1014 3547 keo
1036 3490 1182 3546 credimus.
1207 3491 1308 3547 Verum
1333 3493 1385 3548 hoc
1400 3491 1567 3549 leuissimum
1590 3508 1652 3551 esse
1674 3495 1759 3567 quiris

122 3575 200 3631 ristla
216 3582 325 3641 tractat,
341 3575 418 3632 ualde
436 3576 470 3630 ad
485 3576 645 3632 catholicam
666 3577 745 3634 iidem
767 3580 912 3648 accedere3
964 3579 1043 3636 facile
1057 3579 1198 3646 concedet,
1211 3581 1258 3650 qui
1276 3591 1379 3638 naturae
1394 3583 1520 3637 humente
1534 3591 1696 3654 eormptum
1707 3594 1759 3640 sta«

122 3664 401 3738 emoriemur-(cuae
420 3666 511 3724 hallei
525 3668 661 3739 ipsissima
673 3668 755 3725 verba
769 3671 842 3743 sunt)
857 3688 914 3728 uere
965 3677 1021 3725 tum
1034 3670 1190 3726 attenderit.
1206 3671 1382 3739 Quantumvis
1403 3672 1476 3728 enim
1490 3688 1574 3729 aurea
1598 3674 1690 3731 Caroli
1704 3674 1757 3730 Ιι·

121 3757 229 3828 subierit
239 3774 271 3813 oc
282 3757 383 3816 sincere
396 3756 473 3813 oliter
487 3760 538 3814 nisi
552 3775 585 3813 ec
595 3775 626 3813 eo
638 3760 773 3831 explicari.
784 3760 838 3818 Sed
849 3762 914 3819 binc
963 3763 1009 3835 gui
1029 3771 1151 3834 tempora
1169 3762 1280 3830 luerint,
1300 3780 1380 3836 quana
1395 3765 1481 3821 multa
1501 3766 1682 3823 nibilominus
1694 3767 1758 3829 ritis

122 3848 242 3911 ualidum
264 3856 453 3921 argumentum
478 3864 586 3905 sirmere
611 3851 663 3905 sibi
689 3851 814 3918 ridetur,
840 3853 913 3910 bunc
963 3863 1085 3928 grassata
1099 3856 1300 3926 sunt,anopio
1314 3854 1487 3926 cuiquejusti
1500 3856 1604 3912 doloris
1617 3857 1755 3913 materiam

123 3937 321 4003 chiffletianum
335 3939 471 4001 hominem
484 3939 564 4010 plum
581 3939 664 4015 alitam
676 3955 738 3996 esso
759 3957 774 3997 a
787 3957 852 3999 sero
864 3943 912 3997 hl·
963 3947 1083 4018 prebere
1093 3946 1206 4015 possint.
1223 3946 1288 4014 Quis
1302 3947 1375 4003 euim
1395 3946 1499 4002 ielicior
1512 3962 1636 4017 unquam
1652 3962 1755 4004 momm

122 4031 214 4096 cuiun,
238 4029 284 4101 qui
304 4029 405 4087 Christi
424 4045 524 4101 eorpus
544 4031 571 4085 iu
588 4032 669 4086 terris
684 4038 741 4087 toto
755 4033 824 4101 boc,
840 4034 913 4104 quod
963 4045 1050 4092 status
1071 4034 1122 4091 init
1142 4051 1224 4105 quiam
1246 4037 1272 4090 in
1299 4036 1436 4107 primitiva
1457 4035 1600 4091 Ecclesia?
1623 4036 1754 4093 Rttamen

123 4121 253 4186 domme
268 4120 366 4178 saeculo
387 4135 507 4191 presens
517 4121 612 4176 haberi
628 4130 718 4194 negat.
732 4122 791 4179 lluc
805 4123 912 4179 Alcuiui
962 4116 1757 4200 quautaflagitiainprimisillischristianismmttumlusr

123 4212 204 4276 rerba
220 4219 327 4282 torquet
346 4226 379 4277 ert
391 4211 592 4270 Commentario
613 4211 640 4266 in
655 4210 787 4269 loannem
800 4254 808 4280 ,
821 4213 867 4270 lib.
883 4231 910 4280 r,
963 4218 1068 4286 Quanta
1082 4219 1128 4274 alii
1146 4218 1223 4274 istius
1237 4219 1288 4273 aevi
1302 4218 1445 4274 auctores?
1455 4217 1512 4290 Age
1528 4233 1607 4286 vero,
1618 4219 1754 4275 rideamus

123 4323 186 4379 etp,
200 4308 246 4374 tt,
263 4308 309 4364 ubi
321 4307 452 4365 Aieuinus
465 4323 603 4377 exponens
619 4308 676 4364 hcet·
689 4308 791 4364 rerba:
808 4307 913 4378 Poupe·
963 4324 997 4362 au
1010 4307 1161 4367 Germanus
1180 4306 1309 4363 dicuinus
1326 4307 1353 4361 in
1368 4307 1484 4363 sinceris
1499 4308 1612 4378 seriptis
1632 4309 1691 4364 suis
1709 4308 1753 4364 Ca

123 4415 165 4461 rer
177 4414 277 4469 temper
290 4398 390 4461 bebetis
402 4397 550 4463 roborum,
569 4415 610 4452 me
629 4408 717 4452 notem
739 4415 792 4453 nort
812 4414 913 4468 semper
964 4399 1014 4454 roli
1032 4414 1119 4454 rerum
1133 4399 1167 4453 ab
1182 4399 1263 4454 omni
1279 4399 1339 4454 labe
1359 4399 1479 4454 immune
1499 4399 1586 4455 luisse
1600 4400 1752 4460 crediderit·

124 4489 261 4555 iubebitis,
276 4489 442 4546 demonstrat
455 4504 508 4545 nou
520 4502 581 4544 csse
594 4488 743 4558 culpandos
763 4502 810 4543 ecs
826 4489 872 4558 qul
886 4487 912 4542 ei
925 4467 1019 4546 Dlmo
1039 4506 1104 4547 vern
1122 4481 1200 4559 lorr'ge
1215 4492 1380 4547 contrarium
1404 4492 1483 4546 docet
1506 4492 1533 4546 in
1557 4493 1676 4564 epistola
1694 4492 1751 4560 toi,

122 4581 196 4645 inter
210 4579 333 4641 homines
347 4577 518 4635 conrersaoti
530 4578 565 4634 de
578 4576 751 4634 facultatibus
762 4578 820 4634 suis
832 4577 912 4632 mint.
964 4582 997 4638 ad
1012 4582 1099 4651 ipsum
1113 4580 1240 4636 Carolum
1264 4581 1387 4650 scripta:
1407 4599 1416 4632 r
1439 4581 1576 4649 Vidimus,
1593 4583 1692 4655 inquit,
1710 4583 1753 4638 sli-

122 4682 261 4729 strarentr
278 4672 366 4730 ‹Cum
378 4681 433 4727 mm
442 4686 526 4742 parvo
540 4680 662 4742 tempore
671 4671 729 4741 ipse
739 4671 809 4741 apud
819 4669 913 4726 Ecelc·
963 4674 1062 4745 quibus
1073 4672 1099 4728 iu
1112 4673 1179 4731 locis
1193 4672 1290 4728 altaria
1305 4673 1351 4727 liei
1371 4674 1473 4744 absque
1485 4682 1568 4740 tecto,
1585 4676 1679 4731 arium
1692 4683 1753 4732 ster-

121 4765 190 4820 siam
205 4762 377 4834 corporaliter
388 4777 545 4829 mansurus,
558 4777 689 4833 pauperes
700 4771 801 4827 aarum,
814 4761 911 4831 quihus
964 4766 1084 4830 ceribus,
1100 4765 1143 4820 vel
1156 4780 1255 4820 canum
1268 4765 1350 4820 mictu
1363 4762 1472 4840 fredam.
1485 4765 1565 4832 Quod
1578 4766 1660 4823 facile
1671 4774 1751 4822 restra

120 4854 294 4926 eleemosyna
307 4853 365 4908 lieri
379 4861 487 4924 posset,
503 4843 529 4914 in
544 4866 576 4907 ea
588 4865 696 4923 semper
707 4859 797 4907 essent
811 4852 912 4917 buhen·
963 4859 1117 4915 veneranda
1127 4857 1156 4911 in
1165 4857 1249 4912 ὓιιιιι
1263 4856 1388 4912 solurrtas
1397 4871 1448 4927 per
1457 4857 1601 4928 episcopos
1613 4858 1753 4915 emendare

122 4945 159 5011 tii·
173 4965 182 4998 ι
194 4944 245 5010 Hic
259 4944 314 5004 tim
327 4942 517 5010 iitiifliflaeltt
526 4942 553 5003 iu
565 4958 631 5005 vute
640 4941 823 5014 corporaliter,
831 4957 912 5011 (trram
963 4947 1045 5011 valet,
1059 4955 1089 5001 ut
1109 4962 1171 5002 cum
1186 4948 1287 5002 honore
1306 4948 1439 5019 condigno
1459 4958 1572 5003 maneat
1592 4967 1689 5007 mensa
1709 4951 1753 5006 bo

121 5035 270 5108 uujorihns
283 5033 382 5099 litteris,
396 5033 514 5099 exhibet.
527 5031 611 5104 Quasi
633 5046 697 5087 vern
718 5046 767 5093 nos
789 5031 846 5101 jam
864 5045 912 5086 ca-
963 5039 1031 5095 mini
1044 5038 1070 5093 in
1081 5038 1141 5094 loeo
1153 5055 1213 5104 saro,
1224 5039 1267 5094 vel
1278 5048 1401 5111 portetur
1414 5041 1441 5096 lu
1455 5042 1601 5099 ecclesiam
1614 5043 1753 5114 maiorem,

119 5110 214 5195 tholiei
234 5139 329 5181 omues
347 5122 476 5194 idipsum
494 5120 740 5202 ριοίθιιΑιιυίιιυι
756 5122 910 5192 balaneon
962 5129 1109 5184 seeundum
1131 5137 1251 5184 sancum
1279 5128 1449 5188 sacerdotum
1474 5132 1522 5188 liei
1545 5135 1751 5204 providentiam.

120 5217 309 5288 profiteamur,
330 5215 492 5277 conitentes¹
511 5213 650 5280 Christum
669 5212 812 5268 Dominum
828 5213 910 5286 375
962 5221 996 5274 Ει
1009 5220 1157 5277 honorifice
1169 5229 1303 5277 tractetur
1315 5236 1362 5277 seu
1384 5222 1472 5279 altare
1490 5224 1605 5291 Christi,
1625 5241 1676 5282 seu
1695 5242 1752 5282 coe

119 5306 424 5374 secundumextemam
441 5304 558 5379 speciem
579 5312 607 5367 ιι
625 5305 857 5370 conversationem
882 5305 909 5360 iu
961 5313 1075 5369 serratio
1089 5314 1210 5382 centoris
1224 5321 1252 5368 et
1273 5314 1412 5385 sauguinis
1433 5315 1516 5382 illius,
1538 5325 1569 5372 et
1591 5319 1752 5389 prrecipnan

120 5400 276 5460 terrisesse
290 5399 421 5468 desiisse,
436 5397 544 5459 tametsi
556 5412 620 5455 sere
637 5396 909 5464 inllucharistiasnb
961 5409 1062 5457 nostre
1076 5402 1172 5457 salutis
1190 5412 1388 5458 sacramentum
1408 5405 1482 5460 omni
1498 5408 1681 5464 veneratione
1695 5422 1752 5463 con·

59 5523 62 5527 ψ
119 5489 197 5556 panis
211 5490 307 5553 etvini
320 5491 410 5561 speeie
424 5490 542 5547 mouere
558 5489 710 5547 credamus.
961 5502 1095 5558 serretur,
1117 5493 1250 5548 habeatur
1276 5502 1303 5550 ιι
1326 5495 1503 5552 custodiatur.
1527 5496 1630 5565 »Quid
1652 5511 1750 5560 oense,

155 5577 232 5644 Quod
245 5580 279 5636 de
291 5581 477 5637 accidentibus
491 5581 581 5637 subdit
595 5579 720 5646 bullans,
738 5579 865 5635 nimirum
875 5596 909 5636 ex
960 5585 1076 5642 balluni
1091 5586 1237 5659 negabisne
1251 5588 1309 5644 brec
1330 5604 1345 5643 a
1370 5604 1435 5645 sero
1455 5589 1572 5647 Alcuioo
1587 5591 1681 5648 dieta?
1698 5589 1749 5646 tion

120 5669 176 5739 reri
192 5667 300 5741 dicuiui
315 5681 404 5740 ruente
422 5687 456 5730 ea
468 5686 579 5741 neeesse
592 5688 654 5731 esse
667 5673 694 5730 iu
706 5673 828 5751 qualibet
846 5675 910 5739 sub·
961 5675 999 5743 lta
1013 5687 1186 5755 comparatus
1199 5693 1241 5747 es,
1256 5687 1287 5737 ut
1300 5676 1327 5734 id
1341 5680 1507 5745 committas,
1522 5680 1566 5738 Au
1580 5682 1642 5740 hare
1654 5681 1749 5747 lerion
