<?xml version="1.0" encoding="UTF-8"?>
<!DOCTYPE html PUBLIC "-//W3C//DTD XHTML 1.0 Transitional//EN"
    "http://www.w3.org/TR/xhtml1/DTD/xhtml1-transitional.dtd">
<html xmlns="http://www.w3.org/1999/xhtml" xml:lang="en" lang="en">
 <head>
  <title>
</title>
<meta http-equiv="Content-Type" content="text/html;charset=utf-8" />
  <meta name='ocr-system' content='tesseract 3.04.00' />
  <meta name='ocr-capabilities' content='ocr_page ocr_carea ocr_par ocr_line ocrx_word'/>
</head>
<body>
  <div class='ocr_page' id='page_1' title='image "./patrologiaecurs25goog_0634.png"; bbox 0 0 3780 6120; ppageno 0'>
   <div class='ocr_carea' id='block_1_1' title="bbox 105 215 1719 289">
    <p class='ocr_par' dir='ltr' id='par_1_1' title="bbox 105 215 1719 289">
     <span class='ocr_line' id='line_1_1' title="bbox 105 215 1719 289; baseline -0.011 0"><span class='ocrx_word' id='word_1_1' title='bbox 105 234 173 289; x_wconf 74' lang='lat' dir='ltr'><strong>trra</strong></span> <span class='ocrx_word' id='word_1_2' title='bbox 505 226 580 284; x_wconf 82' lang='lat' dir='ltr'><strong>ora.</strong></span> <span class='ocrx_word' id='word_1_3' title='bbox 602 222 802 282; x_wconf 79' lang='lat' dir='ltr'><strong>surrostrr.</strong></span> <span class='ocrx_word' id='word_1_4' title='bbox 823 250 855 262; x_wconf 90' lang='lat'><em>-</em></span> <span class='ocrx_word' id='word_1_5' title='bbox 875 218 938 273; x_wconf 88' lang='lat' dir='ltr'><strong>tm.</strong></span> <span class='ocrx_word' id='word_1_6' title='bbox 959 218 1003 272; x_wconf 83' lang='lat' dir='ltr'><strong>ue</strong></span> <span class='ocrx_word' id='word_1_7' title='bbox 1023 216 1147 271; x_wconf 80' lang='lat' dir='ltr'><strong>urrrsrs</strong></span> <span class='ocrx_word' id='word_1_8' title='bbox 1166 215 1318 272; x_wconf 84' lang='lat' dir='ltr'><strong>orrtctts.</strong></span> <span class='ocrx_word' id='word_1_9' title='bbox 1653 219 1719 277; x_wconf 74' lang='lat' dir='ltr'><strong>tart</strong></span> 
     </span>
    </p>
   </div>
   <div class='ocr_carea' id='block_1_2' title="bbox 88 326 1764 5682">
    <p class='ocr_par' dir='ltr' id='par_1_2' title="bbox 103 326 1723 410">
     <span class='ocr_line' id='line_1_2' title="bbox 103 326 1723 410; baseline -0.008 -10"><span class='ocrx_word' id='word_1_10' title='bbox 103 349 201 409; x_wconf 85' lang='lat' dir='ltr'><strong>tirmat,</strong></span> <span class='ocrx_word' id='word_1_11' title='bbox 214 343 307 399; x_wconf 88' lang='lat' dir='ltr'><strong>diceus</strong></span> <span class='ocrx_word' id='word_1_12' title='bbox 322 356 329 394; x_wconf 75' lang='grc' dir='ltr'><strong>ε</strong></span> <span class='ocrx_word' id='word_1_13' title='bbox 347 340 460 410; x_wconf 76' lang='lat' dir='ltr'><strong>Dignum</strong></span> <span class='ocrx_word' id='word_1_14' title='bbox 473 348 496 392; x_wconf 83' lang='lat' dir='ltr'><strong>et</strong></span> <span class='ocrx_word' id='word_1_15' title='bbox 514 337 616 408; x_wconf 77' lang='lat' dir='ltr'><strong>justam</strong></span> <span class='ocrx_word' id='word_1_16' title='bbox 630 345 678 395; x_wconf 83' lang='lat' dir='ltr'><strong>ert,</strong></span> <span class='ocrx_word' id='word_1_17' title='bbox 693 342 723 387; x_wconf 95' lang='lat' dir='ltr'><strong>ut</strong></span> <span class='ocrx_word' id='word_1_18' title='bbox 738 332 774 387; x_wconf 89' lang='lat' dir='ltr'><strong>illi</strong></span> <span class='ocrx_word' id='word_1_19' title='bbox 787 331 888 402; x_wconf 75' lang='lat' dir='ltr'><strong>gratias</strong></span> <span class='ocrx_word' id='word_1_20' title='bbox 902 334 924 392; x_wconf 78' lang='grc' dir='ltr'><strong>Α</strong></span> <span class='ocrx_word' id='word_1_21' title='bbox 939 326 993 379; x_wconf 92' lang='lat' dir='ltr'><strong>lum</strong></span> <span class='ocrx_word' id='word_1_22' title='bbox 1004 335 1067 380; x_wconf 92' lang='lat' dir='ltr'><strong>sunt</strong></span> <span class='ocrx_word' id='word_1_23' title='bbox 1080 327 1163 381; x_wconf 90' lang='lat' dir='ltr'><strong>creati</strong></span> <span class='ocrx_word' id='word_1_24' title='bbox 1178 343 1185 392; x_wconf 89' lang='lat'>;</span> <span class='ocrx_word' id='word_1_25' title='bbox 1206 335 1233 381; x_wconf 92' lang='lat' dir='ltr'><strong>et</strong></span> <span class='ocrx_word' id='word_1_26' title='bbox 1247 342 1299 380; x_wconf 92' lang='lat' dir='ltr'><strong>nou</strong></span> <span class='ocrx_word' id='word_1_27' title='bbox 1313 326 1398 381; x_wconf 91' lang='lat' dir='ltr'><strong>solum</strong></span> <span class='ocrx_word' id='word_1_28' title='bbox 1413 330 1500 400; x_wconf 83' lang='lat' dir='ltr'><strong>angeli</strong></span> <span class='ocrx_word' id='word_1_29' title='bbox 1515 345 1564 399; x_wconf 91' lang='lat' dir='ltr'><strong>per</strong></span> <span class='ocrx_word' id='word_1_30' title='bbox 1579 330 1654 386; x_wconf 91' lang='lat' dir='ltr'><strong>illurn</strong></span> <span class='ocrx_word' id='word_1_31' title='bbox 1666 333 1723 388; x_wconf 85' lang='lat' dir='ltr'><strong>lau·</strong></span> 
     </span>
    </p>

    <p class='ocr_par' dir='ltr' id='par_1_3' title="bbox 100 415 1740 597">
     <span class='ocr_line' id='line_1_3' title="bbox 101 415 1740 507; baseline -0.007 -17"><span class='ocrx_word' id='word_1_32' title='bbox 101 449 225 507; x_wconf 88' lang='lat' dir='ltr'><strong>agamus,</strong></span> <span class='ocrx_word' id='word_1_33' title='bbox 243 432 356 486; x_wconf 83' lang='lat' dir='ltr'><strong>Domino</strong></span> <span class='ocrx_word' id='word_1_34' title='bbox 371 431 425 486; x_wconf 85' lang='lat' dir='ltr'><strong>[teo</strong></span> <span class='ocrx_word' id='word_1_35' title='bbox 443 436 545 484; x_wconf 90' lang='lat' dir='ltr'><strong>nostro.</strong></span> <span class='ocrx_word' id='word_1_36' title='bbox 566 425 641 480; x_wconf 90' lang='lat' dir='ltr'><strong>llanc</strong></span> <span class='ocrx_word' id='word_1_37' title='bbox 662 421 888 484; x_wconf 76' lang='lat' dir='ltr'><strong>exhortationem,</strong></span> <span class='ocrx_word' id='word_1_38' title='bbox 938 417 1003 471; x_wconf 89' lang='lat' dir='ltr'><strong>dant</strong></span> <span class='ocrx_word' id='word_1_39' title='bbox 1017 416 1101 471; x_wconf 88' lang='lat' dir='ltr'><strong>Deum</strong></span> <span class='ocrx_word' id='word_1_40' title='bbox 1115 415 1233 483; x_wconf 88' lang='lat' dir='ltr'><strong>Patrem,</strong></span> <span class='ocrx_word' id='word_1_41' title='bbox 1245 419 1431 474; x_wconf 77' lang='lat' dir='ltr'><strong>verumetiam</strong></span> <span class='ocrx_word' id='word_1_42' title='bbox 1447 421 1499 475; x_wconf 88' lang='lat' dir='ltr'><strong>illae</strong></span> <span class='ocrx_word' id='word_1_43' title='bbox 1512 422 1627 477; x_wconf 83' lang='lat' dir='ltr'><strong>uirtutes</strong></span> <span class='ocrx_word' id='word_1_44' title='bbox 1641 424 1740 496; x_wconf 52' lang='lat' dir='ltr'><strong>coelog</strong></span> 
     </span>
     <span class='ocr_line' id='line_1_4' title="bbox 100 510 1721 597; baseline -0.004 -19"><span class='ocrx_word' id='word_1_45' title='bbox 100 542 160 597; x_wconf 76' lang='lat' dir='ltr'><strong>quae</strong></span> <span class='ocrx_word' id='word_1_46' title='bbox 178 523 310 592; x_wconf 82' lang='lat' dir='ltr'><strong>serpritur,</strong></span> <span class='ocrx_word' id='word_1_47' title='bbox 333 522 455 577; x_wconf 87' lang='lat' dir='ltr'><strong>Gelasius</strong></span> <span class='ocrx_word' id='word_1_48' title='bbox 476 519 659 588; x_wconf 83' lang='lat' dir='ltr'>composuisse</span> <span class='ocrx_word' id='word_1_49' title='bbox 676 514 784 570; x_wconf 91' lang='lat' dir='ltr'><strong>dicitur.</strong></span> <span class='ocrx_word' id='word_1_50' title='bbox 810 510 889 567; x_wconf 87' lang='lat' dir='ltr'><strong>hilir-</strong></span> <span class='ocrx_word' id='word_1_51' title='bbox 938 525 1009 574; x_wconf 92' lang='lat' dir='ltr'><strong>rum,</strong></span> <span class='ocrx_word' id='word_1_52' title='bbox 1023 525 1083 578; x_wconf 81' lang='lat' dir='ltr'><strong>qttae</strong></span> <span class='ocrx_word' id='word_1_53' title='bbox 1102 525 1183 579; x_wconf 90' lang='lat' dir='ltr'><strong>super</strong></span> <span class='ocrx_word' id='word_1_54' title='bbox 1197 510 1263 565; x_wconf 90' lang='lat' dir='ltr'><strong>alias</strong></span> <span class='ocrx_word' id='word_1_55' title='bbox 1285 511 1497 568; x_wconf 86' lang='lat' dir='ltr'><strong>dominationem</strong></span> <span class='ocrx_word' id='word_1_56' title='bbox 1511 522 1539 569; x_wconf 91' lang='lat' dir='ltr'><strong>et</strong></span> <span class='ocrx_word' id='word_1_57' title='bbox 1559 523 1721 586; x_wconf 89' lang='lat' dir='ltr'><strong>potestatem</strong></span> 
     </span>
    </p>

    <p class='ocr_par' dir='ltr' id='par_1_4' title="bbox 100 597 1723 680">
     <span class='ocr_line' id='line_1_5' title="bbox 100 597 1723 680; baseline -0.004 -12"><span class='ocrx_word' id='word_1_58' title='bbox 100 621 158 668; x_wconf 89' lang='lat' dir='ltr'><strong>mat</strong></span> <span class='ocrx_word' id='word_1_59' title='bbox 186 612 312 666; x_wconf 84' lang='lat' dir='ltr'><strong>sacerdos</strong></span> <span class='ocrx_word' id='word_1_60' title='bbox 342 610 432 680; x_wconf 93' lang='lat' dir='ltr'><strong>populi</strong></span> <span class='ocrx_word' id='word_1_61' title='bbox 457 623 562 673; x_wconf 81' lang='lat' dir='ltr'><strong>rocem,</strong></span> <span class='ocrx_word' id='word_1_62' title='bbox 589 616 616 661; x_wconf 93' lang='lat' dir='ltr'><strong>et</strong></span> <span class='ocrx_word' id='word_1_63' title='bbox 642 603 774 659; x_wconf 86' lang='lat' dir='ltr'><strong>convertit</strong></span> <span class='ocrx_word' id='word_1_64' title='bbox 800 618 828 656; x_wconf 89' lang='lat' dir='ltr'><strong>se</strong></span> <span class='ocrx_word' id='word_1_65' title='bbox 855 603 889 656; x_wconf 89' lang='lat' dir='ltr'><strong>ad</strong></span> <span class='ocrx_word' id='word_1_66' title='bbox 937 598 1047 654; x_wconf 89' lang='lat' dir='ltr'><strong>habeut.</strong></span> <span class='ocrx_word' id='word_1_67' title='bbox 1064 597 1097 653; x_wconf 89' lang='lat' dir='ltr'><strong>lli</strong></span> <span class='ocrx_word' id='word_1_68' title='bbox 1111 613 1176 668; x_wconf 87' lang='lat' dir='ltr'><strong>ergo</strong></span> <span class='ocrx_word' id='word_1_69' title='bbox 1191 608 1247 653; x_wconf 89' lang='lat' dir='ltr'><strong>tam</strong></span> <span class='ocrx_word' id='word_1_70' title='bbox 1261 599 1333 654; x_wconf 90' lang='lat' dir='ltr'><strong>beati</strong></span> <span class='ocrx_word' id='word_1_71' title='bbox 1353 608 1381 656; x_wconf 91' lang='lat' dir='ltr'><strong>et</strong></span> <span class='ocrx_word' id='word_1_72' title='bbox 1400 602 1529 658; x_wconf 90' lang='lat' dir='ltr'><strong>sublimes</strong></span> <span class='ocrx_word' id='word_1_73' title='bbox 1544 603 1661 673; x_wconf 83' lang='lat' dir='ltr'><strong>Spiritus</strong></span> <span class='ocrx_word' id='word_1_74' title='bbox 1674 621 1723 675; x_wconf 91' lang='lat' dir='ltr'><strong>per</strong></span> 
     </span>
    </p>

    <p class='ocr_par' dir='ltr' id='par_1_5' title="bbox 99 687 1722 774">
     <span class='ocr_line' id='line_1_6' title="bbox 99 687 1722 774; baseline -0.005 -15"><span class='ocrx_word' id='word_1_75' title='bbox 99 703 312 774; x_wconf 85' lang='lat' dir='ltr'><strong>lieumpatrem,</strong></span> <span class='ocrx_word' id='word_1_76' title='bbox 327 703 439 758; x_wconf 88' lang='lat' dir='ltr'><strong>dicens:</strong></span> <span class='ocrx_word' id='word_1_77' title='bbox 461 699 527 754; x_wconf 84' lang='lat' dir='ltr'><strong>Vere</strong></span> <span class='ocrx_word' id='word_1_78' title='bbox 544 700 652 769; x_wconf 82' lang='lat' dir='ltr'><strong>dignum</strong></span> <span class='ocrx_word' id='word_1_79' title='bbox 669 707 694 751; x_wconf 89' lang='lat' dir='ltr'><strong>et</strong></span> <span class='ocrx_word' id='word_1_80' title='bbox 711 696 814 767; x_wconf 78' lang='lat' dir='ltr'><strong>jectum</strong></span> <span class='ocrx_word' id='word_1_81' title='bbox 838 703 887 760; x_wconf 82' lang='lat' dir='ltr'><strong>est,</strong></span> <span class='ocrx_word' id='word_1_82' title='bbox 937 687 1077 744; x_wconf 82' lang='lat' dir='ltr'><strong>Christum</strong></span> <span class='ocrx_word' id='word_1_83' title='bbox 1089 689 1257 758; x_wconf 89' lang='lat' dir='ltr'><strong>majestatem</strong></span> <span class='ocrx_word' id='word_1_84' title='bbox 1267 690 1314 745; x_wconf 78' lang='lat' dir='ltr'><strong>liei</strong></span> <span class='ocrx_word' id='word_1_85' title='bbox 1327 691 1448 758; x_wconf 91' lang='lat' dir='ltr'><strong>laudant,</strong></span> <span class='ocrx_word' id='word_1_86' title='bbox 1466 693 1535 747; x_wconf 88' lang='lat' dir='ltr'><strong>sieut</strong></span> <span class='ocrx_word' id='word_1_87' title='bbox 1550 697 1584 750; x_wconf 97' lang='lat' dir='ltr'><strong>ad</strong></span> <span class='ocrx_word' id='word_1_88' title='bbox 1596 712 1643 751; x_wconf 92' lang='lat' dir='ltr'><strong>eos</strong></span> <span class='ocrx_word' id='word_1_89' title='bbox 1655 713 1722 751; x_wconf 92' lang='lat' dir='ltr'><strong>cou-</strong></span> 
     </span>
    </p>

    <p class='ocr_par' dir='ltr' id='par_1_6' title="bbox 101 780 1719 863">
     <span class='ocr_line' id='line_1_7' title="bbox 101 780 1719 863; baseline 0.002 -16"><span class='ocrx_word' id='word_1_90' title='bbox 101 793 197 858; x_wconf 90' lang='lat' dir='ltr'><strong>idest,</strong></span> <span class='ocrx_word' id='word_1_91' title='bbox 223 794 293 848; x_wconf 87' lang='lat' dir='ltr'><strong>sicut</strong></span> <span class='ocrx_word' id='word_1_92' title='bbox 316 793 430 863; x_wconf 93' lang='lat' dir='ltr'><strong>populus</strong></span> <span class='ocrx_word' id='word_1_93' title='bbox 455 800 517 846; x_wconf 91' lang='lat' dir='ltr'><strong>tuus</strong></span> <span class='ocrx_word' id='word_1_94' title='bbox 540 790 694 861; x_wconf 88' lang='lat' dir='ltr'><strong>respondet,</strong></span> <span class='ocrx_word' id='word_1_95' title='bbox 716 787 764 842; x_wconf 91' lang='lat' dir='ltr'><strong>tibi</strong></span> <span class='ocrx_word' id='word_1_96' title='bbox 788 787 889 858; x_wconf 77' lang='lat' dir='ltr'><strong>gratias</strong></span> <span class='ocrx_word' id='word_1_97' title='bbox 937 780 1097 848; x_wconf 70' lang='lat' dir='ltr'><strong>sst³²⁰l³⁰d⁰</strong></span> <span class='ocrx_word' id='word_1_98' title='bbox 1120 780 1219 835; x_wconf 60' lang='lat' dir='ltr'><strong>‘ficitur</strong></span> <span class='ocrx_word' id='word_1_99' title='bbox 1247 780 1273 835; x_wconf 66' lang='lat'><strong>¹¹¹</strong></span> <span class='ocrx_word' id='word_1_100' title='bbox 1289 781 1415 851; x_wconf 59' lang='grc' dir='ltr'><strong>9881111οῑ</strong></span> <span class='ocrx_word' id='word_1_101' title='bbox 1438 782 1719 851; x_wconf 63' lang='lat' dir='ltr'><strong>LaudflieDomt&#39;tmm,</strong></span> 
     </span>
    </p>

    <p class='ocr_par' dir='ltr' id='par_1_7' title="bbox 100 871 1721 956">
     <span class='ocr_line' id='line_1_8' title="bbox 100 871 1721 956; baseline -0.004 -17"><span class='ocrx_word' id='word_1_102' title='bbox 100 899 181 956; x_wconf 88' lang='lat' dir='ltr'><strong>agere</strong></span> <span class='ocrx_word' id='word_1_103' title='bbox 196 883 315 954; x_wconf 89' lang='lat' dir='ltr'><strong>dignum,</strong></span> <span class='ocrx_word' id='word_1_104' title='bbox 330 883 442 951; x_wconf 83' lang='lat' dir='ltr'><strong>justum,</strong></span> <span class='ocrx_word' id='word_1_105' title='bbox 467 888 613 950; x_wconf 80' lang='lat' dir='ltr'><strong>etaequum</strong></span> <span class='ocrx_word' id='word_1_106' title='bbox 632 879 748 948; x_wconf 90' lang='lat' dir='ltr'><strong>idipsum</strong></span> <span class='ocrx_word' id='word_1_107' title='bbox 765 885 820 941; x_wconf 87' lang='lat' dir='ltr'><strong>cst;</strong></span> <span class='ocrx_word' id='word_1_108' title='bbox 837 874 889 930; x_wconf 86' lang='lat' dir='ltr'><strong>Sc-</strong></span> <span class='ocrx_word' id='word_1_109' title='bbox 937 887 1026 924; x_wconf 83' lang='lat' dir='ltr'><strong>carues</strong></span> <span class='ocrx_word' id='word_1_110' title='bbox 1049 872 1156 925; x_wconf 84' lang='lat' dir='ltr'><strong>uirtutes</strong></span> <span class='ocrx_word' id='word_1_111' title='bbox 1182 872 1238 942; x_wconf 80' lang='lat' dir='ltr'><strong>ejas</strong></span> <span class='ocrx_word' id='word_1_112' title='bbox 1268 871 1354 944; x_wconf 81' lang='lat' dir='ltr'><strong>(Prot.</strong></span> <span class='ocrx_word' id='word_1_113' title='bbox 1383 890 1505 943; x_wconf 82' lang='lat' dir='ltr'><strong>ertum,</strong></span> <span class='ocrx_word' id='word_1_114' title='bbox 1535 877 1573 949; x_wconf 63' lang='grc' dir='ltr'><strong>ἓ).</strong></span> <span class='ocrx_word' id='word_1_115' title='bbox 1602 878 1721 935; x_wconf 82' lang='lat' dir='ltr'><strong>Aderant</strong></span> 
     </span>
    </p>

    <p class='ocr_par' dir='ltr' id='par_1_8' title="bbox 98 962 1723 1042">
     <span class='ocr_line' id='line_1_9' title="bbox 98 962 1723 1042; baseline 0.002 -15"><span class='ocrx_word' id='word_1_116' title='bbox 98 973 193 1038; x_wconf 85' lang='lat' dir='ltr'><strong>lutere,</strong></span> <span class='ocrx_word' id='word_1_117' title='bbox 215 973 242 1027; x_wconf 91' lang='lat' dir='ltr'><strong>ld</strong></span> <span class='ocrx_word' id='word_1_118' title='bbox 257 981 309 1040; x_wconf 89' lang='lat' dir='ltr'><strong>cst,</strong></span> <span class='ocrx_word' id='word_1_119' title='bbox 332 971 418 1028; x_wconf 81' lang='lat' dir='ltr'><strong>salute</strong></span> <span class='ocrx_word' id='word_1_120' title='bbox 434 971 554 1042; x_wconf 87' lang='lat' dir='ltr'><strong>plenum,</strong></span> <span class='ocrx_word' id='word_1_121' title='bbox 572 971 701 1040; x_wconf 78' lang='lat' dir='ltr'><strong>quioniam</strong></span> <span class='ocrx_word' id='word_1_122' title='bbox 718 969 751 1024; x_wconf 89' lang='lat' dir='ltr'><strong>ad</strong></span> <span class='ocrx_word' id='word_1_123' title='bbox 768 977 887 1023; x_wconf 91' lang='lat' dir='ltr'><strong>nostram</strong></span> <span class='ocrx_word' id='word_1_124' title='bbox 937 975 1044 1030; x_wconf 74' lang='lat' dir='ltr'><strong>(tuoque</strong></span> <span class='ocrx_word' id='word_1_125' title='bbox 1057 962 1181 1015; x_wconf 64' lang='lat' dir='ltr'><strong>eamdem</strong></span> <span class='ocrx_word' id='word_1_126' title='bbox 1196 963 1313 1017; x_wconf 63' lang='lat' dir='ltr'><strong>(filinam</strong></span> <span class='ocrx_word' id='word_1_127' title='bbox 1327 964 1505 1033; x_wconf 64' lang='lat' dir='ltr'><strong>maiestatem,</strong></span> <span class='ocrx_word' id='word_1_128' title='bbox 1522 967 1592 1022; x_wconf 88' lang='lat' dir='ltr'><strong>sicut</strong></span> <span class='ocrx_word' id='word_1_129' title='bbox 1603 969 1630 1023; x_wconf 79' lang='grc' dir='ltr'><strong>ῑιι</strong></span> <span class='ocrx_word' id='word_1_130' title='bbox 1644 970 1723 1040; x_wconf 82' lang='lat' dir='ltr'><strong>hym-</strong></span> 
     </span>
    </p>

    <p class='ocr_par' dir='ltr' id='par_1_9' title="bbox 97 1050 1719 1132">
     <span class='ocr_line' id='line_1_10' title="bbox 97 1050 1719 1132; baseline -0.001 -14"><span class='ocrx_word' id='word_1_131' title='bbox 97 1063 220 1132; x_wconf 85' lang='lat' dir='ltr'><strong>corporis</strong></span> <span class='ocrx_word' id='word_1_132' title='bbox 238 1072 265 1117; x_wconf 93' lang='lat' dir='ltr'><strong>ct</strong></span> <span class='ocrx_word' id='word_1_133' title='bbox 287 1063 384 1116; x_wconf 78' lang='lat' dir='ltr'><strong>animae</strong></span> <span class='ocrx_word' id='word_1_134' title='bbox 406 1061 519 1116; x_wconf 85' lang='lat' dir='ltr'><strong>salutem</strong></span> <span class='ocrx_word' id='word_1_135' title='bbox 533 1060 659 1129; x_wconf 82' lang='lat' dir='ltr'><strong>pertinet,</strong></span> <span class='ocrx_word' id='word_1_136' title='bbox 675 1058 698 1112; x_wconf 89' lang='lat' dir='ltr'><strong>si</strong></span> <span class='ocrx_word' id='word_1_137' title='bbox 716 1058 793 1127; x_wconf 80' lang='lat' dir='ltr'><strong>digne</strong></span> <span class='ocrx_word' id='word_1_138' title='bbox 813 1056 887 1111; x_wconf 92' lang='lat' dir='ltr'><strong>illum</strong></span> <span class='ocrx_word' id='word_1_139' title='bbox 937 1065 972 1104; x_wconf 80' lang='lat'><strong>110</strong></span> <span class='ocrx_word' id='word_1_140' title='bbox 987 1050 1165 1106; x_wconf 74' lang='lat' dir='ltr'><strong>consessionis</strong></span> <span class='ocrx_word' id='word_1_141' title='bbox 1180 1053 1273 1108; x_wconf 82' lang='lat' dir='ltr'><strong>Esdrae</strong></span> <span class='ocrx_word' id='word_1_142' title='bbox 1287 1055 1320 1108; x_wconf 89' lang='lat' dir='ltr'><strong>ad</strong></span> <span class='ocrx_word' id='word_1_143' title='bbox 1335 1056 1421 1125; x_wconf 91' lang='lat' dir='ltr'><strong>ipsum</strong></span> <span class='ocrx_word' id='word_1_144' title='bbox 1437 1056 1580 1114; x_wconf 84' lang='lat' dir='ltr'><strong>Dominum</strong></span> <span class='ocrx_word' id='word_1_145' title='bbox 1599 1061 1719 1116; x_wconf 85' lang='lat' dir='ltr'><strong>dicitur:</strong></span> 
     </span>
    </p>

    <p class='ocr_par' dir='ltr' id='par_1_10' title="bbox 97 1140 1722 1221">
     <span class='ocr_line' id='line_1_11' title="bbox 97 1140 1722 1221; baseline 0.006 -15"><span class='ocrx_word' id='word_1_146' title='bbox 97 1152 246 1207; x_wconf 86' lang='lat' dir='ltr'><strong>laudemus.</strong></span> <span class='ocrx_word' id='word_1_147' title='bbox 268 1151 333 1208; x_wconf 88' lang='lat' dir='ltr'><strong>Post</strong></span> <span class='ocrx_word' id='word_1_148' title='bbox 350 1151 546 1208; x_wconf 85' lang='lat' dir='ltr'><strong>contessionem</strong></span> <span class='ocrx_word' id='word_1_149' title='bbox 567 1150 672 1221; x_wconf 90' lang='lat' dir='ltr'><strong>populi,</strong></span> <span class='ocrx_word' id='word_1_150' title='bbox 698 1149 809 1220; x_wconf 91' lang='lat' dir='ltr'><strong>dignum</strong></span> <span class='ocrx_word' id='word_1_151' title='bbox 825 1162 886 1202; x_wconf 89' lang='lat' dir='ltr'><strong>esse</strong></span> <span class='ocrx_word' id='word_1_152' title='bbox 936 1140 1075 1197; x_wconf 75' lang='lat' dir='ltr'><strong>Exercitus</strong></span> <span class='ocrx_word' id='word_1_153' title='bbox 1090 1142 1145 1196; x_wconf 71' lang='lat' dir='ltr'><strong>coeit&#39;</strong></span> <span class='ocrx_word' id='word_1_154' title='bbox 1160 1152 1184 1197; x_wconf 87' lang='lat' dir='ltr'><strong>te</strong></span> <span class='ocrx_word' id='word_1_155' title='bbox 1206 1144 1370 1218; x_wconf 65' lang='lat' dir='ltr'><strong>adommin</strong></span> <span class='ocrx_word' id='word_1_156' title='bbox 1384 1146 1515 1215; x_wconf 60' lang='lat' dir='ltr'><strong>&amp;dt-1¹,</strong></span> <span class='ocrx_word' id='word_1_157' title='bbox 1536 1150 1574 1221; x_wconf 77' lang='grc'><strong>6)·</strong></span> <span class='ocrx_word' id='word_1_158' title='bbox 1597 1150 1722 1207; x_wconf 65' lang='lat' dir='ltr'><strong>Tremuli</strong></span> 
     </span>
    </p>

    <p class='ocr_par' dir='ltr' id='par_1_11' title="bbox 97 1233 1719 1314">
     <span class='ocr_line' id='line_1_12' title="bbox 97 1233 1719 1314; baseline 0.001 -19"><span class='ocrx_word' id='word_1_159' title='bbox 97 1248 125 1296; x_wconf 91' lang='lat' dir='ltr'><strong>et</strong></span> <span class='ocrx_word' id='word_1_160' title='bbox 138 1241 252 1308; x_wconf 88' lang='lat' dir='ltr'><strong>justum,</strong></span> <span class='ocrx_word' id='word_1_161' title='bbox 275 1250 305 1296; x_wconf 88' lang='lat' dir='ltr'><strong>ut</strong></span> <span class='ocrx_word' id='word_1_162' title='bbox 321 1241 376 1297; x_wconf 84' lang='lat' dir='ltr'><strong>Deo</strong></span> <span class='ocrx_word' id='word_1_163' title='bbox 399 1242 492 1314; x_wconf 82' lang='lat' dir='ltr'><strong>gratiae</strong></span> <span class='ocrx_word' id='word_1_164' title='bbox 517 1240 709 1311; x_wconf 82' lang='lat' dir='ltr'><strong>rependantur,</strong></span> <span class='ocrx_word' id='word_1_165' title='bbox 733 1239 887 1294; x_wconf 90' lang='lat' dir='ltr'><strong>intermisso</strong></span> <span class='ocrx_word' id='word_1_166' title='bbox 935 1235 1028 1298; x_wconf 88' lang='lat' dir='ltr'><strong>etiam,</strong></span> <span class='ocrx_word' id='word_1_167' title='bbox 1042 1234 1112 1288; x_wconf 92' lang='lat' dir='ltr'><strong>sicut</strong></span> <span class='ocrx_word' id='word_1_168' title='bbox 1122 1249 1171 1304; x_wconf 89' lang='lat' dir='ltr'><strong>per</strong></span> <span class='ocrx_word' id='word_1_169' title='bbox 1187 1233 1300 1304; x_wconf 84' lang='lat' dir='ltr'><strong>liguram</strong></span> <span class='ocrx_word' id='word_1_170' title='bbox 1318 1236 1351 1292; x_wconf 91' lang='lat' dir='ltr'><strong>de</strong></span> <span class='ocrx_word' id='word_1_171' title='bbox 1365 1238 1405 1293; x_wconf 89' lang='lat' dir='ltr'><strong>eis</strong></span> <span class='ocrx_word' id='word_1_172' title='bbox 1420 1239 1447 1291; x_wconf 92' lang='lat' dir='ltr'><strong>in</strong></span> <span class='ocrx_word' id='word_1_173' title='bbox 1458 1239 1528 1296; x_wconf 91' lang='lat' dir='ltr'><strong>libro</strong></span> <span class='ocrx_word' id='word_1_174' title='bbox 1538 1239 1587 1295; x_wconf 84' lang='lat' dir='ltr'><strong>lob</strong></span> <span class='ocrx_word' id='word_1_175' title='bbox 1602 1240 1719 1297; x_wconf 90' lang='lat' dir='ltr'><strong>dicitur:</strong></span> 
     </span>
    </p>

    <p class='ocr_par' dir='ltr' id='par_1_12' title="bbox 97 1323 1722 1403">
     <span class='ocr_line' id='line_1_13' title="bbox 97 1323 1722 1403; baseline 0.002 -19"><span class='ocrx_word' id='word_1_176' title='bbox 97 1331 206 1400; x_wconf 93' lang='lat' dir='ltr'><strong>populo,</strong></span> <span class='ocrx_word' id='word_1_177' title='bbox 231 1331 275 1385; x_wconf 94' lang='lat' dir='ltr'><strong>cui</strong></span> <span class='ocrx_word' id='word_1_178' title='bbox 292 1331 460 1402; x_wconf 85' lang='lat' dir='ltr'><strong>loquebatur,</strong></span> <span class='ocrx_word' id='word_1_179' title='bbox 483 1329 540 1399; x_wconf 82' lang='lat' dir='ltr'><strong>jam</strong></span> <span class='ocrx_word' id='word_1_180' title='bbox 558 1330 690 1386; x_wconf 88' lang='lat' dir='ltr'><strong>convertit</strong></span> <span class='ocrx_word' id='word_1_181' title='bbox 714 1344 744 1385; x_wconf 89' lang='lat' dir='ltr'><strong>se</strong></span> <span class='ocrx_word' id='word_1_182' title='bbox 760 1330 886 1384; x_wconf 86' lang='lat' dir='ltr'><strong>sacerdos</strong></span> <span class='ocrx_word' id='word_1_183' title='bbox 936 1323 1071 1380; x_wconf 73' lang='lat' dir='ltr'><strong>Columnae</strong></span> <span class='ocrx_word' id='word_1_184' title='bbox 1083 1328 1139 1381; x_wconf 85' lang='lat' dir='ltr'><strong>eoeli</strong></span> <span class='ocrx_word' id='word_1_185' title='bbox 1151 1331 1363 1393; x_wconf 85' lang='lat' dir='ltr'><strong>contremiscant,</strong></span> <span class='ocrx_word' id='word_1_186' title='bbox 1378 1339 1402 1384; x_wconf 90' lang='lat' dir='ltr'><strong>et</strong></span> <span class='ocrx_word' id='word_1_187' title='bbox 1413 1340 1505 1401; x_wconf 81' lang='lat' dir='ltr'><strong>parent</strong></span> <span class='ocrx_word' id='word_1_188' title='bbox 1518 1332 1552 1386; x_wconf 86' lang='lat' dir='ltr'><strong>cd</strong></span> <span class='ocrx_word' id='word_1_189' title='bbox 1563 1343 1654 1387; x_wconf 84' lang='lat' dir='ltr'><strong>uatum</strong></span> <span class='ocrx_word' id='word_1_190' title='bbox 1664 1334 1722 1403; x_wconf 76' lang='lat' dir='ltr'><strong>cius</strong></span> 
     </span>
    </p>

    <p class='ocr_par' dir='ltr' id='par_1_13' title="bbox 98 1418 1721 1495">
     <span class='ocr_line' id='line_1_14' title="bbox 98 1418 1721 1495; baseline 0.004 -20"><span class='ocrx_word' id='word_1_191' title='bbox 98 1422 132 1475; x_wconf 87' lang='lat' dir='ltr'><strong>ad</strong></span> <span class='ocrx_word' id='word_1_192' title='bbox 148 1422 233 1475; x_wconf 82' lang='lat' dir='ltr'><strong>lteum</strong></span> <span class='ocrx_word' id='word_1_193' title='bbox 249 1420 369 1488; x_wconf 87' lang='lat' dir='ltr'><strong>Patrem,</strong></span> <span class='ocrx_word' id='word_1_194' title='bbox 381 1431 409 1477; x_wconf 91' lang='lat' dir='ltr'><strong>et</strong></span> <span class='ocrx_word' id='word_1_195' title='bbox 426 1430 552 1492; x_wconf 87' lang='lat' dir='ltr'><strong>tanquam</strong></span> <span class='ocrx_word' id='word_1_196' title='bbox 568 1422 602 1477; x_wconf 90' lang='lat' dir='ltr'><strong>ad</strong></span> <span class='ocrx_word' id='word_1_197' title='bbox 616 1429 778 1492; x_wconf 70' lang='lat' dir='ltr'><strong>praesentem</strong></span> <span class='ocrx_word' id='word_1_198' title='bbox 793 1421 887 1490; x_wconf 89' lang='lat' dir='ltr'><strong>incipit</strong></span> <span class='ocrx_word' id='word_1_199' title='bbox 937 1418 1008 1491; x_wconf 80' lang='lat' dir='ltr'><strong>(lob.</strong></span> <span class='ocrx_word' id='word_1_200' title='bbox 1023 1437 1099 1485; x_wconf 80' lang='lat' dir='ltr'><strong>xxm,</strong></span> <span class='ocrx_word' id='word_1_201' title='bbox 1115 1420 1170 1490; x_wconf 87' lang='lat' dir='ltr'><strong>ll).</strong></span> <span class='ocrx_word' id='word_1_202' title='bbox 1187 1420 1238 1487; x_wconf 85' lang='lat' dir='ltr'><strong>Qui</strong></span> <span class='ocrx_word' id='word_1_203' title='bbox 1253 1428 1341 1474; x_wconf 86' lang='lat' dir='ltr'><strong>tamen</strong></span> <span class='ocrx_word' id='word_1_204' title='bbox 1356 1429 1477 1486; x_wconf 89' lang='lat' dir='ltr'><strong>tremor,</strong></span> <span class='ocrx_word' id='word_1_205' title='bbox 1494 1438 1528 1478; x_wconf 89' lang='lat' dir='ltr'><strong>ne</strong></span> <span class='ocrx_word' id='word_1_206' title='bbox 1553 1424 1592 1479; x_wconf 91' lang='lat' dir='ltr'><strong>eis</strong></span> <span class='ocrx_word' id='word_1_207' title='bbox 1607 1422 1721 1495; x_wconf 86' lang='lat' dir='ltr'><strong>poenalis</strong></span> 
     </span>
    </p>

    <p class='ocr_par' dir='ltr' id='par_1_14' title="bbox 95 1512 1722 1586">
     <span class='ocr_line' id='line_1_15' title="bbox 95 1512 1722 1586; baseline 0.001 -20"><span class='ocrx_word' id='word_1_208' title='bbox 95 1512 179 1584; x_wconf 88' lang='lat' dir='ltr'><strong>loqui,</strong></span> <span class='ocrx_word' id='word_1_209' title='bbox 197 1515 288 1575; x_wconf 85' lang='lat' dir='ltr'><strong>dicens</strong></span> <span class='ocrx_word' id='word_1_210' title='bbox 303 1533 309 1568; x_wconf 93' lang='lat'>:</span> <span class='ocrx_word' id='word_1_211' title='bbox 327 1514 383 1569; x_wconf 86' lang='lat' dir='ltr'><strong>Nor</strong></span> <span class='ocrx_word' id='word_1_212' title='bbox 401 1514 447 1569; x_wconf 85' lang='lat' dir='ltr'><strong>tibi</strong></span> <span class='ocrx_word' id='word_1_213' title='bbox 464 1515 562 1586; x_wconf 82' lang='lat' dir='ltr'><strong>pretias</strong></span> <span class='ocrx_word' id='word_1_214' title='bbox 574 1532 659 1586; x_wconf 77' lang='lat' dir='ltr'><strong>apere,</strong></span> <span class='ocrx_word' id='word_1_215' title='bbox 677 1523 704 1570; x_wconf 88' lang='lat' dir='ltr'><strong>et</strong></span> <span class='ocrx_word' id='word_1_216' title='bbox 718 1517 770 1570; x_wconf 92' lang='lat' dir='ltr'><strong>hoc</strong></span> <span class='ocrx_word' id='word_1_217' title='bbox 787 1529 840 1569; x_wconf 90' lang='lat' dir='ltr'><strong>non</strong></span> <span class='ocrx_word' id='word_1_218' title='bbox 852 1513 886 1568; x_wconf 88' lang='lat' dir='ltr'><strong>ad</strong></span> <span class='ocrx_word' id='word_1_219' title='bbox 936 1512 982 1577; x_wconf 89' lang='lat' dir='ltr'><strong>sit,</strong></span> <span class='ocrx_word' id='word_1_220' title='bbox 998 1527 1051 1566; x_wconf 90' lang='lat' dir='ltr'><strong>oon</strong></span> <span class='ocrx_word' id='word_1_221' title='bbox 1077 1512 1183 1567; x_wconf 85' lang='lat' dir='ltr'><strong>timoris</strong></span> <span class='ocrx_word' id='word_1_222' title='bbox 1197 1519 1260 1577; x_wconf 89' lang='lat' dir='ltr'><strong>est,</strong></span> <span class='ocrx_word' id='word_1_223' title='bbox 1276 1512 1323 1567; x_wconf 91' lang='lat' dir='ltr'><strong>sed</strong></span> <span class='ocrx_word' id='word_1_224' title='bbox 1340 1512 1535 1568; x_wconf 87' lang='lat' dir='ltr'><strong>admirationis.</strong></span> <span class='ocrx_word' id='word_1_225' title='bbox 1559 1513 1626 1568; x_wconf 86' lang='lat' dir='ltr'><strong>Cum</strong></span> <span class='ocrx_word' id='word_1_226' title='bbox 1639 1514 1722 1584; x_wconf 89' lang='lat' dir='ltr'><strong>igitur</strong></span> 
     </span>
    </p>

    <p class='ocr_par' dir='ltr' id='par_1_15' title="bbox 95 1601 1718 1676">
     <span class='ocr_line' id='line_1_16' title="bbox 95 1601 1718 1676; baseline 0 -18"><span class='ocrx_word' id='word_1_227' title='bbox 95 1603 207 1670; x_wconf 87' lang='lat' dir='ltr'><strong>horam,</strong></span> <span class='ocrx_word' id='word_1_228' title='bbox 227 1603 273 1659; x_wconf 87' lang='lat' dir='ltr'><strong>sed</strong></span> <span class='ocrx_word' id='word_1_229' title='bbox 300 1621 408 1676; x_wconf 82' lang='lat' dir='ltr'><strong>semper,</strong></span> <span class='ocrx_word' id='word_1_230' title='bbox 429 1605 455 1659; x_wconf 93' lang='lat' dir='ltr'><strong>id</strong></span> <span class='ocrx_word' id='word_1_231' title='bbox 477 1612 533 1670; x_wconf 97' lang='grc' dir='ltr'><strong>εει,</strong></span> <span class='ocrx_word' id='word_1_232' title='bbox 552 1604 626 1660; x_wconf 93' lang='lat' dir='ltr'><strong>omni</strong></span> <span class='ocrx_word' id='word_1_233' title='bbox 650 1613 781 1674; x_wconf 90' lang='lat' dir='ltr'><strong>tempore,</strong></span> <span class='ocrx_word' id='word_1_234' title='bbox 803 1612 831 1659; x_wconf 90' lang='lat' dir='ltr'><strong>et</strong></span> <span class='ocrx_word' id='word_1_235' title='bbox 857 1601 885 1657; x_wconf 91' lang='lat' dir='ltr'><strong>in</strong></span> <span class='ocrx_word' id='word_1_236' title='bbox 936 1604 964 1659; x_wconf 93' lang='lat' dir='ltr'><strong>in</strong></span> <span class='ocrx_word' id='word_1_237' title='bbox 979 1604 1135 1660; x_wconf 85' lang='lat' dir='ltr'><strong>coelestibus</strong></span> <span class='ocrx_word' id='word_1_238' title='bbox 1149 1612 1223 1659; x_wconf 88' lang='lat' dir='ltr'><strong>tanta</strong></span> <span class='ocrx_word' id='word_1_239' title='bbox 1241 1605 1276 1660; x_wconf 88' lang='lat' dir='ltr'><strong>sit</strong></span> <span class='ocrx_word' id='word_1_240' title='bbox 1287 1602 1395 1660; x_wconf 86' lang='lat' dir='ltr'><strong>devotio</strong></span> <span class='ocrx_word' id='word_1_241' title='bbox 1406 1605 1571 1660; x_wconf 86' lang='lat' dir='ltr'><strong>laudantium</strong></span> <span class='ocrx_word' id='word_1_242' title='bbox 1585 1646 1592 1670; x_wconf 89' lang='lat'><strong>,</strong></span> <span class='ocrx_word' id='word_1_243' title='bbox 1604 1621 1718 1661; x_wconf 90' lang='lat' dir='ltr'><strong>venera-</strong></span> 
     </span>
    </p>

    <p class='ocr_par' dir='ltr' id='par_1_16' title="bbox 94 1685 1719 1761">
     <span class='ocr_line' id='line_1_17' title="bbox 94 1685 1719 1761; baseline 0.001 -16"><span class='ocrx_word' id='word_1_244' title='bbox 94 1693 232 1761; x_wconf 89' lang='lat' dir='ltr'><strong>prosperis</strong></span> <span class='ocrx_word' id='word_1_245' title='bbox 247 1700 275 1746; x_wconf 88' lang='lat' dir='ltr'><strong>et</strong></span> <span class='ocrx_word' id='word_1_246' title='bbox 288 1694 316 1748; x_wconf 93' lang='lat' dir='ltr'><strong>iu</strong></span> <span class='ocrx_word' id='word_1_247' title='bbox 328 1693 460 1757; x_wconf 79' lang='lat' dir='ltr'><strong>adversis,</strong></span> <span class='ocrx_word' id='word_1_248' title='bbox 484 1693 588 1761; x_wconf 82' lang='lat' dir='ltr'><strong>abique,</strong></span> <span class='ocrx_word' id='word_1_249' title='bbox 605 1694 633 1748; x_wconf 94' lang='lat' dir='ltr'><strong>id</strong></span> <span class='ocrx_word' id='word_1_250' title='bbox 652 1701 703 1759; x_wconf 90' lang='lat' dir='ltr'><strong>est,</strong></span> <span class='ocrx_word' id='word_1_251' title='bbox 724 1693 797 1747; x_wconf 90' lang='lat' dir='ltr'><strong>oruni</strong></span> <span class='ocrx_word' id='word_1_252' title='bbox 813 1692 881 1748; x_wconf 86' lang='lat' dir='ltr'><strong>loco.</strong></span> <span class='ocrx_word' id='word_1_253' title='bbox 901 1685 972 1750; x_wconf 85' lang='lat' dir='ltr'><strong>Btio</strong></span> <span class='ocrx_word' id='word_1_254' title='bbox 985 1695 1175 1761; x_wconf 91' lang='lat' dir='ltr'><strong>adorantium,</strong></span> <span class='ocrx_word' id='word_1_255' title='bbox 1202 1703 1305 1749; x_wconf 89' lang='lat' dir='ltr'><strong>tremor</strong></span> <span class='ocrx_word' id='word_1_256' title='bbox 1330 1695 1538 1760; x_wconf 87' lang='lat' dir='ltr'><strong>admirantium,</strong></span> <span class='ocrx_word' id='word_1_257' title='bbox 1565 1695 1719 1749; x_wconf 83' lang='lat' dir='ltr'><strong>consideret</strong></span> 
     </span>
    </p>

    <p class='ocr_par' dir='ltr' id='par_1_17' title="bbox 94 1779 1721 1856">
     <span class='ocr_line' id='line_1_18' title="bbox 94 1779 1721 1856; baseline -0.003 -12"><span class='ocrx_word' id='word_1_258' title='bbox 94 1779 206 1834; x_wconf 60' lang='lat' dir='ltr'><strong>Domine</strong></span> <span class='ocrx_word' id='word_1_259' title='bbox 217 1790 315 1845; x_wconf 80' lang='lat' dir='ltr'><strong>sancte,</strong></span> <span class='ocrx_word' id='word_1_260' title='bbox 328 1780 374 1849; x_wconf 76' lang='lat' dir='ltr'><strong>(lui</strong></span> <span class='ocrx_word' id='word_1_261' title='bbox 385 1780 532 1835; x_wconf 69' lang='lat' dir='ltr'><strong>dominaris</strong></span> <span class='ocrx_word' id='word_1_262' title='bbox 543 1782 673 1847; x_wconf 86' lang='lat' dir='ltr'><strong>omnium,</strong></span> <span class='ocrx_word' id='word_1_263' title='bbox 688 1797 749 1851; x_wconf 80' lang='lat' dir='ltr'><strong>uuae</strong></span> <span class='ocrx_word' id='word_1_264' title='bbox 765 1781 793 1836; x_wconf 91' lang='lat' dir='ltr'><strong>in</strong></span> <span class='ocrx_word' id='word_1_265' title='bbox 808 1780 883 1836; x_wconf 86' lang='lat' dir='ltr'><strong>coelis</strong></span> <span class='ocrx_word' id='word_1_266' title='bbox 935 1788 987 1842; x_wconf 94' lang='lat' dir='ltr'><strong>hoc</strong></span> <span class='ocrx_word' id='word_1_267' title='bbox 998 1788 1088 1851; x_wconf 88' lang='lat' dir='ltr'><strong>homo,</strong></span> <span class='ocrx_word' id='word_1_268' title='bbox 1097 1788 1141 1842; x_wconf 92' lang='lat' dir='ltr'><strong>cui</strong></span> <span class='ocrx_word' id='word_1_269' title='bbox 1150 1788 1251 1842; x_wconf 91' lang='lat' dir='ltr'><strong>dictum</strong></span> <span class='ocrx_word' id='word_1_270' title='bbox 1262 1795 1304 1842; x_wconf 90' lang='lat' dir='ltr'><strong>est</strong></span> <span class='ocrx_word' id='word_1_271' title='bbox 1317 1805 1323 1841; x_wconf 91' lang='lat'>:</span> <span class='ocrx_word' id='word_1_272' title='bbox 1334 1785 1404 1851; x_wconf 83' lang='lat' dir='ltr'><strong>Quid</strong></span> <span class='ocrx_word' id='word_1_273' title='bbox 1411 1786 1539 1856; x_wconf 81' lang='lat' dir='ltr'><strong>superbis,</strong></span> <span class='ocrx_word' id='word_1_274' title='bbox 1548 1786 1721 1839; x_wconf 84' lang='lat' dir='ltr'><strong>terreetriuis</strong></span> 
     </span>
    </p>

    <p class='ocr_par' dir='ltr' id='par_1_18' title="bbox 88 1871 1764 5682">
     <span class='ocr_line' id='line_1_19' title="bbox 94 1871 1764 1949; baseline 0.005 -24"><span class='ocrx_word' id='word_1_275' title='bbox 94 1880 167 1936; x_wconf 90' lang='lat' dir='ltr'><strong>sunt,</strong></span> <span class='ocrx_word' id='word_1_276' title='bbox 184 1878 212 1925; x_wconf 93' lang='lat' dir='ltr'><strong>et</strong></span> <span class='ocrx_word' id='word_1_277' title='bbox 226 1885 286 1940; x_wconf 86' lang='lat' dir='ltr'><strong>quae</strong></span> <span class='ocrx_word' id='word_1_278' title='bbox 301 1871 327 1925; x_wconf 92' lang='lat' dir='ltr'><strong>in</strong></span> <span class='ocrx_word' id='word_1_279' title='bbox 346 1881 430 1936; x_wconf 90' lang='lat' dir='ltr'><strong>terra,</strong></span> <span class='ocrx_word' id='word_1_280' title='bbox 446 1872 532 1943; x_wconf 88' lang='lat' dir='ltr'><strong>etqui</strong></span> <span class='ocrx_word' id='word_1_281' title='bbox 546 1874 638 1928; x_wconf 89' lang='lat' dir='ltr'><strong>omnia</strong></span> <span class='ocrx_word' id='word_1_282' title='bbox 660 1881 753 1930; x_wconf 90' lang='lat' dir='ltr'><strong>sancta</strong></span> <span class='ocrx_word' id='word_1_283' title='bbox 770 1883 817 1928; x_wconf 88' lang='lat' dir='ltr'><strong>tun</strong></span> <span class='ocrx_word' id='word_1_284' title='bbox 832 1874 884 1930; x_wconf 93' lang='lat' dir='ltr'><strong>bc·</strong></span> <span class='ocrx_word' id='word_1_285' title='bbox 935 1877 1031 1949; x_wconf 74' lang='lat' dir='ltr'><strong>(dccli.</strong></span> <span class='ocrx_word' id='word_1_286' title='bbox 1043 1894 1072 1943; x_wconf 87' lang='lat' dir='ltr'><strong>x,</strong></span> <span class='ocrx_word' id='word_1_287' title='bbox 1087 1879 1134 1948; x_wconf 75' lang='lat' dir='ltr'><strong>9l?</strong></span> <span class='ocrx_word' id='word_1_288' title='bbox 1158 1878 1258 1933; x_wconf 79' lang='lat' dir='ltr'><strong>Audiat</strong></span> <span class='ocrx_word' id='word_1_289' title='bbox 1281 1878 1439 1949; x_wconf 78' lang='lat' dir='ltr'><strong>Apostolum</strong></span> <span class='ocrx_word' id='word_1_290' title='bbox 1462 1886 1636 1934; x_wconf 88' lang='lat' dir='ltr'><strong>monentem:</strong></span> <span class='ocrx_word' id='word_1_291' title='bbox 1653 1877 1720 1933; x_wconf 85' lang='lat' dir='ltr'><strong>Cam</strong></span> <span class='ocrx_word' id='word_1_292' title='bbox 1760 1932 1764 1940; x_wconf 83' lang='grc'><strong>,</strong></span> 
     </span>
     <span class='ocr_line' id='line_1_20' title="bbox 95 1963 1719 2040; baseline 0.003 -21"><span class='ocrx_word' id='word_1_293' title='bbox 95 1963 247 2020; x_wconf 90' lang='lat' dir='ltr'><strong>nedictioue</strong></span> <span class='ocrx_word' id='word_1_294' title='bbox 269 1964 433 2032; x_wconf 83' lang='lat' dir='ltr'><strong>sanctificas,</strong></span> <span class='ocrx_word' id='word_1_295' title='bbox 450 1972 480 2019; x_wconf 91' lang='lat' dir='ltr'><strong>ut</strong></span> <span class='ocrx_word' id='word_1_296' title='bbox 494 1975 587 2022; x_wconf 88' lang='lat' dir='ltr'><strong>sancta</strong></span> <span class='ocrx_word' id='word_1_297' title='bbox 601 1967 663 2022; x_wconf 85' lang='lat' dir='ltr'><strong>siut.</strong></span> <span class='ocrx_word' id='word_1_298' title='bbox 681 1964 763 2021; x_wconf 87' lang='lat' dir='ltr'><strong>Peter</strong></span> <span class='ocrx_word' id='word_1_299' title='bbox 778 1966 881 2033; x_wconf 78' lang='lat' dir='ltr'><strong>Graeee,</strong></span> <span class='ocrx_word' id='word_1_300' title='bbox 934 1977 1003 2022; x_wconf 84' lang='lat' dir='ltr'><strong>mete</strong></span> <span class='ocrx_word' id='word_1_301' title='bbox 1014 1977 1037 2022; x_wconf 88' lang='lat' dir='ltr'><strong>et</strong></span> <span class='ocrx_word' id='word_1_302' title='bbox 1051 1968 1154 2032; x_wconf 84' lang='lat' dir='ltr'><strong>timore,</strong></span> <span class='ocrx_word' id='word_1_303' title='bbox 1167 1978 1190 2023; x_wconf 86' lang='grc' dir='ltr'><strong>ει</strong></span> <span class='ocrx_word' id='word_1_304' title='bbox 1202 1978 1312 2023; x_wconf 87' lang='lat' dir='ltr'><strong>tremore</strong></span> <span class='ocrx_word' id='word_1_305' title='bbox 1332 1978 1442 2024; x_wconf 83' lang='lat' dir='ltr'><strong>uestram</strong></span> <span class='ocrx_word' id='word_1_306' title='bbox 1468 1969 1584 2040; x_wconf 81' lang='lat' dir='ltr'><strong>ipsorum</strong></span> <span class='ocrx_word' id='word_1_307' title='bbox 1607 1967 1719 2024; x_wconf 82' lang='lat' dir='ltr'><strong>salutem</strong></span> 
     </span>
     <span class='ocr_line' id='line_1_21' title="bbox 93 2053 1722 2130; baseline 0.002 -21"><span class='ocrx_word' id='word_1_308' title='bbox 93 2053 188 2109; x_wconf 89' lang='lat' dir='ltr'><strong>Latine</strong></span> <span class='ocrx_word' id='word_1_309' title='bbox 200 2054 299 2109; x_wconf 91' lang='lat' dir='ltr'><strong>dicitur</strong></span> <span class='ocrx_word' id='word_1_310' title='bbox 311 2055 424 2125; x_wconf 90' lang='lat' dir='ltr'><strong>genitor.</strong></span> <span class='ocrx_word' id='word_1_311' title='bbox 438 2055 510 2111; x_wconf 84' lang='lat' dir='ltr'><strong>Deus</strong></span> <span class='ocrx_word' id='word_1_312' title='bbox 522 2056 594 2112; x_wconf 91' lang='lat' dir='ltr'><strong>enim</strong></span> <span class='ocrx_word' id='word_1_313' title='bbox 606 2055 778 2111; x_wconf 78' lang='lat' dir='ltr'><strong>ineffabiliter</strong></span> <span class='ocrx_word' id='word_1_314' title='bbox 792 2056 884 2126; x_wconf 91' lang='lat' dir='ltr'><strong>genuit</strong></span> <span class='ocrx_word' id='word_1_315' title='bbox 934 2058 1079 2128; x_wconf 83' lang='lat' dir='ltr'><strong>operemini</strong></span> <span class='ocrx_word' id='word_1_316' title='bbox 1108 2056 1192 2129; x_wconf 84' lang='lat' dir='ltr'><strong>(Phil.</strong></span> <span class='ocrx_word' id='word_1_317' title='bbox 1217 2075 1254 2121; x_wconf 82' lang='lat' dir='ltr'><strong>rr,</strong></span> <span class='ocrx_word' id='word_1_318' title='bbox 1280 2058 1335 2129; x_wconf 71' lang='lat' dir='ltr'><strong>li).</strong></span> <span class='ocrx_word' id='word_1_319' title='bbox 1364 2058 1427 2114; x_wconf 74' lang='lat' dir='ltr'><strong>ectr·</strong></span> <span class='ocrx_word' id='word_1_320' title='bbox 1452 2075 1581 2129; x_wconf 87' lang='lat' dir='ltr'><strong>quoque,</strong></span> <span class='ocrx_word' id='word_1_321' title='bbox 1607 2060 1653 2129; x_wconf 86' lang='lat' dir='ltr'><strong>qui</strong></span> <span class='ocrx_word' id='word_1_322' title='bbox 1672 2074 1722 2130; x_wconf 91' lang='lat' dir='ltr'><strong>per</strong></span> 
     </span>
     <span class='ocr_line' id='line_1_22' title="bbox 94 2144 1718 2218; baseline 0.004 -19"><span class='ocrx_word' id='word_1_323' title='bbox 94 2144 192 2200; x_wconf 79' lang='lat' dir='ltr'><strong>Filium</strong></span> <span class='ocrx_word' id='word_1_324' title='bbox 209 2153 272 2200; x_wconf 86' lang='lat' dir='ltr'><strong>ante</strong></span> <span class='ocrx_word' id='word_1_325' title='bbox 283 2147 373 2201; x_wconf 88' lang='lat' dir='ltr'><strong>omnin</strong></span> <span class='ocrx_word' id='word_1_326' title='bbox 387 2146 494 2202; x_wconf 80' lang='lat' dir='ltr'><strong>sarcula.</strong></span> <span class='ocrx_word' id='word_1_327' title='bbox 508 2146 678 2218; x_wconf 79' lang='lat' dir='ltr'><strong>Ornnipoterts</strong></span> <span class='ocrx_word' id='word_1_328' title='bbox 689 2147 789 2202; x_wconf 87' lang='lat' dir='ltr'><strong>dicitur</strong></span> <span class='ocrx_word' id='word_1_329' title='bbox 800 2146 881 2214; x_wconf 85' lang='lat' dir='ltr'><strong>Deus,</strong></span> <span class='ocrx_word' id='word_1_330' title='bbox 934 2147 1071 2204; x_wconf 88' lang='lat' dir='ltr'><strong>Christum</strong></span> <span class='ocrx_word' id='word_1_331' title='bbox 1095 2149 1159 2204; x_wconf 87' lang='lat' dir='ltr'><strong>lacti</strong></span> <span class='ocrx_word' id='word_1_332' title='bbox 1175 2157 1245 2214; x_wconf 91' lang='lat' dir='ltr'><strong>sunt,</strong></span> <span class='ocrx_word' id='word_1_333' title='bbox 1273 2158 1338 2205; x_wconf 90' lang='lat' dir='ltr'><strong>tuuc</strong></span> <span class='ocrx_word' id='word_1_334' title='bbox 1364 2149 1474 2204; x_wconf 86' lang='lat' dir='ltr'><strong>laudaut</strong></span> <span class='ocrx_word' id='word_1_335' title='bbox 1497 2151 1582 2204; x_wconf 87' lang='lat' dir='ltr'><strong>Deum</strong></span> <span class='ocrx_word' id='word_1_336' title='bbox 1600 2148 1718 2214; x_wconf 85' lang='lat' dir='ltr'><strong>Patrem,</strong></span> 
     </span>
     <span class='ocr_line' id='line_1_23' title="bbox 95 2236 1719 2308; baseline 0.001 -18"><span class='ocrx_word' id='word_1_337' title='bbox 95 2237 159 2306; x_wconf 81' lang='lat' dir='ltr'><strong>quia</strong></span> <span class='ocrx_word' id='word_1_338' title='bbox 177 2237 269 2291; x_wconf 89' lang='lat' dir='ltr'><strong>omnia</strong></span> <span class='ocrx_word' id='word_1_339' title='bbox 292 2244 392 2306; x_wconf 85' lang='lat' dir='ltr'><strong>potest,</strong></span> <span class='ocrx_word' id='word_1_340' title='bbox 410 2252 470 2306; x_wconf 75' lang='lat' dir='ltr'><strong>quae</strong></span> <span class='ocrx_word' id='word_1_341' title='bbox 488 2237 562 2292; x_wconf 92' lang='lat' dir='ltr'><strong>illum</strong></span> <span class='ocrx_word' id='word_1_342' title='bbox 580 2238 685 2293; x_wconf 88' lang='lat' dir='ltr'><strong>decent.</strong></span> <span class='ocrx_word' id='word_1_343' title='bbox 703 2236 809 2292; x_wconf 81' lang='lat' dir='ltr'><strong>Mentiri</strong></span> <span class='ocrx_word' id='word_1_344' title='bbox 829 2252 883 2291; x_wconf 94' lang='lat' dir='ltr'><strong>non</strong></span> <span class='ocrx_word' id='word_1_345' title='bbox 933 2238 1041 2308; x_wconf 88' lang='lat' dir='ltr'><strong>quando</strong></span> <span class='ocrx_word' id='word_1_346' title='bbox 1069 2252 1118 2291; x_wconf 93' lang='lat' dir='ltr'><strong>nos</strong></span> <span class='ocrx_word' id='word_1_347' title='bbox 1140 2245 1289 2307; x_wconf 81' lang='lat' dir='ltr'><strong>provocant</strong></span> <span class='ocrx_word' id='word_1_348' title='bbox 1313 2239 1347 2293; x_wconf 90' lang='lat' dir='ltr'><strong>ad</strong></span> <span class='ocrx_word' id='word_1_349' title='bbox 1362 2238 1469 2293; x_wconf 89' lang='lat' dir='ltr'><strong>laudem</strong></span> <span class='ocrx_word' id='word_1_350' title='bbox 1493 2238 1560 2308; x_wconf 85' lang='lat' dir='ltr'><strong>ejus.</strong></span> <span class='ocrx_word' id='word_1_351' title='bbox 1589 2238 1719 2293; x_wconf 79' lang='lat' dir='ltr'><strong>Coetorcm</strong></span> 
     </span>
     <span class='ocr_line' id='line_1_24' title="bbox 94 2325 1720 2399; baseline 0.001 -18"><span class='ocrx_word' id='word_1_352' title='bbox 94 2335 193 2397; x_wconf 91' lang='lat' dir='ltr'><strong>potest,</strong></span> <span class='ocrx_word' id='word_1_353' title='bbox 206 2327 380 2395; x_wconf 66' lang='lat' dir='ltr'><strong>quiat&#39;eritas</strong></span> <span class='ocrx_word' id='word_1_354' title='bbox 399 2336 455 2394; x_wconf 89' lang='lat' dir='ltr'><strong>cst;</strong></span> <span class='ocrx_word' id='word_1_355' title='bbox 477 2328 546 2382; x_wconf 93' lang='lat' dir='ltr'><strong>mori</strong></span> <span class='ocrx_word' id='word_1_356' title='bbox 565 2344 618 2382; x_wconf 93' lang='lat' dir='ltr'><strong>non</strong></span> <span class='ocrx_word' id='word_1_357' title='bbox 639 2334 737 2397; x_wconf 89' lang='lat' dir='ltr'><strong>potest,</strong></span> <span class='ocrx_word' id='word_1_358' title='bbox 753 2327 816 2398; x_wconf 87' lang='lat' dir='ltr'><strong>quia</strong></span> <span class='ocrx_word' id='word_1_359' title='bbox 833 2329 883 2382; x_wconf 93' lang='lat' dir='ltr'><strong>im·</strong></span> <span class='ocrx_word' id='word_1_360' title='bbox 932 2343 1033 2399; x_wconf 79' lang='lat' dir='ltr'><strong>quoque</strong></span> <span class='ocrx_word' id='word_1_361' title='bbox 1047 2325 1153 2382; x_wconf 81' lang='lat' dir='ltr'><strong>virtuter</strong></span> <span class='ocrx_word' id='word_1_362' title='bbox 1174 2335 1199 2380; x_wconf 86' lang='lat' dir='ltr'><strong>et</strong></span> <span class='ocrx_word' id='word_1_363' title='bbox 1222 2327 1352 2397; x_wconf 81' lang='lat' dir='ltr'><strong>seraphim</strong></span> <span class='ocrx_word' id='word_1_364' title='bbox 1377 2327 1566 2393; x_wconf 81' lang='lat' dir='ltr'><strong>concelebrant,</strong></span> <span class='ocrx_word' id='word_1_365' title='bbox 1580 2327 1607 2382; x_wconf 93' lang='lat' dir='ltr'><strong>id</strong></span> <span class='ocrx_word' id='word_1_366' title='bbox 1626 2337 1677 2394; x_wconf 89' lang='lat' dir='ltr'><strong>est,</strong></span> <span class='ocrx_word' id='word_1_367' title='bbox 1693 2330 1720 2383; x_wconf 94' lang='lat' dir='ltr'><strong>iu</strong></span> 
     </span>
     <span class='ocr_line' id='line_1_25' title="bbox 94 2415 1719 2489; baseline 0.001 -16"><span class='ocrx_word' id='word_1_368' title='bbox 94 2418 229 2483; x_wconf 89' lang='lat' dir='ltr'><strong>mortalis,</strong></span> <span class='ocrx_word' id='word_1_369' title='bbox 245 2419 298 2473; x_wconf 90' lang='lat' dir='ltr'><strong>imo</strong></span> <span class='ocrx_word' id='word_1_370' title='bbox 311 2419 366 2473; x_wconf 86' lang='lat' dir='ltr'><strong>rita</strong></span> <span class='ocrx_word' id='word_1_371' title='bbox 379 2428 435 2485; x_wconf 88' lang='lat' dir='ltr'><strong>cst;</strong></span> <span class='ocrx_word' id='word_1_372' title='bbox 461 2418 559 2473; x_wconf 87' lang='lat' dir='ltr'><strong>mutari</strong></span> <span class='ocrx_word' id='word_1_373' title='bbox 572 2434 625 2473; x_wconf 91' lang='lat' dir='ltr'><strong>non</strong></span> <span class='ocrx_word' id='word_1_374' title='bbox 640 2427 737 2488; x_wconf 89' lang='lat' dir='ltr'><strong>potest,</strong></span> <span class='ocrx_word' id='word_1_375' title='bbox 756 2419 818 2489; x_wconf 85' lang='lat' dir='ltr'><strong>quia</strong></span> <span class='ocrx_word' id='word_1_376' title='bbox 833 2419 883 2473; x_wconf 92' lang='lat' dir='ltr'><strong>im·</strong></span> <span class='ocrx_word' id='word_1_377' title='bbox 933 2430 1076 2470; x_wconf 90' lang='lat' dir='ltr'><strong>commuue</strong></span> <span class='ocrx_word' id='word_1_378' title='bbox 1086 2415 1224 2471; x_wconf 89' lang='lat' dir='ltr'><strong>celebrant</strong></span> <span class='ocrx_word' id='word_1_379' title='bbox 1234 2417 1361 2472; x_wconf 91' lang='lat' dir='ltr'><strong>concordi</strong></span> <span class='ocrx_word' id='word_1_380' title='bbox 1375 2417 1527 2483; x_wconf 82' lang='lat' dir='ltr'><strong>deuotione,</strong></span> <span class='ocrx_word' id='word_1_381' title='bbox 1540 2426 1567 2472; x_wconf 92' lang='lat' dir='ltr'><strong>ct</strong></span> <span class='ocrx_word' id='word_1_382' title='bbox 1583 2420 1719 2474; x_wconf 89' lang='lat' dir='ltr'><strong>communi</strong></span> 
     </span>
     <span class='ocr_line' id='line_1_26' title="bbox 93 2506 1720 2581; baseline 0.001 -19"><span class='ocrx_word' id='word_1_383' title='bbox 93 2507 231 2562; x_wconf 91' lang='lat' dir='ltr'><strong>mutabilis</strong></span> <span class='ocrx_word' id='word_1_384' title='bbox 252 2515 303 2562; x_wconf 89' lang='lat' dir='ltr'><strong>est.</strong></span> <span class='ocrx_word' id='word_1_385' title='bbox 330 2506 505 2578; x_wconf 86' lang='lat' dir='ltr'><strong>Omnipotens</strong></span> <span class='ocrx_word' id='word_1_386' title='bbox 527 2508 601 2563; x_wconf 90' lang='lat' dir='ltr'><strong>cuim</strong></span> <span class='ocrx_word' id='word_1_387' title='bbox 625 2508 724 2563; x_wconf 90' lang='lat' dir='ltr'><strong>dicitur</strong></span> <span class='ocrx_word' id='word_1_388' title='bbox 746 2507 881 2575; x_wconf 84' lang='lat' dir='ltr'><strong>iaciendo,</strong></span> <span class='ocrx_word' id='word_1_389' title='bbox 932 2507 1030 2578; x_wconf 90' lang='lat' dir='ltr'><strong>gaudio</strong></span> <span class='ocrx_word' id='word_1_390' title='bbox 1045 2507 1165 2562; x_wconf 89' lang='lat' dir='ltr'><strong>laudant.</strong></span> <span class='ocrx_word' id='word_1_391' title='bbox 1183 2507 1251 2562; x_wconf 88' lang='lat' dir='ltr'><strong>Nam</strong></span> <span class='ocrx_word' id='word_1_392' title='bbox 1262 2507 1407 2564; x_wconf 89' lang='lat' dir='ltr'><strong>celebritas</strong></span> <span class='ocrx_word' id='word_1_393' title='bbox 1419 2517 1460 2565; x_wconf 91' lang='lat' dir='ltr'><strong>est</strong></span> <span class='ocrx_word' id='word_1_394' title='bbox 1471 2517 1619 2565; x_wconf 78' lang='lat' dir='ltr'><strong>conuentus</strong></span> <span class='ocrx_word' id='word_1_395' title='bbox 1628 2510 1720 2581; x_wconf 93' lang='lat' dir='ltr'><strong>populi</strong></span> 
     </span>
     <span class='ocr_line' id='line_1_27' title="bbox 92 2596 1720 2670; baseline 0.003 -17"><span class='ocrx_word' id='word_1_396' title='bbox 92 2597 164 2669; x_wconf 84' lang='lat' dir='ltr'><strong>quod</strong></span> <span class='ocrx_word' id='word_1_397' title='bbox 184 2596 250 2661; x_wconf 87' lang='lat' dir='ltr'><strong>vult,</strong></span> <span class='ocrx_word' id='word_1_398' title='bbox 275 2613 328 2652; x_wconf 95' lang='lat' dir='ltr'><strong>non</strong></span> <span class='ocrx_word' id='word_1_399' title='bbox 341 2598 477 2668; x_wconf 85' lang='lat' dir='ltr'><strong>patiendo,</strong></span> <span class='ocrx_word' id='word_1_400' title='bbox 500 2596 571 2667; x_wconf 91' lang='lat' dir='ltr'><strong>quod</strong></span> <span class='ocrx_word' id='word_1_401' title='bbox 590 2613 643 2653; x_wconf 92' lang='lat' dir='ltr'><strong>non</strong></span> <span class='ocrx_word' id='word_1_402' title='bbox 658 2598 725 2653; x_wconf 85' lang='lat' dir='ltr'><strong>uult.</strong></span> <span class='ocrx_word' id='word_1_403' title='bbox 753 2597 882 2652; x_wconf 84' lang='lat' dir='ltr'><strong>AEtemnr</strong></span> <span class='ocrx_word' id='word_1_404' title='bbox 933 2600 961 2655; x_wconf 91' lang='lat' dir='ltr'><strong>iu</strong></span> <span class='ocrx_word' id='word_1_405' title='bbox 985 2598 1064 2655; x_wconf 89' lang='lat' dir='ltr'><strong>laude</strong></span> <span class='ocrx_word' id='word_1_406' title='bbox 1081 2618 1087 2654; x_wconf 93' lang='lat'>:</span> <span class='ocrx_word' id='word_1_407' title='bbox 1104 2608 1131 2654; x_wconf 89' lang='lat' dir='ltr'><strong>et</strong></span> <span class='ocrx_word' id='word_1_408' title='bbox 1152 2599 1286 2656; x_wconf 85' lang='lat' dir='ltr'><strong>celebrata</strong></span> <span class='ocrx_word' id='word_1_409' title='bbox 1302 2600 1417 2656; x_wconf 91' lang='lat' dir='ltr'><strong>dicimus</strong></span> <span class='ocrx_word' id='word_1_410' title='bbox 1440 2601 1592 2670; x_wconf 91' lang='lat' dir='ltr'><strong>incelebri,</strong></span> <span class='ocrx_word' id='word_1_411' title='bbox 1622 2602 1720 2669; x_wconf 87' lang='lat' dir='ltr'><strong>idest,</strong></span> 
     </span>
     <span class='ocr_line' id='line_1_28' title="bbox 91 2688 1717 2761; baseline 0.002 -16"><span class='ocrx_word' id='word_1_412' title='bbox 91 2696 136 2745; x_wconf 87' lang='lat' dir='ltr'><strong>est</strong></span> <span class='ocrx_word' id='word_1_413' title='bbox 159 2688 240 2756; x_wconf 84' lang='lat' dir='ltr'><strong>Deus,</strong></span> <span class='ocrx_word' id='word_1_414' title='bbox 259 2688 322 2758; x_wconf 88' lang='lat' dir='ltr'><strong>quia</strong></span> <span class='ocrx_word' id='word_1_415' title='bbox 344 2705 396 2745; x_wconf 86' lang='lat' dir='ltr'><strong>nec</strong></span> <span class='ocrx_word' id='word_1_416' title='bbox 414 2689 521 2744; x_wconf 91' lang='lat' dir='ltr'><strong>initium</strong></span> <span class='ocrx_word' id='word_1_417' title='bbox 538 2689 641 2754; x_wconf 87' lang='lat' dir='ltr'><strong>ltabuit,</strong></span> <span class='ocrx_word' id='word_1_418' title='bbox 664 2703 715 2744; x_wconf 84' lang='lat' dir='ltr'><strong>nec</strong></span> <span class='ocrx_word' id='word_1_419' title='bbox 736 2689 882 2744; x_wconf 88' lang='lat' dir='ltr'><strong>terminum</strong></span> <span class='ocrx_word' id='word_1_420' title='bbox 931 2689 1150 2761; x_wconf 77' lang='lat' dir='ltr'><strong>frequentissimo</strong></span> <span class='ocrx_word' id='word_1_421' title='bbox 1164 2699 1297 2748; x_wconf 84' lang='lat' dir='ltr'><strong>conuentu</strong></span> <span class='ocrx_word' id='word_1_422' title='bbox 1323 2700 1394 2747; x_wconf 88' lang='lat' dir='ltr'><strong>acta.</strong></span> <span class='ocrx_word' id='word_1_423' title='bbox 1415 2693 1477 2749; x_wconf 90' lang='lat' dir='ltr'><strong>ldeo</strong></span> <span class='ocrx_word' id='word_1_424' title='bbox 1492 2701 1583 2749; x_wconf 86' lang='lat' dir='ltr'><strong>autem</strong></span> <span class='ocrx_word' id='word_1_425' title='bbox 1598 2694 1717 2758; x_wconf 92' lang='lat' dir='ltr'><strong>dicitur,</strong></span> 
     </span>
     <span class='ocr_line' id='line_1_29' title="bbox 92 2777 1721 2851; baseline -0.001 -11"><span class='ocrx_word' id='word_1_426' title='bbox 92 2781 210 2846; x_wconf 81' lang='lat' dir='ltr'><strong>habebit,</strong></span> <span class='ocrx_word' id='word_1_427' title='bbox 227 2781 289 2850; x_wconf 85' lang='lat' dir='ltr'><strong>quia</strong></span> <span class='ocrx_word' id='word_1_428' title='bbox 307 2796 358 2837; x_wconf 88' lang='lat' dir='ltr'><strong>uec</strong></span> <span class='ocrx_word' id='word_1_429' title='bbox 371 2782 452 2851; x_wconf 89' lang='lat' dir='ltr'><strong>eoepit</strong></span> <span class='ocrx_word' id='word_1_430' title='bbox 469 2796 519 2836; x_wconf 91' lang='lat' dir='ltr'><strong>nec</strong></span> <span class='ocrx_word' id='word_1_431' title='bbox 534 2780 642 2835; x_wconf 88' lang='lat' dir='ltr'><strong>desinit.</strong></span> <span class='ocrx_word' id='word_1_432' title='bbox 661 2777 762 2836; x_wconf 86' lang='lat' dir='ltr'><strong>Gratiae</strong></span> <span class='ocrx_word' id='word_1_433' title='bbox 775 2788 879 2845; x_wconf 87' lang='lat' dir='ltr'><strong>autem,</strong></span> <span class='ocrx_word' id='word_1_434' title='bbox 931 2779 1261 2851; x_wconf 81' lang='lat' dir='ltr'><strong>quiamnjestatemeocic,</strong></span> <span class='ocrx_word' id='word_1_435' title='bbox 1275 2783 1302 2838; x_wconf 94' lang='lat' dir='ltr'><strong>id</strong></span> <span class='ocrx_word' id='word_1_436' title='bbox 1314 2789 1365 2849; x_wconf 85' lang='lat' dir='ltr'><strong>est,</strong></span> <span class='ocrx_word' id='word_1_437' title='bbox 1374 2781 1721 2851; x_wconf 81' lang='lat' dir='ltr'><strong>junctaeasrtltuticneeon-</strong></span> 
     </span>
     <span class='ocr_line' id='line_1_30' title="bbox 92 2867 1721 2946; baseline 0.001 -16"><span class='ocrx_word' id='word_1_438' title='bbox 92 2890 162 2946; x_wconf 83' lang='lat' dir='ltr'><strong>quas</strong></span> <span class='ocrx_word' id='word_1_439' title='bbox 173 2874 302 2930; x_wconf 90' lang='lat' dir='ltr'><strong>debemus</strong></span> <span class='ocrx_word' id='word_1_440' title='bbox 316 2872 425 2939; x_wconf 88' lang='lat' dir='ltr'><strong>ollerre,</strong></span> <span class='ocrx_word' id='word_1_441' title='bbox 439 2886 487 2942; x_wconf 85' lang='lat' dir='ltr'><strong>per</strong></span> <span class='ocrx_word' id='word_1_442' title='bbox 500 2871 643 2927; x_wconf 85' lang='lat' dir='ltr'><strong>Dominum</strong></span> <span class='ocrx_word' id='word_1_443' title='bbox 653 2880 777 2926; x_wconf 88' lang='lat' dir='ltr'><strong>nostrum</strong></span> <span class='ocrx_word' id='word_1_444' title='bbox 788 2867 881 2926; x_wconf 81' lang='lat' dir='ltr'><strong>lesum</strong></span> <span class='ocrx_word' id='word_1_445' title='bbox 931 2870 1072 2937; x_wconf 78' lang='lat' dir='ltr'><strong>celebrant,</strong></span> <span class='ocrx_word' id='word_1_446' title='bbox 1090 2873 1218 2943; x_wconf 87' lang='lat' dir='ltr'><strong>quoniam</strong></span> <span class='ocrx_word' id='word_1_447' title='bbox 1232 2875 1291 2928; x_wconf 90' lang='lat' dir='ltr'><strong>sine</strong></span> <span class='ocrx_word' id='word_1_448' title='bbox 1304 2874 1506 2931; x_wconf 88' lang='lat' dir='ltr'><strong>intermissione</strong></span> <span class='ocrx_word' id='word_1_449' title='bbox 1516 2875 1669 2943; x_wconf 85' lang='lat' dir='ltr'><strong>laudantes,</strong></span> <span class='ocrx_word' id='word_1_450' title='bbox 1680 2877 1721 2932; x_wconf 85' lang='lat' dir='ltr'><strong>ri·</strong></span> 
     </span>
     <span class='ocr_line' id='line_1_31' title="bbox 91 2959 1720 3037; baseline 0 -15"><span class='ocrx_word' id='word_1_451' title='bbox 91 2965 230 3022; x_wconf 81' lang='lat' dir='ltr'><strong>Christum</strong></span> <span class='ocrx_word' id='word_1_452' title='bbox 257 2963 400 3020; x_wconf 74' lang='lat' dir='ltr'><strong>offerendae</strong></span> <span class='ocrx_word' id='word_1_453' title='bbox 421 2971 494 3029; x_wconf 90' lang='lat' dir='ltr'><strong>sunt,</strong></span> <span class='ocrx_word' id='word_1_454' title='bbox 523 2962 569 3032; x_wconf 82' lang='lat' dir='ltr'><strong>qui</strong></span> <span class='ocrx_word' id='word_1_455' title='bbox 590 2970 631 3018; x_wconf 90' lang='lat' dir='ltr'><strong>est</strong></span> <span class='ocrx_word' id='word_1_456' title='bbox 651 2959 787 3016; x_wconf 87' lang='lat' dir='ltr'><strong>mediator</strong></span> <span class='ocrx_word' id='word_1_457' title='bbox 808 2961 881 3015; x_wconf 89' lang='lat' dir='ltr'><strong>inter</strong></span> <span class='ocrx_word' id='word_1_458' title='bbox 931 2962 1128 3018; x_wconf 88' lang='lat' dir='ltr'><strong>cissimdeillo</strong></span> <span class='ocrx_word' id='word_1_459' title='bbox 1149 2973 1177 3017; x_wconf 90' lang='lat' dir='ltr'><strong>et</strong></span> <span class='ocrx_word' id='word_1_460' title='bbox 1202 2963 1379 3020; x_wconf 89' lang='lat' dir='ltr'><strong>deseinillo</strong></span> <span class='ocrx_word' id='word_1_461' title='bbox 1398 2965 1533 3021; x_wconf 75' lang='lat' dir='ltr'><strong>luuntur.</strong></span> <span class='ocrx_word' id='word_1_462' title='bbox 1564 2966 1720 3037; x_wconf 87' lang='lat' dir='ltr'><strong>lluncergo</strong></span> 
     </span>
     <span class='ocr_line' id='line_1_32' title="bbox 90 3027 1720 3125; baseline -0.004 -5"><span class='ocrx_word' id='word_1_463' title='bbox 90 3057 177 3113; x_wconf 65' lang='lat' dir='ltr'><strong>licum</strong></span> <span class='ocrx_word' id='word_1_464' title='bbox 191 3064 219 3111; x_wconf 77' lang='grc' dir='ltr'><strong>θῑ</strong></span> <span class='ocrx_word' id='word_1_465' title='bbox 231 3070 292 3120; x_wconf 67' lang='grc'><strong>1108,</strong></span> <span class='ocrx_word' id='word_1_466' title='bbox 308 3061 336 3110; x_wconf 69' lang='grc' dir='ltr'><strong>θῑ</strong></span> <span class='ocrx_word' id='word_1_467' title='bbox 352 3055 398 3125; x_wconf 85' lang='lat' dir='ltr'><strong>qui</strong></span> <span class='ocrx_word' id='word_1_468' title='bbox 414 3062 455 3109; x_wconf 67' lang='lat'><strong>⁸⁸²</strong></span> <span class='ocrx_word' id='word_1_469' title='bbox 468 3052 588 3124; x_wconf 68' lang='lat' dir='ltr'><strong>ll⁰¹¹ilse¹</strong></span> <span class='ocrx_word' id='word_1_470' title='bbox 609 3051 777 3123; x_wconf 63' lang='lat' dir='ltr'><strong>mbilicum·</strong></span> <span class='ocrx_word' id='word_1_471' title='bbox 799 3050 878 3107; x_wconf 77' lang='lat' dir='ltr'><strong>Ciri—</strong></span> <span class='ocrx_word' id='word_1_472' title='bbox 893 3027 916 3090; x_wconf 71' lang='lat' dir='ltr'>C</span> <span class='ocrx_word' id='word_1_473' title='bbox 932 3056 1054 3111; x_wconf 89' lang='lat' dir='ltr'><strong>omnium</strong></span> <span class='ocrx_word' id='word_1_474' title='bbox 1066 3065 1218 3111; x_wconf 87' lang='lat' dir='ltr'><strong>creatorem</strong></span> <span class='ocrx_word' id='word_1_475' title='bbox 1241 3065 1269 3112; x_wconf 90' lang='lat' dir='ltr'><strong>et</strong></span> <span class='ocrx_word' id='word_1_476' title='bbox 1281 3067 1412 3113; x_wconf 91' lang='lat' dir='ltr'><strong>rectorem</strong></span> <span class='ocrx_word' id='word_1_477' title='bbox 1427 3057 1538 3112; x_wconf 86' lang='lat' dir='ltr'><strong>landant</strong></span> <span class='ocrx_word' id='word_1_478' title='bbox 1552 3067 1580 3112; x_wconf 90' lang='lat' dir='ltr'><strong>et</strong></span> <span class='ocrx_word' id='word_1_479' title='bbox 1593 3058 1720 3114; x_wconf 87' lang='lat' dir='ltr'><strong>concele-</strong></span> 
     </span>
     <span class='ocr_line' id='line_1_33' title="bbox 90 3142 1721 3214; baseline 0.001 -11"><span class='ocrx_word' id='word_1_480' title='bbox 90 3159 147 3203; x_wconf 79' lang='lat' dir='ltr'><strong>rtns</strong></span> <span class='ocrx_word' id='word_1_481' title='bbox 161 3148 265 3214; x_wconf 73' lang='lat' dir='ltr'><strong>Graece,</strong></span> <span class='ocrx_word' id='word_1_482' title='bbox 281 3147 377 3202; x_wconf 86' lang='lat' dir='ltr'><strong>Latine</strong></span> <span class='ocrx_word' id='word_1_483' title='bbox 396 3146 496 3201; x_wconf 91' lang='lat' dir='ltr'><strong>dieitur</strong></span> <span class='ocrx_word' id='word_1_484' title='bbox 515 3153 621 3200; x_wconf 93' lang='lat' dir='ltr'><strong>unctus.</strong></span> <span class='ocrx_word' id='word_1_485' title='bbox 646 3144 749 3200; x_wconf 92' lang='lat' dir='ltr'><strong>Unctus</strong></span> <span class='ocrx_word' id='word_1_486' title='bbox 768 3151 810 3198; x_wconf 92' lang='lat' dir='ltr'><strong>est</strong></span> <span class='ocrx_word' id='word_1_487' title='bbox 832 3142 880 3199; x_wconf 86' lang='lat' dir='ltr'><strong>Dei</strong></span> <span class='ocrx_word' id='word_1_488' title='bbox 931 3145 1099 3211; x_wconf 86' lang='lat' dir='ltr'><strong>brantcoeli,</strong></span> <span class='ocrx_word' id='word_1_489' title='bbox 1112 3146 1182 3200; x_wconf 87' lang='lat' dir='ltr'><strong>sicut</strong></span> <span class='ocrx_word' id='word_1_490' title='bbox 1195 3161 1256 3200; x_wconf 91' lang='lat' dir='ltr'><strong>eum</strong></span> <span class='ocrx_word' id='word_1_491' title='bbox 1278 3146 1439 3203; x_wconf 88' lang='lat' dir='ltr'><strong>laudantsol</strong></span> <span class='ocrx_word' id='word_1_492' title='bbox 1451 3155 1479 3202; x_wconf 92' lang='lat' dir='ltr'><strong>et</strong></span> <span class='ocrx_word' id='word_1_493' title='bbox 1501 3148 1577 3213; x_wconf 91' lang='lat' dir='ltr'><strong>luna,</strong></span> <span class='ocrx_word' id='word_1_494' title='bbox 1597 3147 1680 3204; x_wconf 74' lang='lat' dir='ltr'><strong>stella</strong></span> <span class='ocrx_word' id='word_1_495' title='bbox 1694 3157 1721 3204; x_wconf 91' lang='lat' dir='ltr'><strong>et</strong></span> 
     </span>
     <span class='ocr_line' id='line_1_34' title="bbox 89 3233 1719 3307; baseline 0 -14"><span class='ocrx_word' id='word_1_496' title='bbox 89 3238 175 3293; x_wconf 81' lang='lat' dir='ltr'><strong>Filius</strong></span> <span class='ocrx_word' id='word_1_497' title='bbox 202 3237 349 3295; x_wconf 90' lang='lat' dir='ltr'><strong>secundum</strong></span> <span class='ocrx_word' id='word_1_498' title='bbox 371 3237 578 3302; x_wconf 88' lang='lat' dir='ltr'><strong>humanitatem,</strong></span> <span class='ocrx_word' id='word_1_499' title='bbox 607 3249 661 3290; x_wconf 90' lang='lat' dir='ltr'><strong>uon</strong></span> <span class='ocrx_word' id='word_1_500' title='bbox 685 3234 745 3290; x_wconf 90' lang='lat' dir='ltr'><strong>oleo</strong></span> <span class='ocrx_word' id='word_1_501' title='bbox 768 3233 878 3300; x_wconf 85' lang='lat' dir='ltr'><strong>risibili,</strong></span> <span class='ocrx_word' id='word_1_502' title='bbox 930 3235 1031 3292; x_wconf 90' lang='lat' dir='ltr'><strong>lumen.</strong></span> <span class='ocrx_word' id='word_1_503' title='bbox 1046 3236 1122 3292; x_wconf 92' lang='lat' dir='ltr'><strong>Unde</strong></span> <span class='ocrx_word' id='word_1_504' title='bbox 1136 3237 1163 3291; x_wconf 90' lang='lat' dir='ltr'><strong>in</strong></span> <span class='ocrx_word' id='word_1_505' title='bbox 1174 3237 1279 3307; x_wconf 90' lang='lat' dir='ltr'><strong>psalmo</strong></span> <span class='ocrx_word' id='word_1_506' title='bbox 1289 3236 1389 3292; x_wconf 93' lang='lat' dir='ltr'><strong>dicitur</strong></span> <span class='ocrx_word' id='word_1_507' title='bbox 1401 3253 1408 3292; x_wconf 80' lang='grc' dir='ltr'><strong>ι</strong></span> <span class='ocrx_word' id='word_1_508' title='bbox 1422 3236 1541 3292; x_wconf 75' lang='lat' dir='ltr'><strong>Laudem</strong></span> <span class='ocrx_word' id='word_1_509' title='bbox 1553 3255 1624 3304; x_wconf 87' lang='lat' dir='ltr'><strong>enm,</strong></span> <span class='ocrx_word' id='word_1_510' title='bbox 1639 3238 1679 3293; x_wconf 84' lang='lat' dir='ltr'><strong>sot</strong></span> <span class='ocrx_word' id='word_1_511' title='bbox 1693 3248 1719 3293; x_wconf 89' lang='lat' dir='ltr'><strong>et</strong></span> 
     </span>
     <span class='ocr_line' id='line_1_35' title="bbox 90 3326 1718 3401; baseline -0.002 -16"><span class='ocrx_word' id='word_1_512' title='bbox 90 3344 145 3401; x_wconf 88' lang='lat' dir='ltr'><strong>quo</strong></span> <span class='ocrx_word' id='word_1_513' title='bbox 163 3331 331 3401; x_wconf 88' lang='lat' dir='ltr'><strong>ungebantur</strong></span> <span class='ocrx_word' id='word_1_514' title='bbox 345 3344 421 3400; x_wconf 90' lang='lat' dir='ltr'><strong>reges</strong></span> <span class='ocrx_word' id='word_1_515' title='bbox 433 3336 461 3383; x_wconf 91' lang='lat' dir='ltr'><strong>et</strong></span> <span class='ocrx_word' id='word_1_516' title='bbox 480 3328 645 3392; x_wconf 86' lang='lat' dir='ltr'><strong>sacerdotes,</strong></span> <span class='ocrx_word' id='word_1_517' title='bbox 671 3341 765 3382; x_wconf 85' lang='lat' dir='ltr'><strong>rernm</strong></span> <span class='ocrx_word' id='word_1_518' title='bbox 788 3338 880 3396; x_wconf 85' lang='lat' dir='ltr'><strong>regern</strong></span> <span class='ocrx_word' id='word_1_519' title='bbox 928 3326 992 3382; x_wconf 82' lang='lat' dir='ltr'><strong>lane</strong></span> <span class='ocrx_word' id='word_1_520' title='bbox 1006 3340 1015 3378; x_wconf 92' lang='grc'><strong>.·</strong></span> <span class='ocrx_word' id='word_1_521' title='bbox 1030 3342 1126 3397; x_wconf 83' lang='lat' dir='ltr'><strong>usque,</strong></span> <span class='ocrx_word' id='word_1_522' title='bbox 1152 3343 1238 3399; x_wconf 81' lang='lat' dir='ltr'><strong>nque,</strong></span> <span class='ocrx_word' id='word_1_523' title='bbox 1258 3345 1317 3399; x_wconf 81' lang='lat' dir='ltr'><strong>que</strong></span> <span class='ocrx_word' id='word_1_524' title='bbox 1341 3344 1419 3399; x_wconf 76' lang='lat' dir='ltr'><strong>super</strong></span> <span class='ocrx_word' id='word_1_525' title='bbox 1444 3327 1520 3382; x_wconf 82' lang='lat' dir='ltr'><strong>coelcr</strong></span> <span class='ocrx_word' id='word_1_526' title='bbox 1543 3336 1605 3382; x_wconf 83' lang='lat' dir='ltr'><strong>runt</strong></span> <span class='ocrx_word' id='word_1_527' title='bbox 1630 3326 1718 3401; x_wconf 82' lang='lat' dir='ltr'><strong>(Psoi.</strong></span> 
     </span>
     <span class='ocr_line' id='line_1_36' title="bbox 89 3415 1721 3492; baseline 0.001 -18"><span class='ocrx_word' id='word_1_528' title='bbox 89 3428 118 3474; x_wconf 85' lang='lat' dir='ltr'><strong>et</strong></span> <span class='ocrx_word' id='word_1_529' title='bbox 132 3422 298 3477; x_wconf 88' lang='lat' dir='ltr'><strong>sacerdotem</strong></span> <span class='ocrx_word' id='word_1_530' title='bbox 313 3423 518 3492; x_wconf 82' lang='lat' dir='ltr'><strong>praefigumntes</strong></span> <span class='ocrx_word' id='word_1_531' title='bbox 534 3419 679 3475; x_wconf 84' lang='lat' dir='ltr'><strong>Dominum</strong></span> <span class='ocrx_word' id='word_1_532' title='bbox 697 3427 821 3474; x_wconf 89' lang='lat' dir='ltr'><strong>nostrum</strong></span> <span class='ocrx_word' id='word_1_533' title='bbox 832 3416 879 3474; x_wconf 84' lang='lat' dir='ltr'><strong>le·</strong></span> <span class='ocrx_word' id='word_1_534' title='bbox 929 3433 1036 3483; x_wconf 82' lang='lat' dir='ltr'><strong>cruru,</strong></span> <span class='ocrx_word' id='word_1_535' title='bbox 1054 3418 1092 3490; x_wconf 77' lang='grc'><strong>5).</strong></span> <span class='ocrx_word' id='word_1_536' title='bbox 1129 3415 1159 3473; x_wconf 93' lang='lat' dir='ltr'><strong>lu</strong></span> <span class='ocrx_word' id='word_1_537' title='bbox 1183 3419 1284 3490; x_wconf 84' lang='lat' dir='ltr'><strong>hymno</strong></span> <span class='ocrx_word' id='word_1_538' title='bbox 1309 3434 1418 3491; x_wconf 83' lang='lat' dir='ltr'><strong>quoque</strong></span> <span class='ocrx_word' id='word_1_539' title='bbox 1450 3419 1532 3474; x_wconf 91' lang='lat' dir='ltr'><strong>trium</strong></span> <span class='ocrx_word' id='word_1_540' title='bbox 1555 3435 1721 3490; x_wconf 88' lang='lat' dir='ltr'><strong>pueromm,</strong></span> 
     </span>
     <span class='ocr_line' id='line_1_37' title="bbox 91 3508 1721 3581; baseline 0.002 -15"><span class='ocrx_word' id='word_1_541' title='bbox 91 3525 151 3566; x_wconf 82' lang='lat' dir='ltr'><strong>aunt</strong></span> <span class='ocrx_word' id='word_1_542' title='bbox 162 3509 315 3575; x_wconf 81' lang='lat' dir='ltr'><strong>Christum,</strong></span> <span class='ocrx_word' id='word_1_543' title='bbox 349 3511 396 3567; x_wconf 92' lang='lat' dir='ltr'><strong>sed</strong></span> <span class='ocrx_word' id='word_1_544' title='bbox 416 3511 585 3581; x_wconf 90' lang='lat' dir='ltr'><strong>plenitudiue</strong></span> <span class='ocrx_word' id='word_1_545' title='bbox 601 3510 750 3566; x_wconf 75' lang='lat' dir='ltr'><strong>divinitatis</strong></span> <span class='ocrx_word' id='word_1_546' title='bbox 767 3517 795 3565; x_wconf 92' lang='lat' dir='ltr'><strong>ct</strong></span> <span class='ocrx_word' id='word_1_547' title='bbox 809 3510 880 3564; x_wconf 91' lang='lat' dir='ltr'><strong>dono</strong></span> <span class='ocrx_word' id='word_1_548' title='bbox 930 3508 978 3564; x_wconf 86' lang='lat' dir='ltr'><strong>Dei</strong></span> <span class='ocrx_word' id='word_1_549' title='bbox 997 3509 1031 3564; x_wconf 88' lang='lat' dir='ltr'><strong>ad</strong></span> <span class='ocrx_word' id='word_1_550' title='bbox 1051 3508 1158 3563; x_wconf 90' lang='lat' dir='ltr'><strong>laudem</strong></span> <span class='ocrx_word' id='word_1_551' title='bbox 1181 3509 1315 3566; x_wconf 91' lang='lat' dir='ltr'><strong>elementa</strong></span> <span class='ocrx_word' id='word_1_552' title='bbox 1337 3511 1428 3565; x_wconf 89' lang='lat' dir='ltr'><strong>omnia</strong></span> <span class='ocrx_word' id='word_1_553' title='bbox 1450 3520 1651 3581; x_wconf 86' lang='lat' dir='ltr'><strong>proroeaotur:</strong></span> <span class='ocrx_word' id='word_1_554' title='bbox 1667 3529 1721 3570; x_wconf 89' lang='lat' dir='ltr'><strong>nou</strong></span> 
     </span>
     <span class='ocr_line' id='line_1_38' title="bbox 89 3599 1720 3671; baseline 0.004 -17"><span class='ocrx_word' id='word_1_555' title='bbox 89 3601 195 3671; x_wconf 77' lang='lat' dir='ltr'><strong>gratie,</strong></span> <span class='ocrx_word' id='word_1_556' title='bbox 218 3601 290 3668; x_wconf 87' lang='lat' dir='ltr'><strong>quod</strong></span> <span class='ocrx_word' id='word_1_557' title='bbox 305 3599 404 3654; x_wconf 86' lang='lat' dir='ltr'><strong>visibili</strong></span> <span class='ocrx_word' id='word_1_558' title='bbox 417 3600 539 3670; x_wconf 85' lang='lat' dir='ltr'><strong>signatur</strong></span> <span class='ocrx_word' id='word_1_559' title='bbox 552 3608 701 3671; x_wconf 91' lang='lat' dir='ltr'><strong>unguento,</strong></span> <span class='ocrx_word' id='word_1_560' title='bbox 721 3614 775 3669; x_wconf 88' lang='lat' dir='ltr'><strong>quo</strong></span> <span class='ocrx_word' id='word_1_561' title='bbox 793 3599 881 3668; x_wconf 88' lang='lat' dir='ltr'><strong>bapti·</strong></span> <span class='ocrx_word' id='word_1_562' title='bbox 929 3601 1001 3670; x_wconf 87' lang='lat' dir='ltr'><strong>quod</strong></span> <span class='ocrx_word' id='word_1_563' title='bbox 1012 3600 1149 3656; x_wconf 89' lang='lat' dir='ltr'><strong>elementa</strong></span> <span class='ocrx_word' id='word_1_564' title='bbox 1164 3608 1237 3655; x_wconf 87' lang='lat' dir='ltr'><strong>muta</strong></span> <span class='ocrx_word' id='word_1_565' title='bbox 1252 3602 1369 3657; x_wconf 87' lang='lat' dir='ltr'><strong>habeant</strong></span> <span class='ocrx_word' id='word_1_566' title='bbox 1386 3617 1495 3658; x_wconf 88' lang='lat' dir='ltr'><strong>sensum</strong></span> <span class='ocrx_word' id='word_1_567' title='bbox 1509 3602 1647 3671; x_wconf 90' lang='lat' dir='ltr'><strong>laudandi,</strong></span> <span class='ocrx_word' id='word_1_568' title='bbox 1671 3605 1720 3661; x_wconf 87' lang='lat' dir='ltr'><strong>sed</strong></span> 
     </span>
     <span class='ocr_line' id='line_1_39' title="bbox 89 3688 1719 3761; baseline 0.001 -16"><span class='ocrx_word' id='word_1_569' title='bbox 89 3700 166 3746; x_wconf 75' lang='lat' dir='ltr'><strong>ratos</strong></span> <span class='ocrx_word' id='word_1_570' title='bbox 179 3689 267 3759; x_wconf 84' lang='lat' dir='ltr'><strong>jungit</strong></span> <span class='ocrx_word' id='word_1_571' title='bbox 281 3689 411 3744; x_wconf 84' lang='lat' dir='ltr'><strong>Ecclesia.</strong></span> <span class='ocrx_word' id='word_1_572' title='bbox 430 3688 554 3745; x_wconf 87' lang='lat' dir='ltr'><strong>Christus</strong></span> <span class='ocrx_word' id='word_1_573' title='bbox 577 3697 666 3744; x_wconf 88' lang='lat' dir='ltr'><strong>tamen</strong></span> <span class='ocrx_word' id='word_1_574' title='bbox 686 3705 739 3743; x_wconf 92' lang='lat' dir='ltr'><strong>non</strong></span> <span class='ocrx_word' id='word_1_575' title='bbox 756 3699 821 3744; x_wconf 91' lang='lat' dir='ltr'><strong>tune</strong></span> <span class='ocrx_word' id='word_1_576' title='bbox 838 3697 881 3745; x_wconf 89' lang='lat' dir='ltr'><strong>est</strong></span> <span class='ocrx_word' id='word_1_577' title='bbox 929 3690 1002 3761; x_wconf 89' lang='lat' dir='ltr'><strong>qrrod</strong></span> <span class='ocrx_word' id='word_1_578' title='bbox 1016 3697 1113 3745; x_wconf 88' lang='lat' dir='ltr'><strong>cuncta</strong></span> <span class='ocrx_word' id='word_1_579' title='bbox 1135 3691 1205 3745; x_wconf 85' lang='lat' dir='ltr'><strong>bene</strong></span> <span class='ocrx_word' id='word_1_580' title='bbox 1217 3691 1347 3760; x_wconf 86' lang='lat' dir='ltr'><strong>cogitata,</strong></span> <span class='ocrx_word' id='word_1_581' title='bbox 1369 3688 1476 3746; x_wconf 88' lang='lat' dir='ltr'><strong>laudem</strong></span> <span class='ocrx_word' id='word_1_582' title='bbox 1489 3692 1606 3761; x_wconf 90' lang='lat' dir='ltr'><strong>pariant,</strong></span> <span class='ocrx_word' id='word_1_583' title='bbox 1623 3700 1651 3747; x_wconf 89' lang='lat' dir='ltr'><strong>et</strong></span> <span class='ocrx_word' id='word_1_584' title='bbox 1666 3693 1719 3747; x_wconf 91' lang='lat' dir='ltr'><strong>im-</strong></span> 
     </span>
     <span class='ocr_line' id='line_1_40' title="bbox 88 3778 1718 3850; baseline -0.001 -12"><span class='ocrx_word' id='word_1_585' title='bbox 88 3789 187 3839; x_wconf 87' lang='lat' dir='ltr'><strong>unctus</strong></span> <span class='ocrx_word' id='word_1_586' title='bbox 202 3778 303 3850; x_wconf 87' lang='lat' dir='ltr'><strong>Spiritu</strong></span> <span class='ocrx_word' id='word_1_587' title='bbox 325 3788 435 3844; x_wconf 86' lang='lat' dir='ltr'><strong>sancto,</strong></span> <span class='ocrx_word' id='word_1_588' title='bbox 455 3780 562 3849; x_wconf 87' lang='lat' dir='ltr'><strong>quando</strong></span> <span class='ocrx_word' id='word_1_589' title='bbox 575 3794 657 3849; x_wconf 89' lang='lat' dir='ltr'><strong>super</strong></span> <span class='ocrx_word' id='word_1_590' title='bbox 677 3795 740 3836; x_wconf 85' lang='lat' dir='ltr'><strong>eum</strong></span> <span class='ocrx_word' id='word_1_591' title='bbox 756 3779 879 3847; x_wconf 84' lang='lat' dir='ltr'><strong>baptiza·</strong></span> <span class='ocrx_word' id='word_1_592' title='bbox 929 3780 1017 3850; x_wconf 89' lang='lat' dir='ltr'><strong>pletur</strong></span> <span class='ocrx_word' id='word_1_593' title='bbox 1029 3794 1077 3836; x_wconf 79' lang='lat' dir='ltr'><strong>eor</strong></span> <span class='ocrx_word' id='word_1_594' title='bbox 1097 3779 1314 3835; x_wconf 84' lang='lat' dir='ltr'><strong>consideratione</strong></span> <span class='ocrx_word' id='word_1_595' title='bbox 1335 3788 1468 3835; x_wconf 79' lang='lat' dir='ltr'><strong>creaturae</strong></span> <span class='ocrx_word' id='word_1_596' title='bbox 1488 3780 1521 3833; x_wconf 91' lang='lat' dir='ltr'><strong>ad</strong></span> <span class='ocrx_word' id='word_1_597' title='bbox 1539 3781 1718 3836; x_wconf 86' lang='lat' dir='ltr'><strong>eructandum</strong></span> 
     </span>
     <span class='ocr_line' id='line_1_41' title="bbox 90 3861 1719 3937; baseline -0.006 -8"><span class='ocrx_word' id='word_1_598' title='bbox 90 3882 149 3929; x_wconf 90' lang='lat' dir='ltr'><strong>tum</strong></span> <span class='ocrx_word' id='word_1_599' title='bbox 173 3872 243 3927; x_wconf 88' lang='lat' dir='ltr'><strong>sicut</strong></span> <span class='ocrx_word' id='word_1_600' title='bbox 269 3871 392 3927; x_wconf 88' lang='lat' dir='ltr'><strong>columba</strong></span> <span class='ocrx_word' id='word_1_601' title='bbox 416 3870 567 3936; x_wconf 86' lang='lat' dir='ltr'><strong>descendit;</strong></span> <span class='ocrx_word' id='word_1_602' title='bbox 594 3877 658 3924; x_wconf 92' lang='lat' dir='ltr'><strong>tunc</strong></span> <span class='ocrx_word' id='word_1_603' title='bbox 680 3868 752 3923; x_wconf 90' lang='lat' dir='ltr'><strong>enim</strong></span> <span class='ocrx_word' id='word_1_604' title='bbox 780 3883 880 3937; x_wconf 88' lang='lat' dir='ltr'><strong>corpus</strong></span> <span class='ocrx_word' id='word_1_605' title='bbox 930 3867 1060 3935; x_wconf 86' lang='lat' dir='ltr'><strong>hymnum</strong></span> <span class='ocrx_word' id='word_1_606' title='bbox 1076 3864 1203 3918; x_wconf 87' lang='lat' dir='ltr'><strong>creatori.</strong></span> <span class='ocrx_word' id='word_1_607' title='bbox 1226 3863 1260 3917; x_wconf 87' lang='lat' dir='ltr'><strong>Et</strong></span> <span class='ocrx_word' id='word_1_608' title='bbox 1274 3863 1338 3932; x_wconf 86' lang='lat' dir='ltr'><strong>quia</strong></span> <span class='ocrx_word' id='word_1_609' title='bbox 1351 3861 1460 3931; x_wconf 88' lang='lat' dir='ltr'><strong>longum</strong></span> <span class='ocrx_word' id='word_1_610' title='bbox 1476 3863 1528 3917; x_wconf 85' lang='lat' dir='ltr'><strong>luit</strong></span> <span class='ocrx_word' id='word_1_611' title='bbox 1543 3864 1570 3918; x_wconf 92' lang='lat' dir='ltr'><strong>in</strong></span> <span class='ocrx_word' id='word_1_612' title='bbox 1585 3864 1637 3919; x_wconf 87' lang='lat' dir='ltr'><strong>ista</strong></span> <span class='ocrx_word' id='word_1_613' title='bbox 1656 3881 1719 3936; x_wconf 86' lang='lat' dir='ltr'><strong>gra-</strong></span> 
     </span>
     <span class='ocr_line' id='line_1_42' title="bbox 90 3954 1721 4032; baseline -0.004 -12"><span class='ocrx_word' id='word_1_614' title='bbox 90 3979 180 4029; x_wconf 89' lang='lat' dir='ltr'><strong>sutrm,</strong></span> <span class='ocrx_word' id='word_1_615' title='bbox 194 3963 287 4032; x_wconf 87' lang='lat' dir='ltr'><strong>idest,</strong></span> <span class='ocrx_word' id='word_1_616' title='bbox 301 3961 449 4017; x_wconf 80' lang='lat' dir='ltr'><strong>Ecclesiam</strong></span> <span class='ocrx_word' id='word_1_617' title='bbox 464 3959 836 4032; x_wconf 80' lang='lat' dir='ltr'><strong>praehguraredignatusest,</strong></span> <span class='ocrx_word' id='word_1_618' title='bbox 852 3957 879 4012; x_wconf 96' lang='lat' dir='ltr'><strong>in</strong></span> <span class='ocrx_word' id='word_1_619' title='bbox 931 3957 1031 4013; x_wconf 90' lang='lat' dir='ltr'><strong>tiarum</strong></span> <span class='ocrx_word' id='word_1_620' title='bbox 1057 3957 1163 4011; x_wconf 90' lang='lat' dir='ltr'><strong>actione</strong></span> <span class='ocrx_word' id='word_1_621' title='bbox 1189 3963 1260 4010; x_wconf 89' lang='lat' dir='ltr'><strong>totos</strong></span> <span class='ocrx_word' id='word_1_622' title='bbox 1285 3954 1441 4026; x_wconf 87' lang='lat' dir='ltr'><strong>angelorum</strong></span> <span class='ocrx_word' id='word_1_623' title='bbox 1466 3956 1593 4021; x_wconf 89' lang='lat' dir='ltr'><strong>ordines,</strong></span> <span class='ocrx_word' id='word_1_624' title='bbox 1621 3958 1668 4027; x_wconf 85' lang='lat' dir='ltr'><strong>qui</strong></span> <span class='ocrx_word' id='word_1_625' title='bbox 1692 3958 1721 4013; x_wconf 89' lang='lat' dir='ltr'><strong>iu</strong></span> 
     </span>
     <span class='ocr_line' id='line_1_43' title="bbox 88 4046 1720 4124; baseline -0.003 -15"><span class='ocrx_word' id='word_1_626' title='bbox 88 4070 143 4124; x_wconf 79' lang='lat' dir='ltr'><strong>qua</strong></span> <span class='ocrx_word' id='word_1_627' title='bbox 171 4054 302 4124; x_wconf 87' lang='lat' dir='ltr'><strong>baptizati</strong></span> <span class='ocrx_word' id='word_1_628' title='bbox 329 4053 466 4123; x_wconf 88' lang='lat' dir='ltr'><strong>accipiunt</strong></span> <span class='ocrx_word' id='word_1_629' title='bbox 493 4051 624 4122; x_wconf 85' lang='lat' dir='ltr'><strong>Spiritum</strong></span> <span class='ocrx_word' id='word_1_630' title='bbox 658 4057 780 4104; x_wconf 91' lang='lat' dir='ltr'><strong>sanctum</strong></span> <span class='ocrx_word' id='word_1_631' title='bbox 803 4065 810 4102; x_wconf 74' lang='grc' dir='ltr'><strong><em>τ</em></strong></span> <span class='ocrx_word' id='word_1_632' title='bbox 833 4049 880 4104; x_wconf 89' lang='lat' dir='ltr'><strong>sed</strong></span> <span class='ocrx_word' id='word_1_633' title='bbox 931 4046 1078 4118; x_wconf 88' lang='lat' dir='ltr'><strong>Scripturis</strong></span> <span class='ocrx_word' id='word_1_634' title='bbox 1097 4061 1192 4101; x_wconf 83' lang='lat' dir='ltr'><strong>norem</strong></span> <span class='ocrx_word' id='word_1_635' title='bbox 1220 4046 1414 4114; x_wconf 73' lang='lat' dir='ltr'><strong>inveniuntur,</strong></span> <span class='ocrx_word' id='word_1_636' title='bbox 1438 4060 1559 4117; x_wconf 90' lang='lat' dir='ltr'><strong>ponere,</strong></span> <span class='ocrx_word' id='word_1_637' title='bbox 1575 4048 1720 4119; x_wconf 86' lang='lat' dir='ltr'><strong>sigillatum</strong></span> 
     </span>
     <span class='ocr_line' id='line_1_44' title="bbox 89 4133 1720 4220; baseline -0.004 -16"><span class='ocrx_word' id='word_1_638' title='bbox 89 4149 203 4220; x_wconf 80' lang='lat' dir='ltr'><strong>mystica</strong></span> <span class='ocrx_word' id='word_1_639' title='bbox 221 4148 348 4203; x_wconf 89' lang='lat' dir='ltr'><strong>unctione</strong></span> <span class='ocrx_word' id='word_1_640' title='bbox 360 4154 425 4202; x_wconf 92' lang='lat' dir='ltr'><strong>tunc</strong></span> <span class='ocrx_word' id='word_1_641' title='bbox 439 4152 536 4200; x_wconf 88' lang='lat' dir='ltr'><strong>unctus</strong></span> <span class='ocrx_word' id='word_1_642' title='bbox 554 4151 606 4208; x_wconf 91' lang='lat' dir='ltr'><strong>est,</strong></span> <span class='ocrx_word' id='word_1_643' title='bbox 629 4142 736 4213; x_wconf 86' lang='lat' dir='ltr'><strong>quando</strong></span> <span class='ocrx_word' id='word_1_644' title='bbox 754 4133 880 4197; x_wconf 82' lang='lat' dir='ltr'><strong>vehiente</strong></span> <span class='ocrx_word' id='word_1_645' title='bbox 929 4146 992 4209; x_wconf 89' lang='lat' dir='ltr'><strong>post</strong></span> <span class='ocrx_word' id='word_1_646' title='bbox 1006 4137 1090 4194; x_wconf 84' lang='lat' dir='ltr'><strong>coelos</strong></span> <span class='ocrx_word' id='word_1_647' title='bbox 1104 4145 1243 4207; x_wconf 91' lang='lat' dir='ltr'><strong>ponuntur</strong></span> <span class='ocrx_word' id='word_1_648' title='bbox 1265 4137 1390 4204; x_wconf 84' lang='lat' dir='ltr'><strong>uirtutes,</strong></span> <span class='ocrx_word' id='word_1_649' title='bbox 1414 4153 1468 4208; x_wconf 88' lang='lat' dir='ltr'><strong>quo</strong></span> <span class='ocrx_word' id='word_1_650' title='bbox 1485 4139 1594 4193; x_wconf 90' lang='lat' dir='ltr'><strong>nominc</strong></span> <span class='ocrx_word' id='word_1_651' title='bbox 1625 4155 1720 4198; x_wconf 86' lang='lat' dir='ltr'><strong>omnes</strong></span> 
     </span>
     <span class='ocr_line' id='line_1_45' title="bbox 91 4229 1721 4310; baseline -0.002 -18"><span class='ocrx_word' id='word_1_652' title='bbox 91 4236 211 4310; x_wconf 84' lang='lat' dir='ltr'><strong>[angelo]</strong></span> <span class='ocrx_word' id='word_1_653' title='bbox 235 4237 269 4293; x_wconf 88' lang='lat' dir='ltr'><strong>ad</strong></span> <span class='ocrx_word' id='word_1_654' title='bbox 291 4235 402 4290; x_wconf 87' lang='lat' dir='ltr'><strong>llariam</strong></span> <span class='ocrx_word' id='word_1_655' title='bbox 424 4234 555 4305; x_wconf 81' lang='lat' dir='ltr'><strong>virginem</strong></span> <span class='ocrx_word' id='word_1_656' title='bbox 578 4240 672 4288; x_wconf 91' lang='lat' dir='ltr'><strong>uterus</strong></span> <span class='ocrx_word' id='word_1_657' title='bbox 695 4232 814 4300; x_wconf 88' lang='lat' dir='ltr'><strong>repletus</strong></span> <span class='ocrx_word' id='word_1_658' title='bbox 837 4239 881 4287; x_wconf 86' lang='lat' dir='ltr'><strong>est</strong></span> <span class='ocrx_word' id='word_1_659' title='bbox 930 4232 1057 4288; x_wconf 89' lang='lat' dir='ltr'><strong>eoelestes</strong></span> <span class='ocrx_word' id='word_1_660' title='bbox 1082 4229 1196 4301; x_wconf 90' lang='lat' dir='ltr'><strong>spiritus</strong></span> <span class='ocrx_word' id='word_1_661' title='bbox 1208 4229 1373 4300; x_wconf 82' lang='lat' dir='ltr'><strong>generaliter</strong></span> <span class='ocrx_word' id='word_1_662' title='bbox 1391 4230 1519 4303; x_wconf 89' lang='lat' dir='ltr'><strong>appellari</strong></span> <span class='ocrx_word' id='word_1_663' title='bbox 1535 4232 1633 4299; x_wconf 89' lang='lat' dir='ltr'><strong>solent,</strong></span> <span class='ocrx_word' id='word_1_664' title='bbox 1649 4240 1680 4288; x_wconf 89' lang='lat' dir='ltr'><strong>ut</strong></span> <span class='ocrx_word' id='word_1_665' title='bbox 1692 4233 1721 4289; x_wconf 90' lang='lat' dir='ltr'><strong>iu</strong></span> 
     </span>
     <span class='ocr_line' id='line_1_46' title="bbox 91 4321 1719 4397; baseline -0.002 -15"><span class='ocrx_word' id='word_1_666' title='bbox 91 4326 192 4397; x_wconf 88' lang='lat' dir='ltr'><strong>Spiritu</strong></span> <span class='ocrx_word' id='word_1_667' title='bbox 214 4335 323 4391; x_wconf 88' lang='lat' dir='ltr'><strong>saneto,</strong></span> <span class='ocrx_word' id='word_1_668' title='bbox 355 4325 406 4380; x_wconf 90' lang='lat' dir='ltr'><strong>boc</strong></span> <span class='ocrx_word' id='word_1_669' title='bbox 429 4333 480 4391; x_wconf 89' lang='lat' dir='ltr'><strong>est,</strong></span> <span class='ocrx_word' id='word_1_670' title='bbox 506 4323 613 4392; x_wconf 82' lang='lat' dir='ltr'><strong>quaudo</strong></span> <span class='ocrx_word' id='word_1_671' title='bbox 638 4323 755 4377; x_wconf 87' lang='lat' dir='ltr'><strong>humana</strong></span> <span class='ocrx_word' id='word_1_672' title='bbox 780 4332 877 4378; x_wconf 87' lang='lat' dir='ltr'><strong>natura</strong></span> <span class='ocrx_word' id='word_1_673' title='bbox 930 4321 1192 4395; x_wconf 81' lang='lat' dir='ltr'><strong>psalmc:l)ominua</strong></span> <span class='ocrx_word' id='word_1_674' title='bbox 1205 4321 1329 4377; x_wconf 84' lang='lat' dir='ltr'><strong>uirtutum</strong></span> <span class='ocrx_word' id='word_1_675' title='bbox 1351 4322 1616 4394; x_wconf 80' lang='lat' dir='ltr'><strong>ipeeestreagterioe</strong></span> <span class='ocrx_word' id='word_1_676' title='bbox 1632 4321 1719 4396; x_wconf 82' lang='lat' dir='ltr'><strong>(Prot.</strong></span> 
     </span>
     <span class='ocr_line' id='line_1_47' title="bbox 89 4411 1721 4490; baseline -0.003 -14"><span class='ocrx_word' id='word_1_677' title='bbox 89 4422 148 4477; x_wconf 87' lang='lat' dir='ltr'><strong>sine</strong></span> <span class='ocrx_word' id='word_1_678' title='bbox 174 4420 235 4475; x_wconf 91' lang='lat' dir='ltr'><strong>ullis</strong></span> <span class='ocrx_word' id='word_1_679' title='bbox 262 4417 474 4490; x_wconf 73' lang='lat' dir='ltr'><strong>praecedentibus</strong></span> <span class='ocrx_word' id='word_1_680' title='bbox 500 4418 633 4473; x_wconf 89' lang='lat' dir='ltr'><strong>bonorum</strong></span> <span class='ocrx_word' id='word_1_681' title='bbox 657 4429 770 4486; x_wconf 88' lang='lat' dir='ltr'><strong>operum</strong></span> <span class='ocrx_word' id='word_1_682' title='bbox 794 4415 877 4470; x_wconf 89' lang='lat' dir='ltr'><strong>meri·</strong></span> <span class='ocrx_word' id='word_1_683' title='bbox 931 4432 1010 4483; x_wconf 84' lang='lat' dir='ltr'><strong>rrru,</strong></span> <span class='ocrx_word' id='word_1_684' title='bbox 1038 4414 1095 4486; x_wconf 80' lang='lat' dir='ltr'><strong>tu).</strong></span> <span class='ocrx_word' id='word_1_685' title='bbox 1109 4413 1144 4471; x_wconf 86' lang='lat' dir='ltr'><strong>Et</strong></span> <span class='ocrx_word' id='word_1_686' title='bbox 1168 4415 1287 4470; x_wconf 86' lang='lat' dir='ltr'><strong>iterum:</strong></span> <span class='ocrx_word' id='word_1_687' title='bbox 1320 4411 1400 4469; x_wconf 83' lang='lat' dir='ltr'><strong>Verbo</strong></span> <span class='ocrx_word' id='word_1_688' title='bbox 1416 4412 1522 4468; x_wconf 82' lang='lat' dir='ltr'><strong>ltomini</strong></span> <span class='ocrx_word' id='word_1_689' title='bbox 1542 4412 1599 4469; x_wconf 83' lang='lat' dir='ltr'><strong>coeii</strong></span> <span class='ocrx_word' id='word_1_690' title='bbox 1622 4414 1721 4484; x_wconf 69' lang='lat' dir='ltr'><strong>portati</strong></span> 
     </span>
     <span class='ocr_line' id='line_1_48' title="bbox 91 4502 1718 4578; baseline -0.005 -10"><span class='ocrx_word' id='word_1_691' title='bbox 91 4512 146 4578; x_wconf 86' lang='lat' dir='ltr'><strong>tis,</strong></span> <span class='ocrx_word' id='word_1_692' title='bbox 173 4512 228 4566; x_wconf 82' lang='lat' dir='ltr'><strong>lieo</strong></span> <span class='ocrx_word' id='word_1_693' title='bbox 257 4525 322 4565; x_wconf 82' lang='lat' dir='ltr'><strong>uero</strong></span> <span class='ocrx_word' id='word_1_694' title='bbox 348 4509 376 4563; x_wconf 90' lang='lat' dir='ltr'><strong>iu</strong></span> <span class='ocrx_word' id='word_1_695' title='bbox 405 4515 482 4563; x_wconf 91' lang='lat' dir='ltr'><strong>utero</strong></span> <span class='ocrx_word' id='word_1_696' title='bbox 508 4507 621 4578; x_wconf 83' lang='lat' dir='ltr'><strong>uirginis</strong></span> <span class='ocrx_word' id='word_1_697' title='bbox 648 4515 691 4562; x_wconf 89' lang='lat' dir='ltr'><strong>est</strong></span> <span class='ocrx_word' id='word_1_698' title='bbox 716 4508 755 4562; x_wconf 90' lang='lat' dir='ltr'><strong>ita</strong></span> <span class='ocrx_word' id='word_1_699' title='bbox 780 4506 876 4570; x_wconf 87' lang='lat' dir='ltr'><strong>uuita,</strong></span> <span class='ocrx_word' id='word_1_700' title='bbox 928 4515 1037 4572; x_wconf 64' lang='lat' dir='ltr'><strong>annuet</strong></span> <span class='ocrx_word' id='word_1_701' title='bbox 1062 4505 1222 4578; x_wconf 83' lang='lat' dir='ltr'><strong>spirituorir</strong></span> <span class='ocrx_word' id='word_1_702' title='bbox 1241 4503 1297 4575; x_wconf 79' lang='lat' dir='ltr'><strong>ejus</strong></span> <span class='ocrx_word' id='word_1_703' title='bbox 1318 4506 1402 4560; x_wconf 84' lang='lat' dir='ltr'><strong>omnis</strong></span> <span class='ocrx_word' id='word_1_704' title='bbox 1417 4505 1499 4560; x_wconf 73' lang='lat' dir='ltr'><strong>cirtae</strong></span> <span class='ocrx_word' id='word_1_705' title='bbox 1523 4520 1612 4558; x_wconf 86' lang='lat' dir='ltr'><strong>eorum</strong></span> <span class='ocrx_word' id='word_1_706' title='bbox 1632 4502 1718 4578; x_wconf 80' lang='lat' dir='ltr'><strong>(Psoi.</strong></span> 
     </span>
     <span class='ocr_line' id='line_1_49' title="bbox 90 4596 1721 4672; baseline -0.006 -11"><span class='ocrx_word' id='word_1_707' title='bbox 90 4613 119 4661; x_wconf 89' lang='lat' dir='ltr'><strong>at</strong></span> <span class='ocrx_word' id='word_1_708' title='bbox 132 4620 194 4660; x_wconf 90' lang='lat' dir='ltr'><strong>cum</strong></span> <span class='ocrx_word' id='word_1_709' title='bbox 206 4604 251 4659; x_wconf 90' lang='lat' dir='ltr'><strong>illo</strong></span> <span class='ocrx_word' id='word_1_710' title='bbox 261 4619 313 4659; x_wconf 89' lang='lat' dir='ltr'><strong>una</strong></span> <span class='ocrx_word' id='word_1_711' title='bbox 327 4602 404 4657; x_wconf 89' lang='lat' dir='ltr'><strong>lieret</strong></span> <span class='ocrx_word' id='word_1_712' title='bbox 415 4617 530 4672; x_wconf 90' lang='lat' dir='ltr'><strong>persona</strong></span> <span class='ocrx_word' id='word_1_713' title='bbox 544 4620 551 4655; x_wconf 72' lang='grc' dir='ltr'><strong>ι</strong></span> <span class='ocrx_word' id='word_1_714' title='bbox 563 4602 635 4658; x_wconf 92' lang='lat' dir='ltr'><strong>unde</strong></span> <span class='ocrx_word' id='word_1_715' title='bbox 650 4612 677 4658; x_wconf 91' lang='lat' dir='ltr'><strong>et</strong></span> <span class='ocrx_word' id='word_1_716' title='bbox 689 4603 723 4657; x_wconf 94' lang='lat' dir='ltr'><strong>ob</strong></span> <span class='ocrx_word' id='word_1_717' title='bbox 744 4603 796 4657; x_wconf 90' lang='lat' dir='ltr'><strong>hoc</strong></span> <span class='ocrx_word' id='word_1_718' title='bbox 813 4615 878 4656; x_wconf 92' lang='lat' dir='ltr'><strong>con·</strong></span> <span class='ocrx_word' id='word_1_719' title='bbox 931 4597 1110 4671; x_wconf 79' lang='lat' dir='ltr'><strong>rxrtr,ii).hd</strong></span> <span class='ocrx_word' id='word_1_720' title='bbox 1116 4596 1239 4654; x_wconf 89' lang='lat' dir='ltr'><strong>ultimum</strong></span> <span class='ocrx_word' id='word_1_721' title='bbox 1247 4605 1384 4667; x_wconf 90' lang='lat' dir='ltr'><strong>ponuntur</strong></span> <span class='ocrx_word' id='word_1_722' title='bbox 1394 4596 1540 4667; x_wconf 89' lang='lat' dir='ltr'><strong>seraphim,</strong></span> <span class='ocrx_word' id='word_1_723' title='bbox 1549 4597 1595 4666; x_wconf 88' lang='lat' dir='ltr'><strong>qui</strong></span> <span class='ocrx_word' id='word_1_724' title='bbox 1602 4604 1644 4652; x_wconf 88' lang='lat' dir='ltr'><strong>est</strong></span> <span class='ocrx_word' id='word_1_725' title='bbox 1650 4613 1721 4653; x_wconf 88' lang='lat' dir='ltr'><strong>sum-</strong></span> 
     </span>
     <span class='ocr_line' id='line_1_50' title="bbox 90 4689 1721 4763; baseline -0.002 -14"><span class='ocrx_word' id='word_1_726' title='bbox 90 4695 198 4751; x_wconf 86' lang='lat' dir='ltr'><strong>litemur</strong></span> <span class='ocrx_word' id='word_1_727' title='bbox 223 4694 297 4749; x_wconf 92' lang='lat' dir='ltr'><strong>illurn</strong></span> <span class='ocrx_word' id='word_1_728' title='bbox 323 4701 416 4748; x_wconf 90' lang='lat' dir='ltr'><strong>natum</strong></span> <span class='ocrx_word' id='word_1_729' title='bbox 433 4693 467 4748; x_wconf 92' lang='lat' dir='ltr'><strong>de</strong></span> <span class='ocrx_word' id='word_1_730' title='bbox 492 4692 594 4763; x_wconf 89' lang='lat' dir='ltr'><strong>Spiritu</strong></span> <span class='ocrx_word' id='word_1_731' title='bbox 617 4701 711 4748; x_wconf 85' lang='lat' dir='ltr'><strong>sancto</strong></span> <span class='ocrx_word' id='word_1_732' title='bbox 733 4706 766 4745; x_wconf 87' lang='lat' dir='ltr'><strong>ex</strong></span> <span class='ocrx_word' id='word_1_733' title='bbox 792 4689 876 4744; x_wconf 86' lang='lat' dir='ltr'><strong>llaria</strong></span> <span class='ocrx_word' id='word_1_734' title='bbox 930 4708 991 4748; x_wconf 93' lang='lat' dir='ltr'><strong>mus</strong></span> <span class='ocrx_word' id='word_1_735' title='bbox 1002 4693 1069 4748; x_wconf 90' lang='lat' dir='ltr'><strong>ordo</strong></span> <span class='ocrx_word' id='word_1_736' title='bbox 1079 4690 1263 4763; x_wconf 86' lang='lat' dir='ltr'><strong>angelicorum</strong></span> <span class='ocrx_word' id='word_1_737' title='bbox 1275 4689 1429 4759; x_wconf 90' lang='lat' dir='ltr'><strong>spirituum,</strong></span> <span class='ocrx_word' id='word_1_738' title='bbox 1439 4697 1465 4743; x_wconf 92' lang='lat' dir='ltr'><strong>et</strong></span> <span class='ocrx_word' id='word_1_739' title='bbox 1479 4703 1543 4744; x_wconf 86' lang='lat' dir='ltr'><strong>rere</strong></span> <span class='ocrx_word' id='word_1_740' title='bbox 1557 4691 1721 4762; x_wconf 60' lang='lat' dir='ltr'><strong>beataque</strong></span> 
     </span>
     <span class='ocr_line' id='line_1_51' title="bbox 88 4779 1720 4856; baseline -0.004 -16"><span class='ocrx_word' id='word_1_741' title='bbox 88 4785 203 4856; x_wconf 69' lang='lat' dir='ltr'><strong>virgine.</strong></span> <span class='ocrx_word' id='word_1_742' title='bbox 228 4785 359 4840; x_wconf 86' lang='lat' dir='ltr'><strong>Unctioue</strong></span> <span class='ocrx_word' id='word_1_743' title='bbox 379 4791 470 4838; x_wconf 87' lang='lat' dir='ltr'><strong>autem</strong></span> <span class='ocrx_word' id='word_1_744' title='bbox 492 4783 545 4838; x_wconf 90' lang='lat' dir='ltr'><strong>olei</strong></span> <span class='ocrx_word' id='word_1_745' title='bbox 564 4783 722 4854; x_wconf 86' lang='lat' dir='ltr'><strong>designatur</strong></span> <span class='ocrx_word' id='word_1_746' title='bbox 739 4780 878 4852; x_wconf 84' lang='lat' dir='ltr'><strong>plenitudo</strong></span> <span class='ocrx_word' id='word_1_747' title='bbox 929 4800 964 4841; x_wconf 82' lang='lat' dir='ltr'><strong>er</strong></span> <span class='ocrx_word' id='word_1_748' title='bbox 981 4784 1110 4856; x_wconf 86' lang='lat' dir='ltr'><strong>singulari</strong></span> <span class='ocrx_word' id='word_1_749' title='bbox 1124 4780 1325 4853; x_wconf 85' lang='lat' dir='ltr'><strong>propinquitate</strong></span> <span class='ocrx_word' id='word_1_750' title='bbox 1340 4779 1472 4835; x_wconf 89' lang='lat' dir='ltr'><strong>creatoris</strong></span> <span class='ocrx_word' id='word_1_751' title='bbox 1491 4780 1533 4835; x_wconf 93' lang='lat' dir='ltr'><strong>sui</strong></span> <span class='ocrx_word' id='word_1_752' title='bbox 1550 4780 1720 4850; x_wconf 89' lang='lat' dir='ltr'><strong>incompara-</strong></span> 
     </span>
     <span class='ocr_line' id='line_1_52' title="bbox 88 4870 1720 4947; baseline -0.004 -15"><span class='ocrx_word' id='word_1_753' title='bbox 88 4877 208 4947; x_wconf 74' lang='lat' dir='ltr'><strong>Spiritus</strong></span> <span class='ocrx_word' id='word_1_754' title='bbox 231 4876 340 4941; x_wconf 87' lang='lat' dir='ltr'><strong>sancti,</strong></span> <span class='ocrx_word' id='word_1_755' title='bbox 364 4876 492 4945; x_wconf 84' lang='lat' dir='ltr'><strong>quoniam</strong></span> <span class='ocrx_word' id='word_1_756' title='bbox 517 4876 588 4931; x_wconf 89' lang='lat' dir='ltr'><strong>sieut</strong></span> <span class='ocrx_word' id='word_1_757' title='bbox 608 4875 668 4932; x_wconf 84' lang='lat' dir='ltr'><strong>oleo</strong></span> <span class='ocrx_word' id='word_1_758' title='bbox 691 4873 793 4945; x_wconf 91' lang='lat' dir='ltr'><strong>optimo</strong></span> <span class='ocrx_word' id='word_1_759' title='bbox 817 4888 878 4928; x_wconf 90' lang='lat' dir='ltr'><strong>cor-</strong></span> <span class='ocrx_word' id='word_1_760' title='bbox 928 4876 975 4932; x_wconf 92' lang='lat' dir='ltr'><strong>bili</strong></span> <span class='ocrx_word' id='word_1_761' title='bbox 992 4875 1088 4930; x_wconf 85' lang='lat' dir='ltr'><strong>ardent</strong></span> <span class='ocrx_word' id='word_1_762' title='bbox 1103 4888 1205 4929; x_wconf 82' lang='lat' dir='ltr'><strong>arbore.</strong></span> <span class='ocrx_word' id='word_1_763' title='bbox 1219 4870 1295 4928; x_wconf 89' lang='lat' dir='ltr'><strong>Unde</strong></span> <span class='ocrx_word' id='word_1_764' title='bbox 1306 4880 1335 4927; x_wconf 91' lang='lat' dir='ltr'><strong>et</strong></span> <span class='ocrx_word' id='word_1_765' title='bbox 1347 4871 1475 4927; x_wconf 89' lang='lat' dir='ltr'><strong>ardentes</strong></span> <span class='ocrx_word' id='word_1_766' title='bbox 1491 4870 1533 4926; x_wconf 86' lang='lat' dir='ltr'><strong>rel</strong></span> <span class='ocrx_word' id='word_1_767' title='bbox 1544 4870 1720 4926; x_wconf 85' lang='lat' dir='ltr'><strong>incendentes</strong></span> 
     </span>
     <span class='ocr_line' id='line_1_53' title="bbox 88 4958 1717 5038; baseline -0.004 -15"><span class='ocrx_word' id='word_1_768' title='bbox 88 4966 291 5037; x_wconf 81' lang='lat' dir='ltr'><strong>puaperiusum</strong></span> <span class='ocrx_word' id='word_1_769' title='bbox 304 4977 410 5023; x_wconf 89' lang='lat' dir='ltr'><strong>recreat</strong></span> <span class='ocrx_word' id='word_1_770' title='bbox 428 4967 504 5033; x_wconf 92' lang='lat' dir='ltr'><strong>illud,</strong></span> <span class='ocrx_word' id='word_1_771' title='bbox 527 4975 610 5038; x_wconf 81' lang='lat' dir='ltr'><strong>atque</strong></span> <span class='ocrx_word' id='word_1_772' title='bbox 631 4980 760 5023; x_wconf 87' lang='lat' dir='ltr'><strong>recreans</strong></span> <span class='ocrx_word' id='word_1_773' title='bbox 778 4964 878 5037; x_wconf 86' lang='lat' dir='ltr'><strong>jucnn-</strong></span> <span class='ocrx_word' id='word_1_774' title='bbox 927 4967 1151 5036; x_wconf 86' lang='lat' dir='ltr'><strong>interpretantur.</strong></span> <span class='ocrx_word' id='word_1_775' title='bbox 1178 4961 1324 5018; x_wconf 89' lang='lat' dir='ltr'><strong>Sciendum</strong></span> <span class='ocrx_word' id='word_1_776' title='bbox 1342 4970 1433 5018; x_wconf 83' lang='lat' dir='ltr'><strong>autem</strong></span> <span class='ocrx_word' id='word_1_777' title='bbox 1452 4962 1523 5033; x_wconf 85' lang='lat' dir='ltr'><strong>quod</strong></span> <span class='ocrx_word' id='word_1_778' title='bbox 1539 4958 1681 5017; x_wconf 90' lang='lat' dir='ltr'><strong>cherubim</strong></span> <span class='ocrx_word' id='word_1_779' title='bbox 1691 4971 1717 5017; x_wconf 91' lang='lat' dir='ltr'><strong>et</strong></span> 
     </span>
     <span class='ocr_line' id='line_1_54' title="bbox 89 5051 1720 5129; baseline -0.004 -17"><span class='ocrx_word' id='word_1_780' title='bbox 89 5057 150 5114; x_wconf 88' lang='lat' dir='ltr'><strong>dius</strong></span> <span class='ocrx_word' id='word_1_781' title='bbox 170 5058 277 5114; x_wconf 89' lang='lat' dir='ltr'><strong>reddit:</strong></span> <span class='ocrx_word' id='word_1_782' title='bbox 292 5059 332 5114; x_wconf 87' lang='lat' dir='ltr'><strong>sic</strong></span> <span class='ocrx_word' id='word_1_783' title='bbox 349 5065 376 5114; x_wconf 91' lang='lat' dir='ltr'><strong>et</strong></span> <span class='ocrx_word' id='word_1_784' title='bbox 391 5060 479 5128; x_wconf 88' lang='lat' dir='ltr'><strong>gratia</strong></span> <span class='ocrx_word' id='word_1_785' title='bbox 493 5058 611 5129; x_wconf 87' lang='lat' dir='ltr'><strong>Spiritus</strong></span> <span class='ocrx_word' id='word_1_786' title='bbox 629 5058 715 5114; x_wconf 87' lang='lat' dir='ltr'><strong>saneti</strong></span> <span class='ocrx_word' id='word_1_787' title='bbox 729 5073 787 5123; x_wconf 88' lang='lat' dir='ltr'><strong>eor,</strong></span> <span class='ocrx_word' id='word_1_788' title='bbox 806 5057 878 5128; x_wconf 86' lang='lat' dir='ltr'><strong>quod</strong></span> <span class='ocrx_word' id='word_1_789' title='bbox 928 5058 1065 5128; x_wconf 88' lang='lat' dir='ltr'><strong>seraphim</strong></span> <span class='ocrx_word' id='word_1_790' title='bbox 1078 5071 1159 5128; x_wconf 86' lang='lat' dir='ltr'><strong>perm</strong></span> <span class='ocrx_word' id='word_1_791' title='bbox 1172 5055 1290 5110; x_wconf 88' lang='lat' dir='ltr'><strong>litteram</strong></span> <span class='ocrx_word' id='word_1_792' title='bbox 1304 5054 1419 5124; x_wconf 88' lang='lat' dir='ltr'><strong>prolata,</strong></span> <span class='ocrx_word' id='word_1_793' title='bbox 1431 5051 1510 5122; x_wconf 83' lang='lat' dir='ltr'><strong>juxta</strong></span> <span class='ocrx_word' id='word_1_794' title='bbox 1526 5054 1720 5124; x_wconf 83' lang='lat' dir='ltr'><strong>proprietatem</strong></span> 
     </span>
     <span class='ocr_line' id='line_1_55' title="bbox 90 5143 1721 5220; baseline -0.003 -19"><span class='ocrx_word' id='word_1_795' title='bbox 90 5147 243 5218; x_wconf 82' lang='lat' dir='ltr'><strong>repleverit,</strong></span> <span class='ocrx_word' id='word_1_796' title='bbox 259 5149 287 5204; x_wconf 92' lang='lat' dir='ltr'><strong>in</strong></span> <span class='ocrx_word' id='word_1_797' title='bbox 299 5163 391 5204; x_wconf 86' lang='lat' dir='ltr'><strong>amore</strong></span> <span class='ocrx_word' id='word_1_798' title='bbox 405 5159 433 5205; x_wconf 88' lang='lat' dir='ltr'><strong>et</strong></span> <span class='ocrx_word' id='word_1_799' title='bbox 446 5149 589 5205; x_wconf 90' lang='lat' dir='ltr'><strong>dilectione</strong></span> <span class='ocrx_word' id='word_1_800' title='bbox 606 5148 654 5204; x_wconf 85' lang='lat' dir='ltr'><strong>Dei</strong></span> <span class='ocrx_word' id='word_1_801' title='bbox 665 5146 787 5220; x_wconf 79' lang='lat' dir='ltr'><strong>perfecte</strong></span> <span class='ocrx_word' id='word_1_802' title='bbox 800 5163 878 5218; x_wconf 87' lang='lat' dir='ltr'><strong>repa-</strong></span> <span class='ocrx_word' id='word_1_803' title='bbox 928 5150 1026 5220; x_wconf 85' lang='lat' dir='ltr'><strong>linguae</strong></span> <span class='ocrx_word' id='word_1_804' title='bbox 1037 5149 1162 5214; x_wconf 74' lang='lat' dir='ltr'><strong>hebraeae,</strong></span> <span class='ocrx_word' id='word_1_805' title='bbox 1170 5146 1314 5203; x_wconf 86' lang='lat' dir='ltr'><strong>masculini</strong></span> <span class='ocrx_word' id='word_1_806' title='bbox 1322 5153 1385 5202; x_wconf 92' lang='lat' dir='ltr'><strong>sunt</strong></span> <span class='ocrx_word' id='word_1_807' title='bbox 1395 5145 1537 5215; x_wconf 89' lang='lat' dir='ltr'><strong>generiset</strong></span> <span class='ocrx_word' id='word_1_808' title='bbox 1548 5143 1660 5215; x_wconf 87' lang='lat' dir='ltr'><strong>pluralis</strong></span> <span class='ocrx_word' id='word_1_809' title='bbox 1670 5159 1721 5197; x_wconf 92' lang='lat' dir='ltr'><strong>nu·</strong></span> 
     </span>
     <span class='ocr_line' id='line_1_56' title="bbox 89 5234 1720 5309; baseline -0.002 -19"><span class='ocrx_word' id='word_1_810' title='bbox 89 5251 163 5304; x_wconf 86' lang='lat' dir='ltr'><strong>rans,</strong></span> <span class='ocrx_word' id='word_1_811' title='bbox 181 5251 288 5294; x_wconf 86' lang='lat' dir='ltr'><strong>omnem</strong></span> <span class='ocrx_word' id='word_1_812' title='bbox 305 5238 409 5294; x_wconf 88' lang='lat' dir='ltr'><strong>timoris</strong></span> <span class='ocrx_word' id='word_1_813' title='bbox 423 5238 589 5305; x_wconf 86' lang='lat' dir='ltr'><strong>moestitiatn,</strong></span> <span class='ocrx_word' id='word_1_814' title='bbox 605 5252 688 5308; x_wconf 83' lang='lat' dir='ltr'><strong>quam</strong></span> <span class='ocrx_word' id='word_1_815' title='bbox 698 5253 748 5309; x_wconf 89' lang='lat' dir='ltr'><strong>pro</strong></span> <span class='ocrx_word' id='word_1_816' title='bbox 758 5237 878 5308; x_wconf 85' lang='lat' dir='ltr'><strong>peccatis</strong></span> <span class='ocrx_word' id='word_1_817' title='bbox 928 5236 1462 5308; x_wconf 85' lang='lat' dir='ltr'><strong>meritantum.Siautempernlitteram</strong></span> <span class='ocrx_word' id='word_1_818' title='bbox 1469 5234 1720 5300; x_wconf 88' lang='lat' dir='ltr'><strong>dicantur,sieutiu</strong></span> 
     </span>
     <span class='ocr_line' id='line_1_57' title="bbox 90 5325 1721 5402; baseline -0.001 -20"><span class='ocrx_word' id='word_1_819' title='bbox 90 5328 178 5397; x_wconf 87' lang='lat' dir='ltr'><strong>primo</strong></span> <span class='ocrx_word' id='word_1_820' title='bbox 197 5335 388 5396; x_wconf 78' lang='lat' dir='ltr'><strong>connaxerst,</strong></span> <span class='ocrx_word' id='word_1_821' title='bbox 402 5329 437 5385; x_wconf 88' lang='lat' dir='ltr'><strong>ab</strong></span> <span class='ocrx_word' id='word_1_822' title='bbox 451 5343 499 5384; x_wconf 87' lang='lat' dir='ltr'><strong>ore</strong></span> <span class='ocrx_word' id='word_1_823' title='bbox 517 5327 639 5400; x_wconf 86' lang='lat' dir='ltr'><strong>repellit,</strong></span> <span class='ocrx_word' id='word_1_824' title='bbox 654 5336 682 5384; x_wconf 89' lang='lat' dir='ltr'><strong>et</strong></span> <span class='ocrx_word' id='word_1_825' title='bbox 696 5328 724 5384; x_wconf 87' lang='lat' dir='ltr'><strong>iu</strong></span> <span class='ocrx_word' id='word_1_826' title='bbox 738 5328 878 5386; x_wconf 87' lang='lat' dir='ltr'><strong>ebaritatis</strong></span> <span class='ocrx_word' id='word_1_827' title='bbox 928 5329 1040 5402; x_wconf 83' lang='lat' dir='ltr'><strong>psalmis</strong></span> <span class='ocrx_word' id='word_1_828' title='bbox 1050 5338 1077 5384; x_wconf 91' lang='lat' dir='ltr'><strong>et</strong></span> <span class='ocrx_word' id='word_1_829' title='bbox 1089 5329 1208 5400; x_wconf 82' lang='lat' dir='ltr'><strong>hymnis,</strong></span> <span class='ocrx_word' id='word_1_830' title='bbox 1223 5337 1251 5385; x_wconf 90' lang='lat' dir='ltr'><strong>et</strong></span> <span class='ocrx_word' id='word_1_831' title='bbox 1260 5327 1287 5382; x_wconf 91' lang='lat' dir='ltr'><strong>iu</strong></span> <span class='ocrx_word' id='word_1_832' title='bbox 1306 5327 1433 5400; x_wconf 76' lang='lat' dir='ltr'><strong>prasenti</strong></span> <span class='ocrx_word' id='word_1_833' title='bbox 1445 5326 1594 5396; x_wconf 82' lang='lat' dir='ltr'><strong>gratiarnm</strong></span> <span class='ocrx_word' id='word_1_834' title='bbox 1613 5325 1721 5381; x_wconf 86' lang='lat' dir='ltr'><strong>actiomt</strong></span> 
     </span>
     <span class='ocr_line' id='line_1_58' title="bbox 91 5408 1723 5492; baseline -0.004 -15"><span class='ocrx_word' id='word_1_835' title='bbox 91 5416 170 5490; x_wconf 68' lang='lat'><strong>501</strong></span> <span class='ocrx_word' id='word_1_836' title='bbox 177 5418 344 5490; x_wconf 74' lang='lat' dir='ltr'><strong>perfectione</strong></span> <span class='ocrx_word' id='word_1_837' title='bbox 352 5419 526 5487; x_wconf 79' lang='lat' dir='ltr'><strong>confirmans,</strong></span> <span class='ocrx_word' id='word_1_838' title='bbox 535 5420 570 5481; x_wconf 87' lang='lat' dir='ltr'><strong>de</strong></span> <span class='ocrx_word' id='word_1_839' title='bbox 580 5437 628 5492; x_wconf 85' lang='lat' dir='ltr'><strong>spe</strong></span> <span class='ocrx_word' id='word_1_840' title='bbox 637 5423 701 5478; x_wconf 76' lang='lat' dir='ltr'><strong>rita</strong></span> <span class='ocrx_word' id='word_1_841' title='bbox 712 5430 821 5478; x_wconf 73' lang='lat' dir='ltr'><strong>eterne</strong></span> <span class='ocrx_word' id='word_1_842' title='bbox 833 5434 881 5475; x_wconf 86' lang='lat' dir='ltr'><strong>err-</strong></span> <span class='ocrx_word' id='word_1_843' title='bbox 929 5408 1501 5491; x_wconf 79' lang='lat' dir='ltr'><strong>ponitur,Graecadeclinationeinneutrale</strong></span> <span class='ocrx_word' id='word_1_844' title='bbox 1519 5424 1723 5488; x_wconf 83' lang='lat' dir='ltr'><strong>genusmutan-</strong></span> 
     </span>
     <span class='ocr_line' id='line_1_59' title="bbox 91 5507 1722 5587; baseline -0.004 -19"><span class='ocrx_word' id='word_1_845' title='bbox 91 5512 247 5574; x_wconf 84' lang='lat' dir='ltr'><strong>saltationis</strong></span> <span class='ocrx_word' id='word_1_846' title='bbox 267 5514 396 5587; x_wconf 61' lang='lat' dir='ltr'><strong>madium</strong></span> <span class='ocrx_word' id='word_1_847' title='bbox 417 5515 616 5572; x_wconf 85' lang='lat' dir='ltr'><strong>snbmtnlstrat.</strong></span> <span class='ocrx_word' id='word_1_848' title='bbox 632 5512 686 5572; x_wconf 83' lang='lat' dir='ltr'><strong>Per</strong></span> <span class='ocrx_word' id='word_1_849' title='bbox 703 5532 781 5585; x_wconf 78' lang='lat' dir='ltr'><strong>pacm</strong></span> <span class='ocrx_word' id='word_1_850' title='bbox 801 5513 882 5571; x_wconf 88' lang='lat' dir='ltr'><strong>Chri·</strong></span> <span class='ocrx_word' id='word_1_851' title='bbox 918 5523 987 5577; x_wconf 81' lang='lat' dir='ltr'><strong>tur.</strong></span> <span class='ocrx_word' id='word_1_852' title='bbox 1006 5510 1154 5568; x_wconf 77' lang='lat' dir='ltr'><strong>Velutcnm</strong></span> <span class='ocrx_word' id='word_1_853' title='bbox 1166 5507 1722 5577; x_wconf 85' lang='lat' dir='ltr'><strong>dicimuslucidasidera,spceinsanemo·</strong></span> 
     </span>
     <span class='ocr_line' id='line_1_60' title="bbox 97 5599 1722 5682; baseline -0.006 -21"><span class='ocrx_word' id='word_1_854' title='bbox 97 5617 168 5661; x_wconf 87' lang='lat' dir='ltr'><strong>stum</strong></span> <span class='ocrx_word' id='word_1_855' title='bbox 187 5609 349 5679; x_wconf 81' lang='lat' dir='ltr'><strong>majestatem</strong></span> <span class='ocrx_word' id='word_1_856' title='bbox 364 5619 435 5664; x_wconf 81' lang='lat' dir='ltr'><strong>tunm</strong></span> <span class='ocrx_word' id='word_1_857' title='bbox 463 5609 573 5663; x_wconf 78' lang='lat' dir='ltr'><strong>tardent</strong></span> <span class='ocrx_word' id='word_1_858' title='bbox 588 5610 684 5682; x_wconf 76' lang='lat' dir='ltr'><strong>angeli,</strong></span> <span class='ocrx_word' id='word_1_859' title='bbox 700 5609 763 5679; x_wconf 89' lang='lat' dir='ltr'><strong>quia</strong></span> <span class='ocrx_word' id='word_1_860' title='bbox 786 5623 835 5679; x_wconf 90' lang='lat' dir='ltr'><strong>per</strong></span> <span class='ocrx_word' id='word_1_861' title='bbox 847 5605 878 5661; x_wconf 88' lang='lat' dir='ltr'><strong>u-</strong></span> <span class='ocrx_word' id='word_1_862' title='bbox 934 5602 1209 5674; x_wconf 80' lang='lat' dir='ltr'><strong>ra,]ucnndalittora,</strong></span> <span class='ocrx_word' id='word_1_863' title='bbox 1221 5601 1381 5657; x_wconf 86' lang='lat' dir='ltr'><strong>sieetbeatn</strong></span> <span class='ocrx_word' id='word_1_864' title='bbox 1393 5599 1722 5669; x_wconf 84' lang='lat' dir='ltr'><strong>seraphimneutrogene·</strong></span> 
     </span>
    </p>
   </div>
   <div class='ocr_carea' id='block_1_3' title="bbox 0 0 1894 6120">
    <p class='ocr_par' dir='ltr' id='par_1_19' title="bbox 0 0 1894 6120">
     <span class='ocr_line' id='line_1_61' title="bbox 0 0 1894 6120; baseline 0 0"><span class='ocrx_word' id='word_1_865' title='bbox 0 0 1894 6120; x_wconf 95' lang='lat' dir='ltr'><strong> </strong></span> 
     </span>
    </p>
   </div>
  </div>
 </body>
</html>
