3780 6120
206 287 257 344 525
564 286 571 293 ‘
635 281 665 334 B.
686 279 716 334 F.
737 274 849 332 autaut
868 271 934 329 SEU
955 270 1093 327 atenim
1112 267 1254 325 oration
1274 266 1363 322 rutts
1381 266 1424 322 ΙΙΙ.
1788 262 1842 317 aet

207 414 267 455 runi
287 409 454 467 praecitrrerc
474 393 582 449 festinat
600 391 725 446 olllciuni.
748 388 803 442 Nec
827 400 877 456 ego
898 384 996 454 capitis
1009 389 1033 446 Λ
1046 383 1128 438 tiana
1153 383 1278 453 sagittam
1305 389 1441 451 potentem
1454 388 1480 433 et
1495 386 1601 431 actitant
1626 391 1688 429 rum
1715 377 1842 458 caritoni-

206 470 298 526 dolore
309 466 437 535 fatigatus
449 465 604 521 emtmiuare
617 475 736 531 possina,
750 472 810 528 quae
826 456 915 510 sabito
930 470 995 509 casu
1047 454 1097 508 bns
1123 454 1302 508 desolatoriis.
1318 473 1328 502 i
1347 452 1380 505 Et
1398 468 1472 504 utini.
1500 449 1533 502 to
1545 455 1639 530 narrat
1664 446 1738 528 quod
1751 445 1840 512 Febx,

205 557 239 596 et
252 553 300 593 ore
311 537 437 591 dictantis
449 536 565 590 evolant.
578 554 586 586 i
613 533 688 587 lianc
705 528 845 598 epistolam
866 525 995 594 scriptam
1046 533 1188 594 postquam
1202 524 1228 577 in
1237 522 1366 592 qirrcdictu
1379 521 1494 575 coneilio
1504 519 1717 599 aquisgranensi
1730 533 1756 570 ιιι
1767 533 1843 598 'prae-

207 611 290 664 fuisse
301 608 398 678 opinor
416 606 449 660 ad
468 621 496 659 re
515 621 558 659 eut
573 619 643 657 auno
653 601 783 671 prietlieto
795 597 886 650 adlinc
899 595 995 664 Aquis·
1046 597 1133 649 sentia
1154 594 1245 648 ilontui
1257 592 1326 715 regis
1340 600 1368 646 ct
1376 592 1535 674 optimatum
1549 590 1720 670 illiusatquc
1730 602 1841 670 episco-

206 680 283 749 giani
302 687 436 748 agetiteia,
457 621 528 730 unge
550 675 657 729 deinum
677 670 765 724 niedio
785 681 877 722 meuse
898 664 996 719 blartio
1047 679 1142 735 porum
1154 665 1285 718 rationabi
1299 665 1349 717 iter
1365 663 1474 717 auditus
1488 669 1516 715 ιι
1539 666 1676 713 veraciter
1697 668 1842 739 conuictus

206 750 340 812 discessit,
364 757 394 801 ut
416 747 490 800 littus
508 744 608 800 Oceani
627 741 814 812 perlustraret,
830 736 996 803 classeinque
1046 736 1151 799 luisset,
1168 753 1177 785 ι
1195 736 1262 790 daris
1286 734 1399 803 gloriam
1415 733 1470 787 lieo
1481 726 1843 812 rcraniddcmfneritcori-

206 822 335 875 ailrersus
349 819 452 886 piratas
465 816 621 877 iustrttcret,
633 819 713 882 prout
725 809 824 879 legitur
840 809 867 861 iii
884 803 996 860 Annali·
1047 805 1144 867 fessus,
1158 814 1186 859 et
1200 805 1226 859 iu
1239 819 1332 873 pacetu
1346 803 1486 859 catholicae
1499 807 1686 881 unauimttatts
1714 812 1844 855 rererstis

206 891 256 944 luis
270 888 439 952 Loisclianis,
458 884 614 955 Figinliardi,
628 891 656 936 et
676 880 736 934 aliis
755 878 789 933 ad
804 877 929 932 eumdem
947 890 996 929 au·
1046 890 1107 931 eum
1120 875 1258 945 discipulis
1278 875 1348 939 suis;
1380 892 1390 927 ι
1415 874 1563 941 sitadetqne
1577 870 1709 952 Fltpando
1727 876 1759 924 ut
1769 870 1844 926 illitis

207 975 281 1012 iunu.
1047 945 1226 1000 linuiilitatem
1251 954 1389 1000 sectetur:
1405 951 1432 998 et
1456 945 1554 997 iteruin
1582 941 1630 995 lib.
1656 953 1695 1004 tv,
1717 955 1796 995 unm.
1811 941 1841 1005 5.

242 1023 610 1082 ΧΙΙΙ.ΙΙὶιοιιιιιίΙιιιιΙιιιιι
687 1019 769 1083 ensis,
782 1025 875 1088 aperte
885 1017 996 1071 demoa·
1046 1016 1120 1070 illum
1143 1026 1171 1071 ιι
1190 1024 1339 1070 sectatores
1368 1015 1441 1069 illius
1464 1015 1508 1069 his
1535 1011 1625 1065 verbis
1654 1011 1841 1067 calteriatur:

133 1091 138 1102 '
205 1108 369 1152 strassonos
387 1095 598 1159 confidimusl·
616 1037 736 1147 ΙΙθΙιιΙΙιιιιι
758 1089 856 1144 Felicis
875 1086 995 1170 epistole
1050 1087 1247 1156 ‹chiieittes,
1273 1085 1437 1149 charissimi,
1461 1083 1542 1138 vestri
1574 1081 1709 1164 qrtondaiit
1726 1080 1840 1164 Felicis,

205 1167 374 1223 charitativae
384 1166 490 1220 Aletrini
500 1164 652 1235 oppositum
670 1176 723 1216 uon
740 1161 792 1215 uisi
806 1159 878 1213 circa
891 1157 996 1211 initium
1047 1170 1119 1210 utine
1141 1165 1231 1211 autern
1253 1157 1339 1210 nostri
1353 1154 1516 1224 exemplum,
1541 1168 1588 1223 qiu
1615 1165 1688 1205 iiam
1713 1155 1842 1210 veritatis

206 1238 268 1290 atini
284 1238 335 1292 lati
343 1237 377 1291 ad
388 1237 476 1306 ipsum
489 1235 654 1306 peruenisse,
666 1247 694 1286 rt.
703 1231 771 1286 suet
780 1231 814 1285 57
825 1246 831 1293 ;
843 1227 994 1283 2⁰libelluur
1047 1234 1215 1298 cognoscens¹
1238 1241 1291 1280 uon
1316 1226 1423 1280 erubuit
1448 1224 1549 1280 erroris
1561 1222 1603 1278 aui
1612 1221 1737 1277 confiteri
1761 1223 1842 1294 igno·

204 1308 356 1362 ertiudema
372 1321 435 1377 rege
452 1305 549 1361 Carolo
562 1304 640 1373 jutta
657 1309 748 1356 votum
762 1300 943 1361 bladiniaco
962 1298 996 1352 ad
1047 1298 1175 1363 ratitiaiu,
1201 1309 1229 1351 et
1238 1312 1288 1366 per
1298 1295 1377 1351 fidem
1400 1294 1561 1350 catholicam
1584 1292 1681 1349 unitati
1709 1291 1843 1351 Ecclesia

203 1378 351 1431 Ailriannin
365 1377 384 1439 l,
399 1385 479 1446 prout
492 1377 630 1444 lineasque
642 1372 814 1433 credebatur,
826 1368 873 1424 sed
883 1369 917 1422 ad
928 1368 1003 1422 Leu-.
1047 1367 1149 1422 Cliristi
1173 1369 1289 1438 scipsum
1304 1367 1498 1436 compaginari.
1516 1384 1525 1416 ι
1542 1364 1672 1418 hlcniuus
1686 1361 1779 1444 'igitur
1807 1368 1842 1421 de

205 1463 265 1501 ueni
276 1447 319 1511 ΙΙΙ,
332 1447 377 1517 qni
389 1454 452 1501 tnnc
461 1446 636 1516 apostolieum
648 1457 745 1497 munus
754 1441 875 1512 gerebat,
883 1438 995 1492 missum
1048 1438 1203 1492 sinceritate
1225 1435 1403 1491 confessionis
1419 1435 1515 1490 Felicis
1528 1435 1641 1504 posthae
1656 1448 1768 1490 minime
1790 1435 1842 1491 tlu-

204 1515 297 1581 fuisse,
311 1531 386 1571 uitia.
400 1517 445 1571 58.
470 1518 498 1571 5⁰
515 1515 656 1569 hlctiinum
676 1514 758 1568 libros
781 1525 845 1565 suus
867 1509 997 1563 adsersus
1048 1507 1152 1570 bitarit,
1164 1508 1314 1579 presertim
1329 1508 1400 1576 quod
1427 1506 1501 1561 illurn
1516 1504 1688 1574 experiretur
1702 1519 1797 1565 semini
1812 1504 1841 1561 iu

204 1588 361 1656 praedictum
378 1586 496 1640 libellum
509 1594 572 1640 aitte
582 1583 724 1640 concilium
734 1581 842 1651 quidem
851 1579 996 1649 Aquisgra·
1048 1578 1195 1632 auiicitiaiu
1208 1579 1329 1642 rediisse,
1343 1579 1488 1701 odiumque
1497 1575 1567 1630 illius
1581 1575 1608 1629 in
1623 1589 1744 1629 amorem
1757 1574 1842 1632 fuisse

204 1672 288 1711 nense
302 1658 372 1710 iutra
385 1657 503 1723 parietes
515 1655 556 1710 sni
567 1654 680 1710 cubiculi
692 1651 848 1716 absolvisse,
860 1655 935 1704 num.
949 1648 994 1703 59.
1048 1663 1218 1704 conversum.
1237 1648 1275 1702 lta
1307 1648 1427 1703 euiuiad
1463 1646 1563 1716 quilani
1591 1660 1671 1699 sittim
1690 1645 1788 1700 scribit
1811 1646 1840 1703 itt

202 1727 230 1780 Ιο
246 1726 302 1780 Nou
318 1734 419 1788 lanicii,
433 1726 484 1780 nisi
497 1726 619 1808 sequenti
633 1738 704 1778 anuo
718 1721 780 1786 tob,
799 1727 907 1802 accepta
922 1719 996 1801 regia
1013 1733 1091 1842 BLL'
1120 1720 1183 1801 illd,
1203 1733 1265 1789 pag.
1283 1718 1318 1773 56
1334 1737 1340 1771 ε
1355 1717 1430 1772 Feliit
1453 1736 1462 1768 ι
1488 1717 1568 1799 modo
1595 1714 1645 1770 fuit
1661 1717 1697 1771 ad
1714 1725 1840 1799 sanctum

202 1805 229 1851 et
243 1796 414 1867 episcopalia
435 1797 603 1864 probatione,
621 1793 770 1864 evulgasse.
787 1791 840 1846 Sed
857 1805 914 1860 iam
931 1789 997 1859 quid
1076 1798 1193 1844 artimnu
1220 1790 1290 1859 apud
1303 1787 1445 1857 phrefatum
1472 1787 1557 1841 filiuni
1568 1794 1692 1842 nostrum
1713 1785 1840 1855 (Laidra-

202 1868 386 1937 postltaecum
423 1867 490 1921 elice
504 1875 593 1922 actam
605 1866 649 1926 sit,
661 1876 867 1933 prosequamur.
1048 1859 1124 1931 dirui)
1148 1869 1175 1914 et
1201 1859 1313 1913 intiltuin
1326 1866 1399 1913 amat
1429 1872 1482 1921 me,
1511 1855 1841 1927 tottiiiiqueodiutuquod

238 1937 268 1991 L.
295 1936 350 1989 fler
361 1933 483 2000 Carolus,
497 1936 529 1990 de
542 1934 638 1990 Felicia
657 1935 804 1988 constantio
818 1940 944 1994 necturus,
963 1927 997 1983 il·
1048 1928 1142 1984 habuit
1153 1931 1178 1984 in
1190 1944 1243 1995 me,
1256 1945 1363 1984 uersum
1377 1939 1419 1985 est
1431 1928 1458 1983 iit
1474 1928 1614 1983 charitatis
1628 1926 1811 1982 dulcedinem.
1828 1947 1839 1982 ι

202 2006 256 2060 lum
276 2005 440 2060 commendet
458 2007 585 2060 custodite
608 2004 736 2058 Laidrodi
755 2001 868 2073 episcopi
889 1999 997 2069 Laqen-
1083 1999 1147 2054 Llll.
1169 1999 1266 2055 Sedet
1288 2001 1343 2054 uae
1362 2016 1454 2054 rursus
1480 1997 1603 2052 simulato
1626 1997 1735 2066 suittet
1759 1995 1841 2055 betta

202 2078 298 2131 iternis.
308 2075 427 2129 -Felit
440 2077 467 2131 ia
486 2075 601 2130 euticilio
618 2072 828 2146 Aquisgranensi
850 2084 995 2140 argumeu-
1048 2085 1129 2140 usqne
1146 2070 1181 2124 ud
1194 2079 1313 2135 mortem,
1329 2087 1388 2141 quie
1406 2085 1476 2126 uano
1490 2068 1542 2125 8l8
1557 2068 1696 2138 corripiare
1709 2068 1841 2134 ereditur,

202 2155 291 2200 torum
304 2145 423 2215 pondere
435 2160 556 2216 pressus,
571 2154 599 2199 et
612 2150 767 2200 sanctorum
781 2142 997 2196 Patmiuauetu-
1047 2140 1179 2194 erroribus
1202 2140 1556 2203 attestantem-lerum,
1587 2138 1656 2208 proli
1675 2137 1768 2193 dolor!
1796 2138 1840 2193 fu·

201 2217 280 2271 ritate
310 2217 448 2271 coiirictus
474 2216 616 2271 ridebatur
642 2213 750 2285 quidem
777 2213 849 2267 serio
874 2225 996 2266 errorem
1047 2218 1135 2264 calani
1150 2210 1234 2265 fuisse
1256 2211 1329 2265 illata
1356 2210 1502 2266 attticitiam
1518 2219 1545 2265 et
1559 2208 1712 2265 simulatam
1722 2223 1840 2265 conuer-

200 2301 278 2340 sunni
294 2286 433 2351 detestari,
458 2285 629 2356 decretisque
649 2284 756 2340 concilii
776 2297 805 2337 se
824 2281 994 2346 submittere,
1048 2281 1151 2335 sionem
1180 2290 1292 2335 erentus
1313 2282 1412 2339 docuit.
1441 2281 1572 2352 Equidem
1583 2278 1738 2335 uirentibus
1749 2279 1840 2336 adbuc

200 2357 328 2425 qttouiam
344 2371 409 2411 rero
422 2356 502 2411 fidem
518 2357 608 2411 datain
620 2355 677 2425 jam
691 2354 755 2408 alibi
767 2351 909 2422 aliquoties
921 2349 997 2406 felel-
1047 2348 1181 2405 Laidrado
1192 2359 1220 2405 et
1231 2351 1343 2406 alcuino
1361 2353 1393 2407 tle
1408 2351 1479 2406 illins
1492 2350 1649 2406 infidelitate
1664 2349 1736 2404 nulla
1747 2365 1839 2406 enter-

201 2427 285 2491 lisset,
307 2440 364 2490 reu,
386 2440 421 2480 ue
443 2440 487 2480 res
511 2425 643 2480 catltolica
658 2440 691 2479 ιι
704 2422 883 2478 inconstantia
899 2421 996 2476 Felicis
1047 2421 1126 2487 gebat
1150 2421 1221 2476 fama
1237 2439 1243 2474 :
1258 2421 1331 2476 solus
1347 2421 1516 2492 dgobarilus,
1528 2422 1574 2491 qui
1592 2418 1759 2475 Laidradoin
1775 2422 1841 2477 sedo

200 2497 313 2549 ulterius
338 2498 365 2550 iu
387 2495 594 2567 periculosiores
614 2495 708 2548 turbas
730 2491 921 2560 conjiceretur,
940 2506 995 2546 nott
1047 2490 1229 2561 lugdunensi,
1257 2493 1302 2546 nbi
1316 2492 1391 2547 Felix
1408 2494 1485 2547 exsul
1497 2491 1678 2555 detinebatur,
1692 2491 1839 2554 successit,

199 2565 322 2635 permisit
336 2572 367 2619 ut
379 2566 402 2619 is
417 2565 538 2647 Urgellas
553 2565 664 2628 rediret,
680 2563 727 2618 sed
741 2563 881 2617 constituit
899 2568 929 2615 ut
946 2562 996 2615 ali·
1047 2559 1093 2615 lib.
1107 2562 1237 2618 aih-ersus
1247 2562 1376 2628 Felicem,
1389 2577 1450 2632 cap.
1474 2562 1501 2628 5,
1518 2562 1602 2618 refert
1624 2561 1697 2632 quod
1710 2561 1735 2617 is
1748 2562 1840 2619 adhuc

142 2692 147 2701 ,
177 2636 243 2689 'cni
267 2635 342 2701 regni
365 2635 406 2689 atii
427 2649 554 2705 episeopo
574 2634 735 2695 traderetur,
753 2648 768 2687 a
788 2631 882 2701 quoin
899 2645 995 2686 secura
1045 2631 1139 2687 rireus
1164 2633 1307 2688 nonnullos
1321 2634 1443 2690 docuerit
1454 2632 1591 2689 Christum
1609 2631 1758 2687 seeundum
1778 2648 1840 2688 car-

199 2704 323 2759 enstndia
340 2706 424 2759 teneri
435 2715 536 2775 posset.
558 2705 591 2759 Et
604 2704 680 2758 initio
699 2703 807 2772 quidem
827 2702 994 2772 propositum
1047 2717 1109 2755 iieiii
1138 2704 1257 2758 nescisse
1282 2704 1435 2774 sepulerum
1457 2705 1566 2765 Lazari,
1591 2702 1733 2774 ignorasse
1765 2702 1839 2759 diem

199 2775 304 2837 habuit,
321 2784 351 2828 nt
368 2773 484 2830 Felicem
498 2775 658 2831 serrandum
676 2781 704 2829 ct
717 2772 904 2844 castigandum
918 2771 996 2827 daret
1042 2771 1146 2839 jiulieii,
1173 2775 1311 2844 ignorasse
1357 2776 1440 2829 ariter
1452 2774 1517 2845 quid
1540 2773 1663 2844 discipuli
1690 2780 1788 2828 euntes
1811 2774 1839 2829 iu

200 2845 306 2899 liiciilfo
318 2844 521 2916 archiepiscopo
535 2845 700 2916 bloguntiuo,
719 2843 790 2898 illins
804 2856 869 2896 vero
881 2842 993 2912 presby·
1045 2842 1145 2897 Emaus
1169 2852 1262 2898 tuntuo
1287 2791 1443 2901 conierrent
1463 2863 1469 2900 ι
1490 2846 1663 2915 ctuumplus
1680 2843 1840 2916 diligeretur

201 2924 298 2979 teram,
311 2915 356 2984 qui
373 2916 502 2985 magistro
512 2917 589 2987 pejor
602 2915 661 2979 luit,
676 2913 792 2968 llruonis
807 2911 995 2983 salisburgen-
1046 2912 1153 2967 al‘etro
1184 2930 1265 2984 quani
1284 2917 1317 2970 ali
1331 2915 1392 2971 aliis
1418 2916 1484 2972 disci
1506 2916 1577 2971 ulis:
1593 2930 1674 2986 quem
1692 2923 1837 2985 propterea

199 2985 237 3040 sis
259 2985 435 3055 providentiae
454 2988 633 3041 committeret
649 3003 656 3039 ι
671 2983 749 3038 aliter
769 2994 860 3039 lanicii
880 2984 994 3054 posthac
1045 2982 1214 3064 agobardus,
1229 2987 1346 3042 noudum
1362 2930 1505 3057 episcopii
1522 2986 1684 3041 anctoritate
1717 2986 1838 3051 reditus,

198 3056 286 3109 risum
309 3063 350 3111 est
372 3063 398 3110 et
420 3057 584 3122 ordinatum,
609 3064 639 3109 ut
659 3054 733 3109 Felix
760 3055 995 3110 commendaretur
1046 3053 1189 3124 aliqnando
1210 3058 1369 3112 coramsnis'
1384 3057 1568 3120 familiaribus,
1581 3057 1680 3128 quibus
1695 2999 1771 3110 Felix
1788 3056 1839 3112 bos

198 3125 401 3182 cirtaeLaidradi
412 3127 531 3198 episcopi
541 3126 736 3198 Lugdunensis,
746 3126 791 3196 qui
801 3125 876 3180 illuiu
888 3128 1029 3193 teneretc
1044 3139 1107 3180 suos
1128 3141 1235 3182 errores
1255 3129 1418 3196 persuadere
1432 3126 1592 3192 certabatur,
1616 3128 1643 3180 iit
1658 3126 1768 3181 silentio
1793 3142 1838 3183 re·

197 3205 225 3251 ct
237 3197 374 3267 probaret,
391 3196 413 3251 ai
425 3212 519 3253 reruni
531 3206 612 3262 essct,
628 3195 700 3266 quod
714 3210 743 3251 se
759 3196 848 3251 aiebat
863 3195 993 3250 credidis·
1042 3197 1195 3320 prehendit,
1210 3206 1238 3252 et
1249 3207 1279 3252 at
1293 3200 1393 3254 rectius
1416 3198 1539 3262 sentiret,
1566 3197 1718 3252 admonuit.
1733 3195 1837 3252 Verum

197 3281 238 3329 se,
266 3274 315 3321 ret
337 3267 360 3321 si
376 3282 425 3335 per
441 3268 568 3337 epistolas
580 3283 642 3322 suas
659 3267 788 3322 damnare
801 3265 882 3320 vellet
902 3264 993 3334 prisli·
1055 3266 1160 3321 'eliceut
1182 3268 1214 3321 ad
1230 3269 1310 3322 linem
1331 3285 1362 3325 us
1383 3285 1415 3323 ue
1428 3270 1489 3324 ritae
1513 3283 1568 3324 suae
1586 3267 1710 3339 pristinis
1720 3267 1779 3322 stris
1791 3284 1837 3322 er-

198 3348 263 3389 uunt
278 3352 356 3391 suum
372 3351 525 3404 errorem·
543 3347 574 3392 nt
586 3336 670 3392 refert
683 3335 814 3392 Alcninns
826 3335 930 3406 aquila
943 3350 992 3392 suu
1042 3337 1150 3391 roribus
1172 3338 1317 3393 adhaesisse
1342 3287 1470 3395 scitedula
1494 3340 1529 3394 ab
1554 3339 1612 3409 ipso
1625 3339 1727 3408 scriptu
1742 3337 1838 3394 relicta

199 3405 226 3458 iii
239 3407 319 3475 epist.
336 3406 399 3460 lib.
1041 3407 1169 3531 groilidit,
1184 3417 1215 3462 ut
1230 3409 1299 3464 idem
1311 3410 1469 3478 agobardus
1490 3417 1604 3464 testatur
1629 3409 1680 3464 loc.
1696 3409 1741 3465 cit.
1756 3423 1836 3491 capp.

233 3475 314 3546 935
333 3475 375 3529 Ll.
394 3472 505 3530 Eulaeo
522 3475 710 3546 consessionem
729 3491 785 3530 aar
803 3473 866 3544 fidei
887 3490 992 3545 compo·
1063 3476 1176 3542 ,oeta
1196 3477 1382 3536 Felirobiissc
1398 3479 1658 3536 crediturcircaeu.
1678 3480 1740 3537 tiit.
1770 3480 1839 3537 l'nte

197 3546 250 3598 snit
262 3555 286 3599 rt
304 3544 426 3615 tiulqoeit.
440 3576 476 3586 -
490 3546 565 3601 Felix
580 3547 587 3599 i
608 3547 663 3599 itur
674 3547 723 3600 sub
736 3545 859 3600 custodia
879 3543 991 3598 Laidra·
1042 3547 1209 3615 bladinum,
1243 3564 1285 3618 ag.
1297 3550 1361 3616 iil,
1382 3565 1457 3606 uum.
1472 3549 1505 3604 ΙΙ
1527 3549 1642 3623 (Potrol.
1659 3558 1725 3605 totu.
1739 3548 1836 3615 xilla,

199 3614 226 3667 di
244 3616 363 3670 existens
376 3625 404 3668 et
417 3616 488 3671 illitis
499 3617 548 3672 alis
562 3564 643 3671 dnLio
657 3630 747 3677 suasu,
764 3624 843 3686 prout
854 3629 887 3668 er
901 3615 991 3670 citatis
1041 3617 1093 3674 col.
1116 3617 1195 3689 58d);
1220 3564 1289 3676 Lissi.
1314 3620 1367 3676 Lit.
1392 3620 1516 3678 Franciae
1530 3628 1596 3677 ιοιιι.
1614 3621 1658 3685 lv,
1703 3635 1745 3692 ag.
1770 3619 1835 3677 ΙόΙ.

200 3699 262 3738 tnox
292 3685 384 3740 serbis
408 3687 515 3740 Aletrini
541 3687 676 3756 conjicere
699 3685 771 3750 licet,
794 3685 990 3741 confessionem
1076 3688 1141 3744 Lll'.
1162 3689 1252 3745 ditem
1270 3706 1359 3762 pugna
1383 3691 1488 3747 alcuini
1505 3708 1563 3748 cum
1579 3636 1723 3762 Elipeus.
1741 3690 1837 3746 -ΑΙ

198 3768 381 3825 enumquam
400 3771 479 3828 snpra
494 3756 677 3821 exhibuimus,
701 3755 853 3826 scripsitad
866 3756 990 3812 sacerdo·
1041 3766 1111 3825 tera,
1130 3773 1210 3829 quam
1233 3760 1361 3817 lileuinns
1372 3776 1422 3831 pro
1437 3763 1552 3818 veritate
1568 3762 1701 3818 catholica
1729 3761 1837 3833 ingrcs-

197 3833 249 3889 tes,
268 3826 382 3882 clericos
405 3835 570 3911 ceterosque
593 3826 687 3881 fideles
713 3841 769 3881 sne
793 3826 928 3881 diocesis.
951 3825 990 3881 lbi
1040 3844 1087 3885 sus
1101 3837 1151 3895 est,
1167 3845 1255 3903 pugna
1268 3832 1318 3887 fuit
1330 3847 1392 3888 cum
1405 3833 1463 3902 ipso
1477 3832 1608 3904 Elipando
1627 3831 1837 3902 archiepiscopo

196 3897 284 3965 primo
295 3904 462 3952 contestatur
478 3910 509 3952 sc
523 3914 548 3952 tn
563 3897 678 3952 concilio
694 3895 918 3967 aquisgranensi,
935 3910 989 3952 uoti
1040 3899 1181 3965 Toletano,
1207 3902 1336 3971 primario
1362 3904 1463 3958 erroris
1480 3919 1527 3959 seu
1542 3910 1653 3958 auctore
1665 3917 1713 3958 sen
1725 3916 1838 3972 pronio-

197 3965 324 4021 riolentia
343 3969 439 4037 queris
465 3968 644 4039 compulsum,
672 3968 719 4022 sed
746 3968 908 4022 auctoritate
928 3981 991 4022 sau·
1040 3979 1108 4025 tore.
1134 3970 1309 4027 Occasionem
1334 3975 1476 4028 certamini
1501 3974 1573 4030 dedit
1591 3973 1704 4044 epistola
1727 3973 1838 4029 alcuini

196 4044 303 4091 ctorem
315 4037 426 4092 Patrem
440 4047 467 4093 et
479 4054 593 4094 arumna
608 4038 680 4093 sedis
693 4037 862 4101 convictum
882 4036 916 4092 ad
928 4037 990 4091 aui·
1039 4041 1074 4095 ad
1086 4041 1257 4111 Elipandum,
1282 4051 1309 4097 et
1320 4041 1399 4111 htijiis
1416 4045 1451 4097 ad
1468 4045 1541 4099 illam
1552 4043 1737 4114 responsoria,
1749 4059 1836 4114 quam

196 4107 328 4161 versalem
347 4107 492 4164 Ecclesiam
505 4125 558 4164 nou
576 4108 709 4172 sinndate,
726 4115 756 4163 ut
778 4106 989 4176 quaedamsed
1039 4119 1183 4181 utramque
1206 4112 1280 4183 legas
1293 4129 1385 4182 supra.
1410 4116 1564 4186 Antequam
1588 4130 1653 4171 reio
1675 4115 1703 4170 itt
1721 4128 1837 4169 enarra·

196 4190 261 4230 sera
275 4178 365 4232 cordis
375 4179 534 4234 credulitate
549 4187 576 4233 ct
589 4180 645 4234 oris
667 4177 836 4248 professione
851 4191 989 4232 reversum
1039 4182 1112 4237 tione
1122 4181 1201 4250 ludus
1210 4198 1305 4254 pugnae
1316 4183 1430 4240 ulterius
1440 4184 1654 4256 progrediamur,
1668 4183 1751 4240 dubia
1761 4200 1838 4256 qner-

196 4245 290 4327 lnissc.
319 4247 442 4329 Secundo
460 4250 556 4319 dogma
569 4249 741 4312 catholicum,
766 4248 837 4318 quod
860 4262 932 4303 nunc
947 4260 990 4329 re-
1039 4252 1101 4307 dam
1122 4253 1323 4338 chronologica,
1337 4270 1398 4324 quaa
1416 4255 1580 4311 anounullis
1593 4256 1666 4311 cirea
1684 4254 1759 4310 itam
1775 4270 1836 4310 ruo-

193 4318 275 4385 Jectis
297 4318 432 4399 prioribus
457 4319 596 4374 erroribus
623 4319 764 4390 aiupletus
788 4326 839 4384 est,
867 4325 986 4389 exponit,
1038 4335 1102 4378 rere
1115 4324 1213 4390 solent,
1240 4325 1410 4381 dissoluenda
1429 4334 1568 4395 sunt,qno
1581 4327 1627 4380 lux
1641 4324 1837 4383 i'eritatisdis·

196 4401 229 4442 111
250 4386 402 4442 1111111Ίῦ11
427 4388 987 4458 11111111111110110111111111111111ᾱ111111131,
1039 4393 1134 4462 sipatis
1158 4394 1264 4451 nebulis
1289 4397 1390 4452 clarius
1414 4397 1557 4452 elucescat.
1582 4395 1703 4453 Primum
1731 4405 1776 4451 est
1799 4396 1837 4453 de

196 4457 230 4510 ad
252 4459 323 4527 quod
347 4457 498 4512 faciendum
513 4461 594 4513 etiam
619 4472 683 4513 auos
705 4459 874 4512 cohortatur.
892 4457 987 4512 Tertio
1001 4486 1027 4547 D
1039 4473 1160 4534 tempore
1174 4465 1279 4521 itineris
1300 4481 1354 4536 qno
1377 4465 1539 4532 Laidradus,
1557 4465 1734 4524 Nefridiuset
1747 4467 1836 4523 Bene·

196 4526 267 4582 lianc
276 4542 352 4582 suam
369 4528 562 4597 professionem
573 4528 752 4598 quorumdam
765 4536 921 4584 sanctornm
935 4525 987 4582 Pa·
1037 4535 1126 4590 dictus
1150 4533 1234 4591 abbas
1255 4535 1416 4592 liniaueusis
1442 4536 1469 4591 in
1498 4537 1655 4607 llispaniain
1696 4552 1726 4593 io
1752 4537 1835 4592 redu.

195 4603 268 4651 trum
280 4599 422 4654 sententiis
440 4599 595 4655 confirmat.
684 4668 691 4681 .
1037 4603 1124 4660 cende
1144 4604 1235 4660 Felice
1255 4613 1283 4662 et
1306 4622 1400 4663 ermre
1414 4607 1485 4664 illins
1503 4623 1664 4679 coiupescen
1683 4605 1832 4677 eprofeeti

229 4665 283 4747 ΙΙΙ.
313 4667 352 4722 De
380 4669 429 4723 lior
455 4668 552 4724 Felicis
579 4667 740 4750 confessione
765 4676 790 4722 et
809 4668 987 4750 Ιιιιιιιιιίιιιι
1037 4682 1110 4731 sunt.
1125 4674 1326 4747 Alterum,q00
1341 4678 1525 4749 antimi-ipra
1542 4678 1578 4734 gp
1594 4678 1708 4750 gppana
1721 4678 1834 4733 pippini

194 4733 325 4818 glorietur
336 4737 472 4794 illeniiun.
491 4769 526 4780 -
541 4738 597 4795 llac
610 4739 681 4793 edita
700 4737 869 4793 confessione
883 4738 916 4795 de
933 4738 986 4795 lide
1035 4745 1070 4801 ad
1097 4744 1256 4815 Elipaudum
1279 4748 1461 4804 cohortatoria
1475 4749 1509 4803 ad
1522 4750 1684 4805 catholicam
1704 4747 1786 4803 fldem
1806 4756 1835 4803 et

194 4812 222 4860 et
247 4807 402 4863 sincerittte
428 4809 525 4866 Felicis
549 4824 629 4864 tiemo
655 4808 770 4879 amplius
790 4807 932 4876 dubitarit,
957 4817 985 4865 et
1036 4813 1117 4886 hujus
1128 4818 1163 4872 ad
1175 4815 1246 4871 illam
1264 4818 1445 4905 responsoria.
1462 4818 1593 4885 Tertium,
1609 4835 1664 4890 quo
1676 4834 1750 4874 anno
1764 4819 1834 4873 scri.

194 4874 323 4959 dnlcuinua
351 4893 404 4932 riou
420 4879 502 4934 semel
516 4880 635 4934 duillius
649 4879 835 4943 conversione,
859 4893 908 4934 stia
927 4894 984 4933 ma·
1035 4893 1081 4958 pta
1103 4887 1139 4940 sit
1164 4887 1277 4956 epistola
1300 4888 1422 4959 Llipaudi
1447 4888 1481 4945 ad
1505 4889 1635 4947 Felicem.
1659 4888 1722 4946 llaec
1747 4890 1833 4962 igitur

196 4960 268 5001 riute
281 4959 364 5017 opera
394 4957 527 5012 roeurata,
539 4949 679 5020 gloriatur,
705 4963 818 5030 eamque
832 4963 983 5017 procurem·
1036 4957 1129 5028 paucis
1149 4958 1333 5028 expediamus.

193 4963 982 5159 llittililllllllltll‘hlultll'titel
1285 5070 1416 5129 um
1431 5071 1576 5129 aiiii.

194 5159 526 5229 moriscomggoemggg
534 5160 680 5215 miserante
691 5160 853 5215 catholicum
867 5159 979 5216 epm,
1036 5153 1068 5193 ue
1086 5155 1147 5195 aino
1164 5154 1273 5195 tritanu
1288 5158 1415 5198 ittuntur
1433 5160 1465 5199 iic
1482 5158 1612 5200 socionntt
1631 5157 1658 5198 ut
1675 5156 1833 5199 utsrtattu.

194 5225 231 5280 Et
244 5228 323 5298 patilo
336 5239 397 5299 post
410 5247 418 5313 3
434 5247 443 5280 ι
459 5229 536 5284 llluin
550 5229 686 5313 Felicetn,
706 5245 787 5300 quem
807 5238 835 5284 tu
848 5231 982 5314 charitate
1071 5229 1125 5287 LV.
1146 5229 1296 5315 Loidrudnt
1315 5250 1375 5287 cnut
1388 5237 1465 5316 aeriis
1487 5236 1526 5292 tn
1552 5238 1580 5291 in
1595 5232 1755 5305 Hispaniam
1769 5238 1835 5291 urit·

195 5300 982 5426 tlaltttltiht'httll⁵t⁰sttltt⁰itiiifh¹lt
1035 5302 1833 5442 tltiia.ltltl‘l”talantii-'illl'ltl³⁰¹¹¹tlt}

194 5437 290 5491 eodeni
304 5440 399 5495 scribit
414 5459 420 5495 :
438 5459 448 5491 t
465 5440 539 5497 Felix
552 5441 615 5496 olim
640 5441 724 5497 vestri
747 5442 849 5496 erroris
874 5442 978 5498 eatenis
1029 5442 1142 5498 bunensi
1157 5450 1185 5498 et
1198 5415 1342 5499 Beneilieto
1360 5445 1456 5502 abbate
1469 5392 1754 5511 arrianistpcssiiio
1776 5446 1836 5505 lia·

194 5504 491 5581 robiacnmcolligatus,
504 5526 576 5566 nunc
590 5512 644 5567 lleo
663 5511 810 5567 miserante
825 5511 979 5568 rationabili
1031 5528 1084 5638 gno
1103 5513 1257 5578 niaudante,
1276 5514 1338 5570 bina
1358 5516 1417 5572 rice
1440 5518 1467 5572 iii
1480 5528 1573 5588 partes
1597 5517 1748 5588 llispauiae,
1765 5527 1833 5577 tune

194 5571 376 5657 disputatione
386 5582 559 5636 convietus...
575 5588 603 5635 et
626 5581 653 5635 iu
667 5581 807 5636 catholicae
822 5583 897 5651 pacis
913 5597 979 5636 iina-

195 5654 346 5727 ttuuttatcui
371 5652 497 5705 reductus
522 5660 565 5706 est
581 5659 627 5704 :ct
652 5664 732 5721 quein
763 5665 812 5705 ros
847 5652 980 5708 habuistis
1033 5652 1117 5707 fuisse
1133 5654 1270 5720 docemur,
1291 5664 1347 5710 tum
1373 5658 1512 5729 exipsius
1537 5658 1634 5714 Felicis
1653 5655 1833 5718 cottfessione

194 5726 387 5783 quasiscaturn
405 5718 527 5786 terhate
550 5728 657 5788 restrae,
681 5734 754 5775 nunc
776 5718 897 5777 Ecclesia
918 5737 980 5778 eum
1034 5723 1174 5779 catholiea
1196 5723 1269 5794 olet,
1285 5733 1342 5781 tuin
1357 5743 1390 5782 ex
1411 5729 1524 5800 epistola
1543 5728 1649 5785 alcuini
1667 5729 1702 5784 ad
1715 5731 1831 5789 eosdettt

1057 5583 1155 5637 rancia
1184 5583 1334 5652 subiectas,
1365 5586 1488 5657 Urgellas
1509 5587 1660 5658 praeprimis
1690 5586 1833 5658 proiectos
