<?xml version="1.0" encoding="UTF-8"?>
<!DOCTYPE html PUBLIC "-//W3C//DTD XHTML 1.0 Transitional//EN"
    "http://www.w3.org/TR/xhtml1/DTD/xhtml1-transitional.dtd">
<html xmlns="http://www.w3.org/1999/xhtml" xml:lang="en" lang="en">
 <head>
  <title>
</title>
<meta http-equiv="Content-Type" content="text/html;charset=utf-8" />
  <meta name='ocr-system' content='tesseract 3.04.00' />
  <meta name='ocr-capabilities' content='ocr_page ocr_carea ocr_par ocr_line ocrx_word'/>
</head>
<body>
  <div class='ocr_page' id='page_1' title='image "./patrologiaecurs25goog/patrologiaecurs25goog_0478.png"; bbox 0 0 3780 6120; ppageno 0'>
   <div class='ocr_carea' id='block_1_1' title="bbox 128 244 1753 306">
    <p class='ocr_par' dir='ltr' id='par_1_1' title="bbox 128 244 1753 306">
     <span class='ocr_line' id='line_1_1' title="bbox 128 244 1753 306; baseline -0.002 -1"><span class='ocrx_word' id='word_1_1' title='bbox 128 249 178 305; x_wconf 85' lang='lat' dir='ltr'><strong>titi</strong></span> <span class='ocrx_word' id='word_1_2' title='bbox 533 248 771 306; x_wconf 80' lang='lat' dir='ltr'><strong>moascutica.</strong></span> <span class='ocrx_word' id='word_1_3' title='bbox 791 280 826 291; x_wconf 88' lang='lat'><strong>—-</strong></span> <span class='ocrx_word' id='word_1_4' title='bbox 845 245 982 304; x_wconf 73' lang='lat' dir='ltr'><strong>DlALOG.</strong></span> <span class='ocrx_word' id='word_1_5' title='bbox 1003 245 1046 303; x_wconf 82' lang='lat' dir='ltr'><strong>DE</strong></span> <span class='ocrx_word' id='word_1_6' title='bbox 1060 247 1163 304; x_wconf 76' lang='lat' dir='ltr'><strong>iiiiEl.</strong></span> <span class='ocrx_word' id='word_1_7' title='bbox 1184 246 1228 304; x_wconf 77' lang='lat' dir='ltr'><strong>Ei</strong></span> <span class='ocrx_word' id='word_1_8' title='bbox 1248 244 1339 304; x_wconf 78' lang='lat' dir='ltr'><strong>iiiii.</strong></span> <span class='ocrx_word' id='word_1_9' title='bbox 1698 245 1753 304; x_wconf 62' lang='lat' dir='ltr'><strong>bii.</strong></span> 
     </span>
    </p>
   </div>
   <div class='ocr_carea' id='block_1_2' title="bbox 70 358 1824 1972">
    <p class='ocr_par' dir='ltr' id='par_1_2' title="bbox 70 358 1824 1972">
     <span class='ocr_line' id='line_1_2' title="bbox 126 358 1752 434; baseline 0.001 -18"><span class='ocrx_word' id='word_1_10' title='bbox 126 359 298 434; x_wconf 87' lang='lat' dir='ltr'><strong>gnificamus‚</strong></span> <span class='ocrx_word' id='word_1_11' title='bbox 320 370 350 415; x_wconf 90' lang='lat' dir='ltr'><strong>ut</strong></span> <span class='ocrx_word' id='word_1_12' title='bbox 370 376 421 432; x_wconf 94' lang='lat' dir='ltr'><strong>pro</strong></span> <span class='ocrx_word' id='word_1_13' title='bbox 440 367 496 416; x_wconf 88' lang='lat' dir='ltr'><strong>tota</strong></span> <span class='ocrx_word' id='word_1_14' title='bbox 512 358 593 418; x_wconf 89' lang='lat' dir='ltr'><strong>domo</strong></span> <span class='ocrx_word' id='word_1_15' title='bbox 612 371 706 418; x_wconf 86' lang='lat' dir='ltr'><strong>tectum</strong></span> <span class='ocrx_word' id='word_1_16' title='bbox 724 360 855 427; x_wconf 85' lang='lat' dir='ltr'><strong>dicamus,</strong></span> <span class='ocrx_word' id='word_1_17' title='bbox 869 369 916 416; x_wconf 92' lang='lat' dir='ltr'><strong>aut</strong></span> <span class='ocrx_word' id='word_1_18' title='bbox 929 363 956 421; x_wconf 75' lang='lat' dir='ltr'>A</span> <span class='ocrx_word' id='word_1_19' title='bbox 968 366 1067 425; x_wconf 87' lang='lat' dir='ltr'><strong>motus,</strong></span> <span class='ocrx_word' id='word_1_20' title='bbox 1081 375 1141 430; x_wconf 84' lang='lat' dir='ltr'><strong>quae</strong></span> <span class='ocrx_word' id='word_1_21' title='bbox 1154 375 1207 415; x_wconf 90' lang='lat' dir='ltr'><strong>non</strong></span> <span class='ocrx_word' id='word_1_22' title='bbox 1222 368 1278 415; x_wconf 91' lang='lat' dir='ltr'><strong>tam</strong></span> <span class='ocrx_word' id='word_1_23' title='bbox 1291 358 1359 414; x_wconf 91' lang='lat' dir='ltr'><strong>artis</strong></span> <span class='ocrx_word' id='word_1_24' title='bbox 1372 366 1445 423; x_wconf 85' lang='lat' dir='ltr'><strong>sunt,</strong></span> <span class='ocrx_word' id='word_1_25' title='bbox 1460 373 1540 429; x_wconf 89' lang='lat' dir='ltr'><strong>quam</strong></span> <span class='ocrx_word' id='word_1_26' title='bbox 1553 359 1662 417; x_wconf 87' lang='lat' dir='ltr'><strong>laboris.</strong></span> <span class='ocrx_word' id='word_1_27' title='bbox 1681 362 1752 418; x_wconf 79' lang='lat' dir='ltr'><strong>titia</strong></span> 
     </span>
     <span class='ocr_line' id='line_1_3' title="bbox 126 447 1752 523; baseline 0 -17"><span class='ocrx_word' id='word_1_28' title='bbox 126 466 177 523; x_wconf 91' lang='lat' dir='ltr'><strong>pro</strong></span> <span class='ocrx_word' id='word_1_29' title='bbox 190 449 270 504; x_wconf 89' lang='lat' dir='ltr'><strong>undis</strong></span> <span class='ocrx_word' id='word_1_30' title='bbox 282 467 365 504; x_wconf 84' lang='lat' dir='ltr'><strong>mure.</strong></span> <span class='ocrx_word' id='word_1_31' title='bbox 965 464 1083 520; x_wconf 90' lang='lat' dir='ltr'><strong>quoque,</strong></span> <span class='ocrx_word' id='word_1_32' title='bbox 1098 450 1121 505; x_wconf 94' lang='lat' dir='ltr'><strong>si</strong></span> <span class='ocrx_word' id='word_1_33' title='bbox 1134 464 1194 519; x_wconf 88' lang='lat' dir='ltr'><strong>quae</strong></span> <span class='ocrx_word' id='word_1_34' title='bbox 1207 447 1298 523; x_wconf 73' lang='lat' dir='ltr'><strong>illas,</strong></span> <span class='ocrx_word' id='word_1_35' title='bbox 1312 447 1376 520; x_wconf 76' lang='lat' dir='ltr'><strong>qual</strong></span> <span class='ocrx_word' id='word_1_36' title='bbox 1390 456 1468 513; x_wconf 86' lang='lat' dir='ltr'><strong>sunt,</strong></span> <span class='ocrx_word' id='word_1_37' title='bbox 1484 449 1540 504; x_wconf 91' lang='lat' dir='ltr'><strong>oris</strong></span> <span class='ocrx_word' id='word_1_38' title='bbox 1551 448 1672 519; x_wconf 71' lang='lat' dir='ltr'><strong>diligenti</strong></span> <span class='ocrx_word' id='word_1_39' title='bbox 1685 463 1752 506; x_wconf 86' lang='lat' dir='ltr'><strong>cura</strong></span> 
     </span>
     <span class='ocr_line' id='line_1_4' title="bbox 161 537 1753 612; baseline -0.001 -17"><span class='ocrx_word' id='word_1_40' title='bbox 161 538 229 595; x_wconf 80' lang='lat' dir='ltr'><strong>Can.</strong></span> <span class='ocrx_word' id='word_1_41' title='bbox 245 538 338 607; x_wconf 89' lang='lat' dir='ltr'><strong>Qualis</strong></span> <span class='ocrx_word' id='word_1_42' title='bbox 355 548 462 609; x_wconf 90' lang='lat' dir='ltr'><strong>oportet</strong></span> <span class='ocrx_word' id='word_1_43' title='bbox 480 541 515 594; x_wconf 92' lang='lat' dir='ltr'><strong>sit</strong></span> <span class='ocrx_word' id='word_1_44' title='bbox 533 539 679 597; x_wconf 82' lang='lat' dir='ltr'><strong>verborum</strong></span> <span class='ocrx_word' id='word_1_45' title='bbox 695 539 916 612; x_wconf 81' lang='lat' dir='ltr'><strong>conjunctioi-</strong></span> <span class='ocrx_word' id='word_1_46' title='bbox 966 540 1214 598; x_wconf 87' lang='lat' dir='ltr'><strong>suutemcndauda.</strong></span> <span class='ocrx_word' id='word_1_47' title='bbox 1230 540 1286 595; x_wconf 87' lang='lat' dir='ltr'><strong>Nec</strong></span> <span class='ocrx_word' id='word_1_48' title='bbox 1297 540 1379 594; x_wconf 85' lang='lat' dir='ltr'><strong>rerba</strong></span> <span class='ocrx_word' id='word_1_49' title='bbox 1391 539 1446 594; x_wconf 90' lang='lat' dir='ltr'><strong>sint</strong></span> <span class='ocrx_word' id='word_1_50' title='bbox 1459 537 1548 593; x_wconf 87' lang='lat' dir='ltr'><strong>inflata</strong></span> <span class='ocrx_word' id='word_1_51' title='bbox 1560 538 1603 592; x_wconf 87' lang='lat' dir='ltr'><strong>rel</strong></span> <span class='ocrx_word' id='word_1_52' title='bbox 1615 537 1753 608; x_wconf 85' lang='lat' dir='ltr'><strong>anhelata,</strong></span> 
     </span>
     <span class='ocr_line' id='line_1_5' title="bbox 125 627 1753 701; baseline -0.001 -14"><span class='ocrx_word' id='word_1_53' title='bbox 125 627 306 687; x_wconf 72' lang='lat' dir='ltr'><strong>manerem</strong></span> <span class='ocrx_word' id='word_1_54' title='bbox 313 631 495 700; x_wconf 89' lang='lat' dir='ltr'><strong>etcomposita</strong></span> <span class='ocrx_word' id='word_1_55' title='bbox 503 639 694 701; x_wconf 88' lang='lat' dir='ltr'><strong>etcompacta;</strong></span> <span class='ocrx_word' id='word_1_56' title='bbox 704 640 790 688; x_wconf 87' lang='lat' dir='ltr'><strong>utnec</strong></span> <span class='ocrx_word' id='word_1_57' title='bbox 800 632 836 687; x_wconf 91' lang='lat' dir='ltr'><strong>sit</strong></span> <span class='ocrx_word' id='word_1_58' title='bbox 845 630 916 686; x_wconf 89' lang='lat' dir='ltr'><strong>biul-</strong></span> <span class='ocrx_word' id='word_1_59' title='bbox 965 631 1007 687; x_wconf 83' lang='lat' dir='ltr'><strong>vel</strong></span> <span class='ocrx_word' id='word_1_60' title='bbox 1024 632 1052 686; x_wconf 92' lang='lat' dir='ltr'><strong>in</strong></span> <span class='ocrx_word' id='word_1_61' title='bbox 1067 631 1191 687; x_wconf 88' lang='lat' dir='ltr'><strong>faucibus</strong></span> <span class='ocrx_word' id='word_1_62' title='bbox 1206 629 1372 695; x_wconf 74' lang='lat' dir='ltr'><strong>frendentia,</strong></span> <span class='ocrx_word' id='word_1_63' title='bbox 1392 644 1443 685; x_wconf 90' lang='lat' dir='ltr'><strong>nec</strong></span> <span class='ocrx_word' id='word_1_64' title='bbox 1457 629 1513 685; x_wconf 91' lang='lat' dir='ltr'><strong>oris</strong></span> <span class='ocrx_word' id='word_1_65' title='bbox 1528 628 1657 683; x_wconf 90' lang='lat' dir='ltr'><strong>inanitate</strong></span> <span class='ocrx_word' id='word_1_66' title='bbox 1676 643 1753 685; x_wconf 87' lang='lat' dir='ltr'><strong>reso·</strong></span> 
     </span>
     <span class='ocr_line' id='line_1_6' title="bbox 125 719 1824 796; baseline -0.002 -17"><span class='ocrx_word' id='word_1_67' title='bbox 125 738 157 779; x_wconf 87' lang='lat' dir='ltr'><strong>ca</strong></span> <span class='ocrx_word' id='word_1_68' title='bbox 165 719 367 787; x_wconf 68' lang='lat' dir='ltr'><strong>vocalibusut:</strong></span> <span class='ocrx_word' id='word_1_69' title='bbox 376 721 487 776; x_wconf 83' lang='lat' dir='ltr'><strong>Placido</strong></span> <span class='ocrx_word' id='word_1_70' title='bbox 494 739 561 777; x_wconf 88' lang='lat' dir='ltr'><strong>auru</strong></span> <span class='ocrx_word' id='word_1_71' title='bbox 568 724 651 778; x_wconf 82' lang='lat' dir='ltr'><strong>adest.</strong></span> <span class='ocrx_word' id='word_1_72' title='bbox 660 723 714 780; x_wconf 88' lang='lat' dir='ltr'><strong>Nec</strong></span> <span class='ocrx_word' id='word_1_73' title='bbox 722 739 817 796; x_wconf 91' lang='lat' dir='ltr'><strong>aspera</strong></span> <span class='ocrx_word' id='word_1_74' title='bbox 823 739 918 781; x_wconf 89' lang='lat' dir='ltr'><strong>conso·</strong></span> <span class='ocrx_word' id='word_1_75' title='bbox 965 721 1068 788; x_wconf 87' lang='lat' dir='ltr'><strong>nantia,</strong></span> <span class='ocrx_word' id='word_1_76' title='bbox 1084 736 1138 778; x_wconf 88' lang='lat' dir='ltr'><strong>non</strong></span> <span class='ocrx_word' id='word_1_77' title='bbox 1152 735 1248 790; x_wconf 90' lang='lat' dir='ltr'><strong>aspera</strong></span> <span class='ocrx_word' id='word_1_78' title='bbox 1262 719 1448 776; x_wconf 78' lang='lat' dir='ltr'><strong>frendentibus</strong></span> <span class='ocrx_word' id='word_1_79' title='bbox 1462 719 1596 785; x_wconf 79' lang='lat' dir='ltr'><strong>dentibus,</strong></span> <span class='ocrx_word' id='word_1_80' title='bbox 1608 734 1663 774; x_wconf 91' lang='lat' dir='ltr'><strong>non</strong></span> <span class='ocrx_word' id='word_1_81' title='bbox 1676 719 1754 775; x_wconf 83' lang='lat' dir='ltr'><strong>bien·</strong></span> <span class='ocrx_word' id='word_1_82' title='bbox 1821 757 1824 761; x_wconf 78' lang='lat'><strong>·</strong></span> 
     </span>
     <span class='ocr_line' id='line_1_7' title="bbox 127 804 1802 881; baseline 0.001 -19"><span class='ocrx_word' id='word_1_83' title='bbox 127 804 266 870; x_wconf 81' lang='lat' dir='ltr'><strong>nantibus,</strong></span> <span class='ocrx_word' id='word_1_84' title='bbox 275 813 321 860; x_wconf 93' lang='lat' dir='ltr'><strong>ut:</strong></span> <span class='ocrx_word' id='word_1_85' title='bbox 334 805 447 861; x_wconf 75' lang='lat' dir='ltr'><strong>Multum</strong></span> <span class='ocrx_word' id='word_1_86' title='bbox 455 806 500 861; x_wconf 84' lang='lat' dir='ltr'><strong>ille</strong></span> <span class='ocrx_word' id='word_1_87' title='bbox 510 807 590 878; x_wconf 76' lang='lat' dir='ltr'><strong>luget.</strong></span> <span class='ocrx_word' id='word_1_88' title='bbox 599 807 655 864; x_wconf 87' lang='lat' dir='ltr'><strong>Nec</strong></span> <span class='ocrx_word' id='word_1_89' title='bbox 665 810 699 865; x_wconf 89' lang='lat' dir='ltr'><strong>ab</strong></span> <span class='ocrx_word' id='word_1_90' title='bbox 708 810 804 865; x_wconf 91' lang='lat' dir='ltr'><strong>ultima</strong></span> <span class='ocrx_word' id='word_1_91' title='bbox 812 810 916 881; x_wconf 80' lang='lat' dir='ltr'><strong>syllaba</strong></span> <span class='ocrx_word' id='word_1_92' title='bbox 966 810 1037 866; x_wconf 88' lang='lat' dir='ltr'><strong>tibus</strong></span> <span class='ocrx_word' id='word_1_93' title='bbox 1052 809 1134 866; x_wconf 90' lang='lat' dir='ltr'><strong>labris</strong></span> <span class='ocrx_word' id='word_1_94' title='bbox 1144 808 1260 880; x_wconf 90' lang='lat' dir='ltr'><strong>prolata,</strong></span> <span class='ocrx_word' id='word_1_95' title='bbox 1271 809 1318 864; x_wconf 88' lang='lat' dir='ltr'><strong>sed</strong></span> <span class='ocrx_word' id='word_1_96' title='bbox 1330 809 1444 879; x_wconf 75' lang='lat' dir='ltr'><strong>pressim</strong></span> <span class='ocrx_word' id='word_1_97' title='bbox 1457 817 1485 864; x_wconf 91' lang='lat' dir='ltr'><strong>et</strong></span> <span class='ocrx_word' id='word_1_98' title='bbox 1496 808 1665 878; x_wconf 67' lang='lat' dir='ltr'><strong>aequabiliter</strong></span> <span class='ocrx_word' id='word_1_99' title='bbox 1674 807 1753 881; x_wconf 81' lang='lat' dir='ltr'><strong>[lfr.,</strong></span> <span class='ocrx_word' id='word_1_100' title='bbox 1795 858 1802 871; x_wconf 84' lang='lat'><em>‚</em></span> 
     </span>
     <span class='ocr_line' id='line_1_8' title="bbox 70 896 1754 974; baseline 0.002 -24"><span class='ocrx_word' id='word_1_101' title='bbox 70 912 74 918; x_wconf 90' lang='grc'><strong><em>·</em></strong></span> <span class='ocrx_word' id='word_1_102' title='bbox 128 896 229 967; x_wconf 88' lang='lat' dir='ltr'><strong>prioris</strong></span> <span class='ocrx_word' id='word_1_103' title='bbox 242 896 318 952; x_wconf 80' lang='lat' dir='ltr'><strong>serbi</strong></span> <span class='ocrx_word' id='word_1_104' title='bbox 333 911 449 967; x_wconf 88' lang='lat' dir='ltr'><strong>sequeus</strong></span> <span class='ocrx_word' id='word_1_105' title='bbox 465 899 579 953; x_wconf 81' lang='lat' dir='ltr'><strong>verbum</strong></span> <span class='ocrx_word' id='word_1_106' title='bbox 599 898 727 969; x_wconf 88' lang='lat' dir='ltr'><strong>incipiat,</strong></span> <span class='ocrx_word' id='word_1_107' title='bbox 751 907 800 954; x_wconf 85' lang='lat' dir='ltr'><strong>ut:</strong></span> <span class='ocrx_word' id='word_1_108' title='bbox 824 899 917 956; x_wconf 80' lang='lat' dir='ltr'><strong>Prima</strong></span> <span class='ocrx_word' id='word_1_109' title='bbox 966 900 1116 974; x_wconf 81' lang='lat' dir='ltr'><strong>aqualiter]</strong></span> <span class='ocrx_word' id='word_1_110' title='bbox 1136 909 1164 957; x_wconf 89' lang='lat' dir='ltr'><strong>ct</strong></span> <span class='ocrx_word' id='word_1_111' title='bbox 1183 900 1280 956; x_wconf 90' lang='lat' dir='ltr'><strong>leniter</strong></span> <span class='ocrx_word' id='word_1_112' title='bbox 1300 909 1327 955; x_wconf 91' lang='lat' dir='ltr'><strong>et</strong></span> <span class='ocrx_word' id='word_1_113' title='bbox 1348 899 1419 955; x_wconf 85' lang='lat' dir='ltr'><strong>clare</strong></span> <span class='ocrx_word' id='word_1_114' title='bbox 1433 901 1624 969; x_wconf 90' lang='lat' dir='ltr'><strong>pronuntiata,</strong></span> <span class='ocrx_word' id='word_1_115' title='bbox 1647 906 1678 953; x_wconf 90' lang='lat' dir='ltr'><strong>ut</strong></span> <span class='ocrx_word' id='word_1_116' title='bbox 1697 900 1754 955; x_wconf 93' lang='lat' dir='ltr'><strong>suis</strong></span> 
     </span>
     <span class='ocr_line' id='line_1_9' title="bbox 128 984 1755 1063; baseline 0.002 -22"><span class='ocrx_word' id='word_1_117' title='bbox 128 995 222 1041; x_wconf 80' lang='lat' dir='ltr'><strong>meter.</strong></span> <span class='ocrx_word' id='word_1_118' title='bbox 230 984 285 1040; x_wconf 88' lang='lat' dir='ltr'><strong>Nee</strong></span> <span class='ocrx_word' id='word_1_119' title='bbox 296 986 382 1056; x_wconf 91' lang='lat' dir='ltr'><strong>prima</strong></span> <span class='ocrx_word' id='word_1_120' title='bbox 391 1000 451 1041; x_wconf 93' lang='lat' dir='ltr'><strong>cum</strong></span> <span class='ocrx_word' id='word_1_121' title='bbox 459 986 552 1041; x_wconf 92' lang='lat' dir='ltr'><strong>ultima</strong></span> <span class='ocrx_word' id='word_1_122' title='bbox 559 986 915 1058; x_wconf 86' lang='lat' dir='ltr'><strong>laciatobscoeuitatem,ut:</strong></span> <span class='ocrx_word' id='word_1_123' title='bbox 966 1007 1079 1063; x_wconf 83' lang='lat' dir='ltr'><strong>qumque</strong></span> <span class='ocrx_word' id='word_1_124' title='bbox 1092 993 1190 1048; x_wconf 84' lang='lat' dir='ltr'><strong>litterae</strong></span> <span class='ocrx_word' id='word_1_125' title='bbox 1201 992 1274 1048; x_wconf 89' lang='lat' dir='ltr'><strong>souis</strong></span> <span class='ocrx_word' id='word_1_126' title='bbox 1288 991 1476 1056; x_wconf 89' lang='lat' dir='ltr'><strong>erruncientur,</strong></span> <span class='ocrx_word' id='word_1_127' title='bbox 1496 999 1525 1045; x_wconf 92' lang='lat' dir='ltr'><strong>et</strong></span> <span class='ocrx_word' id='word_1_128' title='bbox 1542 990 1755 1060; x_wconf 86' lang='lat' dir='ltr'><strong>unumquodque</strong></span> 
     </span>
     <span class='ocr_line' id='line_1_10' title="bbox 130 1076 1755 1151; baseline 0.001 -20"><span class='ocrx_word' id='word_1_129' title='bbox 130 1076 278 1131; x_wconf 81' lang='lat' dir='ltr'><strong>Numerum</strong></span> <span class='ocrx_word' id='word_1_130' title='bbox 293 1092 426 1146; x_wconf 73' lang='lat' dir='ltr'><strong>numnam</strong></span> <span class='ocrx_word' id='word_1_131' title='bbox 438 1077 564 1132; x_wconf 78' lang='lat' dir='ltr'><strong>intellexi.</strong></span> <span class='ocrx_word' id='word_1_132' title='bbox 578 1078 731 1135; x_wconf 81' lang='lat' dir='ltr'><strong>Cauendum</strong></span> <span class='ocrx_word' id='word_1_133' title='bbox 745 1095 852 1151; x_wconf 91' lang='lat' dir='ltr'><strong>quoque</strong></span> <span class='ocrx_word' id='word_1_134' title='bbox 864 1088 916 1148; x_wconf 87' lang='lat' dir='ltr'><strong>est,</strong></span> <span class='ocrx_word' id='word_1_135' title='bbox 966 1081 1078 1136; x_wconf 85' lang='lat' dir='ltr'><strong>verbum</strong></span> <span class='ocrx_word' id='word_1_136' title='bbox 1091 1080 1211 1151; x_wconf 88' lang='lat' dir='ltr'><strong>legitimo</strong></span> <span class='ocrx_word' id='word_1_137' title='bbox 1223 1088 1336 1135; x_wconf 89' lang='lat' dir='ltr'><strong>accentu</strong></span> <span class='ocrx_word' id='word_1_138' title='bbox 1347 1078 1499 1143; x_wconf 87' lang='lat' dir='ltr'><strong>decoretur,</strong></span> <span class='ocrx_word' id='word_1_139' title='bbox 1513 1092 1564 1133; x_wconf 91' lang='lat' dir='ltr'><strong>nec</strong></span> <span class='ocrx_word' id='word_1_140' title='bbox 1575 1078 1755 1133; x_wconf 91' lang='lat' dir='ltr'><strong>immoderato</strong></span> 
     </span>
     <span class='ocr_line' id='line_1_11' title="bbox 128 1166 1753 1243; baseline 0 -20"><span class='ocrx_word' id='word_1_141' title='bbox 128 1181 165 1223; x_wconf 89' lang='lat' dir='ltr'><strong>nc</strong></span> <span class='ocrx_word' id='word_1_142' title='bbox 184 1166 274 1221; x_wconf 88' lang='lat' dir='ltr'><strong>iuauia</strong></span> <span class='ocrx_word' id='word_1_143' title='bbox 292 1167 374 1222; x_wconf 86' lang='lat' dir='ltr'><strong>verba</strong></span> <span class='ocrx_word' id='word_1_144' title='bbox 393 1181 446 1221; x_wconf 88' lang='lat' dir='ltr'><strong>non</strong></span> <span class='ocrx_word' id='word_1_145' title='bbox 468 1167 507 1222; x_wconf 91' lang='lat' dir='ltr'><strong>rei</strong></span> <span class='ocrx_word' id='word_1_146' title='bbox 528 1169 653 1239; x_wconf 88' lang='lat' dir='ltr'><strong>gerendae</strong></span> <span class='ocrx_word' id='word_1_147' title='bbox 672 1168 759 1242; x_wconf 85' lang='lat' dir='ltr'><strong>[lfm.,</strong></span> <span class='ocrx_word' id='word_1_148' title='bbox 775 1171 916 1243; x_wconf 78' lang='lat' dir='ltr'><strong>agendae1,</strong></span> <span class='ocrx_word' id='word_1_149' title='bbox 967 1170 1085 1227; x_wconf 83' lang='lat' dir='ltr'><strong>clamore</strong></span> <span class='ocrx_word' id='word_1_150' title='bbox 1098 1169 1271 1236; x_wconf 79' lang='lat' dir='ltr'><strong>vociferetur,</strong></span> <span class='ocrx_word' id='word_1_151' title='bbox 1286 1170 1329 1226; x_wconf 87' lang='lat' dir='ltr'><strong>rel</strong></span> <span class='ocrx_word' id='word_1_152' title='bbox 1345 1170 1534 1225; x_wconf 79' lang='lat' dir='ltr'><strong>ostentationis</strong></span> <span class='ocrx_word' id='word_1_153' title='bbox 1547 1184 1628 1224; x_wconf 92' lang='lat' dir='ltr'><strong>causa</strong></span> <span class='ocrx_word' id='word_1_154' title='bbox 1642 1167 1753 1241; x_wconf 87' lang='lat' dir='ltr'><strong>franga-</strong></span> 
     </span>
     <span class='ocr_line' id='line_1_12' title="bbox 126 1258 1753 1333; baseline 0.002 -20"><span class='ocrx_word' id='word_1_155' title='bbox 126 1259 175 1313; x_wconf 89' lang='lat' dir='ltr'><strong>sed</strong></span> <span class='ocrx_word' id='word_1_156' title='bbox 189 1264 334 1312; x_wconf 74' lang='lat' dir='ltr'><strong>structurae</strong></span> <span class='ocrx_word' id='word_1_157' title='bbox 354 1258 538 1314; x_wconf 91' lang='lat' dir='ltr'><strong>tantummodo</strong></span> <span class='ocrx_word' id='word_1_158' title='bbox 559 1259 701 1329; x_wconf 82' lang='lat' dir='ltr'><strong>implendae</strong></span> <span class='ocrx_word' id='word_1_159' title='bbox 723 1277 804 1316; x_wconf 90' lang='lat' dir='ltr'><strong>causa</strong></span> <span class='ocrx_word' id='word_1_160' title='bbox 824 1263 916 1333; x_wconf 86' lang='lat' dir='ltr'><strong>profc—</strong></span> <span class='ocrx_word' id='word_1_161' title='bbox 967 1263 1128 1327; x_wconf 91' lang='lat' dir='ltr'><strong>turoratio;</strong></span> <span class='ocrx_word' id='word_1_162' title='bbox 1151 1276 1245 1316; x_wconf 82' lang='lat' dir='ltr'><strong>verum</strong></span> <span class='ocrx_word' id='word_1_163' title='bbox 1259 1261 1395 1333; x_wconf 85' lang='lat' dir='ltr'><strong>pmlocis‚</strong></span> <span class='ocrx_word' id='word_1_164' title='bbox 1410 1262 1503 1328; x_wconf 89' lang='lat' dir='ltr'><strong>rebus,</strong></span> <span class='ocrx_word' id='word_1_165' title='bbox 1517 1262 1649 1333; x_wconf 91' lang='lat' dir='ltr'><strong>personis,</strong></span> <span class='ocrx_word' id='word_1_166' title='bbox 1663 1262 1753 1317; x_wconf 84' lang='lat' dir='ltr'><strong>causis</strong></span> 
     </span>
     <span class='ocr_line' id='line_1_13' title="bbox 126 1345 1756 1425; baseline 0.006 -26"><span class='ocrx_word' id='word_1_167' title='bbox 126 1354 232 1400; x_wconf 90' lang='lat' dir='ltr'><strong>rantur.</strong></span> <span class='ocrx_word' id='word_1_168' title='bbox 248 1346 281 1399; x_wconf 83' lang='lat' dir='ltr'><strong>Et</strong></span> <span class='ocrx_word' id='word_1_169' title='bbox 294 1345 370 1400; x_wconf 86' lang='lat' dir='ltr'><strong>ulad</strong></span> <span class='ocrx_word' id='word_1_170' title='bbox 385 1362 520 1402; x_wconf 89' lang='lat' dir='ltr'><strong>summum</strong></span> <span class='ocrx_word' id='word_1_171' title='bbox 533 1349 653 1415; x_wconf 85' lang='lat' dir='ltr'><strong>reniam,</strong></span> <span class='ocrx_word' id='word_1_172' title='bbox 668 1351 739 1404; x_wconf 91' lang='lat' dir='ltr'><strong>sicut</strong></span> <span class='ocrx_word' id='word_1_173' title='bbox 750 1351 917 1421; x_wconf 89' lang='lat' dir='ltr'><strong>reliquarum</strong></span> <span class='ocrx_word' id='word_1_174' title='bbox 966 1362 995 1408; x_wconf 89' lang='lat' dir='ltr'><strong>et</strong></span> <span class='ocrx_word' id='word_1_175' title='bbox 1006 1354 1172 1424; x_wconf 84' lang='lat' dir='ltr'><strong>temporibus</strong></span> <span class='ocrx_word' id='word_1_176' title='bbox 1183 1353 1361 1425; x_wconf 87' lang='lat' dir='ltr'><strong>dispensanda</strong></span> <span class='ocrx_word' id='word_1_177' title='bbox 1372 1361 1422 1409; x_wconf 89' lang='lat' dir='ltr'><strong>est.</strong></span> <span class='ocrx_word' id='word_1_178' title='bbox 1438 1353 1505 1409; x_wconf 86' lang='lat' dir='ltr'><strong>Nam</strong></span> <span class='ocrx_word' id='word_1_179' title='bbox 1518 1354 1570 1408; x_wconf 88' lang='lat' dir='ltr'><strong>alia</strong></span> <span class='ocrx_word' id='word_1_180' title='bbox 1583 1354 1756 1424; x_wconf 77' lang='lat' dir='ltr'><strong>simplicitate</strong></span> 
     </span>
     <span class='ocr_line' id='line_1_14' title="bbox 128 1435 1754 1514; baseline 0.006 -23"><span class='ocrx_word' id='word_1_181' title='bbox 128 1451 220 1491; x_wconf 90' lang='lat' dir='ltr'><strong>rerum</strong></span> <span class='ocrx_word' id='word_1_182' title='bbox 234 1435 437 1491; x_wconf 89' lang='lat' dir='ltr'><strong>fundamentum</strong></span> <span class='ocrx_word' id='word_1_183' title='bbox 448 1446 491 1492; x_wconf 91' lang='lat' dir='ltr'><strong>est</strong></span> <span class='ocrx_word' id='word_1_184' title='bbox 502 1439 645 1507; x_wconf 90' lang='lat' dir='ltr'><strong>sapientia,</strong></span> <span class='ocrx_word' id='word_1_185' title='bbox 660 1440 697 1495; x_wconf 86' lang='lat' dir='ltr'><strong>ita</strong></span> <span class='ocrx_word' id='word_1_186' title='bbox 710 1449 737 1496; x_wconf 92' lang='lat' dir='ltr'><strong>et</strong></span> <span class='ocrx_word' id='word_1_187' title='bbox 751 1442 778 1497; x_wconf 92' lang='lat' dir='ltr'><strong>iu</strong></span> <span class='ocrx_word' id='word_1_188' title='bbox 792 1443 918 1514; x_wconf 90' lang='lat' dir='ltr'><strong>eloqucn-</strong></span> <span class='ocrx_word' id='word_1_189' title='bbox 967 1444 1101 1499; x_wconf 89' lang='lat' dir='ltr'><strong>narranda</strong></span> <span class='ocrx_word' id='word_1_190' title='bbox 1114 1452 1190 1510; x_wconf 85' lang='lat' dir='ltr'><strong>sunt,</strong></span> <span class='ocrx_word' id='word_1_191' title='bbox 1210 1444 1263 1499; x_wconf 92' lang='lat' dir='ltr'><strong>alia</strong></span> <span class='ocrx_word' id='word_1_192' title='bbox 1278 1444 1439 1499; x_wconf 88' lang='lat' dir='ltr'><strong>auctoritate</strong></span> <span class='ocrx_word' id='word_1_193' title='bbox 1452 1445 1604 1511; x_wconf 90' lang='lat' dir='ltr'><strong>suadenda,</strong></span> <span class='ocrx_word' id='word_1_194' title='bbox 1624 1445 1677 1499; x_wconf 91' lang='lat' dir='ltr'><strong>alia</strong></span> <span class='ocrx_word' id='word_1_195' title='bbox 1690 1461 1754 1501; x_wconf 91' lang='lat' dir='ltr'><strong>cum</strong></span> 
     </span>
     <span class='ocr_line' id='line_1_15' title="bbox 127 1526 1754 1607; baseline 0.004 -24"><span class='ocrx_word' id='word_1_196' title='bbox 127 1527 166 1583; x_wconf 87' lang='lat' dir='ltr'><strong>tia</strong></span> <span class='ocrx_word' id='word_1_197' title='bbox 179 1540 296 1596; x_wconf 89' lang='lat' dir='ltr'><strong>quoque.</strong></span> <span class='ocrx_word' id='word_1_198' title='bbox 313 1526 349 1581; x_wconf 85' lang='lat' dir='ltr'><strong>tir</strong></span> <span class='ocrx_word' id='word_1_199' title='bbox 365 1528 439 1582; x_wconf 88' lang='lat' dir='ltr'><strong>enim</strong></span> <span class='ocrx_word' id='word_1_200' title='bbox 452 1528 560 1595; x_wconf 85' lang='lat' dir='ltr'><strong>inrita,</strong></span> <span class='ocrx_word' id='word_1_201' title='bbox 575 1531 613 1585; x_wconf 90' lang='lat' dir='ltr'><strong>ita</strong></span> <span class='ocrx_word' id='word_1_202' title='bbox 630 1540 658 1586; x_wconf 91' lang='lat' dir='ltr'><strong>et</strong></span> <span class='ocrx_word' id='word_1_203' title='bbox 675 1531 702 1585; x_wconf 90' lang='lat' dir='ltr'><strong>in</strong></span> <span class='ocrx_word' id='word_1_204' title='bbox 715 1534 837 1589; x_wconf 91' lang='lat' dir='ltr'><strong>oratione</strong></span> <span class='ocrx_word' id='word_1_205' title='bbox 850 1535 917 1589; x_wconf 86' lang='lat' dir='ltr'><strong>nitrii</strong></span> <span class='ocrx_word' id='word_1_206' title='bbox 967 1536 1149 1606; x_wconf 74' lang='lat' dir='ltr'><strong>indignatione</strong></span> <span class='ocrx_word' id='word_1_207' title='bbox 1160 1535 1352 1607; x_wconf 90' lang='lat' dir='ltr'><strong>depromenda,</strong></span> <span class='ocrx_word' id='word_1_208' title='bbox 1364 1535 1417 1590; x_wconf 91' lang='lat' dir='ltr'><strong>alia</strong></span> <span class='ocrx_word' id='word_1_209' title='bbox 1429 1535 1602 1592; x_wconf 87' lang='lat' dir='ltr'><strong>miseratione</strong></span> <span class='ocrx_word' id='word_1_210' title='bbox 1611 1534 1754 1604; x_wconf 88' lang='lat' dir='ltr'><strong>flectenda,</strong></span> 
     </span>
     <span class='ocr_line' id='line_1_16' title="bbox 126 1614 1756 1697; baseline 0.007 -25"><span class='ocrx_word' id='word_1_211' title='bbox 126 1615 229 1673; x_wconf 71' lang='lat' dir='ltr'><strong>etaim</strong></span> <span class='ocrx_word' id='word_1_212' title='bbox 240 1614 315 1688; x_wconf 68' lang='lat' dir='ltr'><strong>lesui,</strong></span> <span class='ocrx_word' id='word_1_213' title='bbox 326 1631 408 1685; x_wconf 87' lang='lat' dir='ltr'><strong>quam</strong></span> <span class='ocrx_word' id='word_1_214' title='bbox 418 1617 508 1672; x_wconf 87' lang='lat' dir='ltr'><strong>omnia</strong></span> <span class='ocrx_word' id='word_1_215' title='bbox 519 1619 732 1688; x_wconf 88' lang='lat' dir='ltr'><strong>sapienterfieri.</strong></span> <span class='ocrx_word' id='word_1_216' title='bbox 749 1621 918 1693; x_wconf 80' lang='lat' dir='ltr'><strong>Quapropter</strong></span> <span class='ocrx_word' id='word_1_217' title='bbox 966 1634 996 1681; x_wconf 93' lang='lat' dir='ltr'><strong>ut</strong></span> <span class='ocrx_word' id='word_1_218' title='bbox 1009 1642 1115 1697; x_wconf 88' lang='lat' dir='ltr'><strong>semper</strong></span> <span class='ocrx_word' id='word_1_219' title='bbox 1128 1642 1180 1683; x_wconf 83' lang='lat' dir='ltr'><strong>vox</strong></span> <span class='ocrx_word' id='word_1_220' title='bbox 1196 1634 1224 1681; x_wconf 91' lang='lat' dir='ltr'><strong>et</strong></span> <span class='ocrx_word' id='word_1_221' title='bbox 1240 1627 1328 1682; x_wconf 91' lang='lat' dir='ltr'><strong>oratio</strong></span> <span class='ocrx_word' id='word_1_222' title='bbox 1341 1630 1397 1683; x_wconf 76' lang='lat' dir='ltr'><strong>suae</strong></span> <span class='ocrx_word' id='word_1_223' title='bbox 1410 1642 1499 1682; x_wconf 86' lang='lat' dir='ltr'><strong>causae</strong></span> <span class='ocrx_word' id='word_1_224' title='bbox 1512 1627 1665 1683; x_wconf 79' lang='lat' dir='ltr'><strong>conveniat.</strong></span> <span class='ocrx_word' id='word_1_225' title='bbox 1690 1626 1756 1683; x_wconf 73' lang='lat' dir='ltr'><strong>llaec</strong></span> 
     </span>
     <span class='ocr_line' id='line_1_17' title="bbox 127 1701 1754 1787; baseline 0.009 -27"><span class='ocrx_word' id='word_1_226' title='bbox 127 1705 231 1761; x_wconf 84' lang='lat' dir='ltr'><strong>oratori</strong></span> <span class='ocrx_word' id='word_1_227' title='bbox 243 1720 415 1777; x_wconf 86' lang='lat' dir='ltr'><strong>summopere</strong></span> <span class='ocrx_word' id='word_1_228' title='bbox 432 1708 634 1777; x_wconf 82' lang='lat' dir='ltr'><strong>praevidendum</strong></span> <span class='ocrx_word' id='word_1_229' title='bbox 647 1718 704 1775; x_wconf 91' lang='lat' dir='ltr'><strong>est,</strong></span> <span class='ocrx_word' id='word_1_230' title='bbox 725 1712 789 1781; x_wconf 93' lang='lat' dir='ltr'><strong>quid</strong></span> <span class='ocrx_word' id='word_1_231' title='bbox 804 1714 855 1769; x_wconf 92' lang='lat' dir='ltr'><strong>sibi</strong></span> <span class='ocrx_word' id='word_1_232' title='bbox 870 1715 916 1769; x_wconf 88' lang='lat' dir='ltr'><strong>dc·</strong></span> <span class='ocrx_word' id='word_1_233' title='bbox 930 1701 954 1760; x_wconf 76' lang='grc' dir='ltr'><strong><em>Β</em></strong></span> <span class='ocrx_word' id='word_1_234' title='bbox 968 1724 994 1771; x_wconf 88' lang='grc' dir='ltr'><strong>ιε</strong></span> <span class='ocrx_word' id='word_1_235' title='bbox 1007 1726 1143 1787; x_wconf 85' lang='lat' dir='ltr'><strong>praecepta</strong></span> <span class='ocrx_word' id='word_1_236' title='bbox 1155 1717 1190 1771; x_wconf 90' lang='lat' dir='ltr'><strong>ad</strong></span> <span class='ocrx_word' id='word_1_237' title='bbox 1202 1710 1429 1787; x_wconf 82' lang='lat' dir='ltr'><strong>pronuntiationis</strong></span> <span class='ocrx_word' id='word_1_238' title='bbox 1443 1717 1549 1772; x_wconf 89' lang='lat' dir='ltr'><strong>laudem</strong></span> <span class='ocrx_word' id='word_1_239' title='bbox 1565 1717 1712 1784; x_wconf 90' lang='lat' dir='ltr'><strong>deducunt,</strong></span> <span class='ocrx_word' id='word_1_240' title='bbox 1725 1726 1754 1774; x_wconf 91' lang='lat' dir='ltr'><strong>et</strong></span> 
     </span>
     <span class='ocr_line' id='line_1_18' title="bbox 128 1797 1753 1883; baseline 0.009 -32"><span class='ocrx_word' id='word_1_241' title='bbox 128 1802 200 1861; x_wconf 85' lang='lat' dir='ltr'><strong>neat,</strong></span> <span class='ocrx_word' id='word_1_242' title='bbox 215 1803 244 1850; x_wconf 88' lang='lat' dir='ltr'><strong>et</strong></span> <span class='ocrx_word' id='word_1_243' title='bbox 256 1810 312 1851; x_wconf 86' lang='lat' dir='ltr'><strong>suae</strong></span> <span class='ocrx_word' id='word_1_244' title='bbox 325 1797 470 1852; x_wconf 82' lang='lat' dir='ltr'><strong>conveniat</strong></span> <span class='ocrx_word' id='word_1_245' title='bbox 481 1812 582 1864; x_wconf 81' lang='lat' dir='ltr'><strong>cause,</strong></span> <span class='ocrx_word' id='word_1_246' title='bbox 597 1814 651 1854; x_wconf 88' lang='lat' dir='ltr'><strong>non</strong></span> <span class='ocrx_word' id='word_1_247' title='bbox 669 1800 696 1854; x_wconf 93' lang='lat' dir='ltr'><strong>iu</strong></span> <span class='ocrx_word' id='word_1_248' title='bbox 714 1803 856 1858; x_wconf 76' lang='lat' dir='ltr'><strong>sententiis</strong></span> <span class='ocrx_word' id='word_1_249' title='bbox 873 1819 918 1859; x_wconf 86' lang='lat' dir='ltr'><strong>so·</strong></span> <span class='ocrx_word' id='word_1_250' title='bbox 968 1809 1016 1863; x_wconf 90' lang='lat' dir='ltr'><strong>tibi</strong></span> <span class='ocrx_word' id='word_1_251' title='bbox 1030 1808 1200 1865; x_wconf 85' lang='lat' dir='ltr'><strong>honestatem</strong></span> <span class='ocrx_word' id='word_1_252' title='bbox 1220 1816 1248 1866; x_wconf 94' lang='lat' dir='ltr'><strong>et</strong></span> <span class='ocrx_word' id='word_1_253' title='bbox 1268 1816 1321 1864; x_wconf 87' lang='lat' dir='ltr'><strong>tuae</strong></span> <span class='ocrx_word' id='word_1_254' title='bbox 1335 1823 1424 1865; x_wconf 86' lang='lat' dir='ltr'><strong>cauam</strong></span> <span class='ocrx_word' id='word_1_255' title='bbox 1437 1808 1517 1865; x_wconf 89' lang='lat' dir='ltr'><strong>fidem</strong></span> <span class='ocrx_word' id='word_1_256' title='bbox 1535 1807 1659 1865; x_wconf 89' lang='lat' dir='ltr'><strong>efficiunt</strong></span> <span class='ocrx_word' id='word_1_257' title='bbox 1676 1809 1753 1883; x_wconf 71' lang='lat' dir='ltr'><strong>iffa,</strong></span> 
     </span>
     <span class='ocr_line' id='line_1_19' title="bbox 128 1884 1108 1972; baseline 0.015 -33"><span class='ocrx_word' id='word_1_258' title='bbox 128 1884 197 1950; x_wconf 91' lang='lat' dir='ltr'><strong>lum,</strong></span> <span class='ocrx_word' id='word_1_259' title='bbox 210 1885 350 1955; x_wconf 84' lang='lat' dir='ltr'><strong>sedetiam</strong></span> <span class='ocrx_word' id='word_1_260' title='bbox 370 1886 398 1941; x_wconf 88' lang='lat' dir='ltr'><strong>in</strong></span> <span class='ocrx_word' id='word_1_261' title='bbox 411 1887 511 1943; x_wconf 79' lang='lat' dir='ltr'><strong>serbis.</strong></span> <span class='ocrx_word' id='word_1_262' title='bbox 536 1886 594 1945; x_wconf 79' lang='lat' dir='ltr'><strong>lion</strong></span> <span class='ocrx_word' id='word_1_263' title='bbox 608 1891 682 1945; x_wconf 90' lang='lat' dir='ltr'><strong>cuim</strong></span> <span class='ocrx_word' id='word_1_264' title='bbox 695 1893 784 1948; x_wconf 90' lang='lat' dir='ltr'><strong>omnis</strong></span> <span class='ocrx_word' id='word_1_265' title='bbox 798 1892 916 1962; x_wconf 90' lang='lat' dir='ltr'><strong>fortuna,</strong></span> <span class='ocrx_word' id='word_1_266' title='bbox 966 1898 1108 1972; x_wconf 65' lang='lat' dir='ltr'><strong>efficienti</strong></span> 
     </span>
    </p>
   </div>
   <div class='ocr_carea' id='block_1_3' title="bbox 128 1976 1757 2064">
    <p class='ocr_par' dir='ltr' id='par_1_3' title="bbox 128 1976 1757 2064">
     <span class='ocr_line' id='line_1_20' title="bbox 128 1976 1757 2064; baseline 0.012 -33"><span class='ocrx_word' id='word_1_267' title='bbox 128 1990 183 2031; x_wconf 86' lang='lat' dir='ltr'><strong>nou</strong></span> <span class='ocrx_word' id='word_1_268' title='bbox 197 1976 284 2032; x_wconf 89' lang='lat' dir='ltr'><strong>omnis</strong></span> <span class='ocrx_word' id='word_1_269' title='bbox 298 1976 394 2042; x_wconf 91' lang='lat' dir='ltr'><strong>bonos,</strong></span> <span class='ocrx_word' id='word_1_270' title='bbox 413 1992 468 2033; x_wconf 86' lang='lat' dir='ltr'><strong>nou</strong></span> <span class='ocrx_word' id='word_1_271' title='bbox 483 1979 573 2035; x_wconf 86' lang='lat' dir='ltr'><strong>omnis</strong></span> <span class='ocrx_word' id='word_1_272' title='bbox 585 1981 741 2046; x_wconf 87' lang='lat' dir='ltr'><strong>auctoritas,</strong></span> <span class='ocrx_word' id='word_1_273' title='bbox 763 1998 817 2038; x_wconf 88' lang='lat' dir='ltr'><strong>nou</strong></span> <span class='ocrx_word' id='word_1_274' title='bbox 828 1986 918 2042; x_wconf 89' lang='lat' dir='ltr'><strong>omnis</strong></span> <span class='ocrx_word' id='word_1_275' title='bbox 1002 1989 1069 2046; x_wconf 80' lang='lat' dir='ltr'><strong>Cra.</strong></span> <span class='ocrx_word' id='word_1_276' title='bbox 1083 1990 1152 2058; x_wconf 86' lang='lat' dir='ltr'><strong>Quid</strong></span> <span class='ocrx_word' id='word_1_277' title='bbox 1166 1999 1209 2047; x_wconf 89' lang='lat' dir='ltr'><strong>est</strong></span> <span class='ocrx_word' id='word_1_278' title='bbox 1223 1992 1295 2062; x_wconf 91' lang='lat' dir='ltr'><strong>quod</strong></span> <span class='ocrx_word' id='word_1_279' title='bbox 1314 1991 1395 2060; x_wconf 93' lang='lat' dir='ltr'><strong>paulo</strong></span> <span class='ocrx_word' id='word_1_280' title='bbox 1412 1999 1476 2047; x_wconf 91' lang='lat' dir='ltr'><strong>aute</strong></span> <span class='ocrx_word' id='word_1_281' title='bbox 1494 1992 1618 2064; x_wconf 91' lang='lat' dir='ltr'><strong>corporis</strong></span> <span class='ocrx_word' id='word_1_282' title='bbox 1632 1993 1757 2050; x_wconf 86' lang='lat' dir='ltr'><strong>modera-</strong></span> 
     </span>
    </p>
   </div>
   <div class='ocr_carea' id='block_1_4' title="bbox 127 2068 1871 2157">
    <p class='ocr_par' dir='ltr' id='par_1_4' title="bbox 127 2068 1871 2157">
     <span class='ocr_line' id='line_1_21' title="bbox 127 2068 1871 2157; baseline 0.01 -34"><span class='ocrx_word' id='word_1_283' title='bbox 127 2077 214 2134; x_wconf 84' lang='lat' dir='ltr'><strong>aetas;</strong></span> <span class='ocrx_word' id='word_1_284' title='bbox 240 2083 290 2124; x_wconf 89' lang='lat' dir='ltr'><strong>uec</strong></span> <span class='ocrx_word' id='word_1_285' title='bbox 312 2084 378 2125; x_wconf 84' lang='lat' dir='ltr'><strong>uero</strong></span> <span class='ocrx_word' id='word_1_286' title='bbox 401 2069 486 2136; x_wconf 91' lang='lat' dir='ltr'><strong>locus,</strong></span> <span class='ocrx_word' id='word_1_287' title='bbox 511 2068 579 2143; x_wconf 86' lang='lat' dir='ltr'><strong>[aut]</strong></span> <span class='ocrx_word' id='word_1_288' title='bbox 604 2080 721 2143; x_wconf 89' lang='lat' dir='ltr'><strong>tempus,</strong></span> <span class='ocrx_word' id='word_1_289' title='bbox 746 2082 793 2130; x_wconf 89' lang='lat' dir='ltr'><strong>aut</strong></span> <span class='ocrx_word' id='word_1_290' title='bbox 811 2075 918 2131; x_wconf 88' lang='lat' dir='ltr'><strong>auditor</strong></span> <span class='ocrx_word' id='word_1_291' title='bbox 952 2083 1069 2139; x_wconf 78' lang='lat' dir='ltr'><strong>tionem</strong></span> <span class='ocrx_word' id='word_1_292' title='bbox 1084 2083 1177 2139; x_wconf 83' lang='lat' dir='ltr'><strong>dixisti</strong></span> <span class='ocrx_word' id='word_1_293' title='bbox 1192 2096 1251 2138; x_wconf 86' lang='lat' dir='ltr'><strong>esse</strong></span> <span class='ocrx_word' id='word_1_294' title='bbox 1265 2083 1605 2140; x_wconf 79' lang='lat' dir='ltr'><strong>obseruandamt-Aun.</strong></span> <span class='ocrx_word' id='word_1_295' title='bbox 1619 2085 1678 2140; x_wconf 83' lang='lat' dir='ltr'><strong>liixi</strong></span> <span class='ocrx_word' id='word_1_296' title='bbox 1692 2085 1756 2157; x_wconf 90' lang='lat' dir='ltr'><strong>quia</strong></span> <span class='ocrx_word' id='word_1_297' title='bbox 1869 2094 1871 2099; x_wconf 80' lang='grc'>’</span> 
     </span>
    </p>
   </div>
   <div class='ocr_carea' id='block_1_5' title="bbox 126 2159 1841 5713">
    <p class='ocr_par' dir='ltr' id='par_1_5' title="bbox 126 2159 1841 5713">
     <span class='ocr_line' id='line_1_22' title="bbox 127 2159 1758 2240; baseline 0.01 -26"><span class='ocrx_word' id='word_1_298' title='bbox 127 2159 216 2214; x_wconf 87' lang='lat' dir='ltr'><strong>omnis</strong></span> <span class='ocrx_word' id='word_1_299' title='bbox 231 2159 326 2215; x_wconf 87' lang='lat' dir='ltr'><strong>eodem</strong></span> <span class='ocrx_word' id='word_1_300' title='bbox 345 2168 392 2215; x_wconf 89' lang='lat' dir='ltr'><strong>aut</strong></span> <span class='ocrx_word' id='word_1_301' title='bbox 404 2161 549 2216; x_wconf 85' lang='lat' dir='ltr'><strong>uerborum</strong></span> <span class='ocrx_word' id='word_1_302' title='bbox 569 2177 668 2233; x_wconf 86' lang='lat' dir='ltr'><strong>gauere</strong></span> <span class='ocrx_word' id='word_1_303' title='bbox 688 2164 845 2221; x_wconf 88' lang='lat' dir='ltr'><strong>tractandas</strong></span> <span class='ocrx_word' id='word_1_304' title='bbox 857 2174 917 2234; x_wconf 89' lang='lat' dir='ltr'><strong>est,</strong></span> <span class='ocrx_word' id='word_1_305' title='bbox 966 2174 1119 2230; x_wconf 87' lang='lat' dir='ltr'><strong>necessarie</strong></span> <span class='ocrx_word' id='word_1_306' title='bbox 1133 2174 1331 2229; x_wconf 86' lang='lat' dir='ltr'><strong>observandum</strong></span> <span class='ocrx_word' id='word_1_307' title='bbox 1345 2180 1404 2239; x_wconf 91' lang='lat' dir='ltr'><strong>est,</strong></span> <span class='ocrx_word' id='word_1_308' title='bbox 1417 2180 1448 2227; x_wconf 93' lang='lat' dir='ltr'><strong>ut</strong></span> <span class='ocrx_word' id='word_1_309' title='bbox 1462 2184 1536 2229; x_wconf 90' lang='lat' dir='ltr'><strong>recta</strong></span> <span class='ocrx_word' id='word_1_310' title='bbox 1552 2175 1587 2229; x_wconf 90' lang='lat' dir='ltr'><strong>sit</strong></span> <span class='ocrx_word' id='word_1_311' title='bbox 1600 2174 1700 2240; x_wconf 90' lang='lat' dir='ltr'><strong>facies,</strong></span> <span class='ocrx_word' id='word_1_312' title='bbox 1721 2189 1758 2230; x_wconf 88' lang='lat' dir='ltr'><strong>ne</strong></span> 
     </span>
     <span class='ocr_line' id='line_1_23' title="bbox 126 2250 1757 2335; baseline 0.009 -33"><span class='ocrx_word' id='word_1_313' title='bbox 126 2250 391 2315; x_wconf 85' lang='lat' dir='ltr'><strong>autscnteutiarum,</strong></span> <span class='ocrx_word' id='word_1_314' title='bbox 399 2265 559 2320; x_wconf 88' lang='lat' dir='ltr'><strong>semperque</strong></span> <span class='ocrx_word' id='word_1_315' title='bbox 569 2252 597 2306; x_wconf 92' lang='lat' dir='ltr'><strong>iu</strong></span> <span class='ocrx_word' id='word_1_316' title='bbox 606 2254 680 2309; x_wconf 88' lang='lat' dir='ltr'><strong>omni</strong></span> <span class='ocrx_word' id='word_1_317' title='bbox 689 2263 767 2325; x_wconf 88' lang='lat' dir='ltr'><strong>parte</strong></span> <span class='ocrx_word' id='word_1_318' title='bbox 775 2257 917 2325; x_wconf 84' lang='lat' dir='ltr'><strong>orationis,</strong></span> <span class='ocrx_word' id='word_1_319' title='bbox 967 2261 1043 2317; x_wconf 84' lang='lat' dir='ltr'><strong>labra</strong></span> <span class='ocrx_word' id='word_1_320' title='bbox 1056 2262 1278 2330; x_wconf 83' lang='lat' dir='ltr'><strong>detorqueantur,</strong></span> <span class='ocrx_word' id='word_1_321' title='bbox 1293 2275 1327 2315; x_wconf 92' lang='lat' dir='ltr'><strong>ne</strong></span> <span class='ocrx_word' id='word_1_322' title='bbox 1342 2260 1503 2316; x_wconf 87' lang='lat' dir='ltr'><strong>immodicus</strong></span> <span class='ocrx_word' id='word_1_323' title='bbox 1516 2260 1608 2335; x_wconf 77' lang='lat' dir='ltr'><strong>hiatus</strong></span> <span class='ocrx_word' id='word_1_324' title='bbox 1622 2262 1757 2319; x_wconf 86' lang='lat' dir='ltr'><strong>distendat</strong></span> 
     </span>
     <span class='ocr_line' id='line_1_24' title="bbox 126 2339 1757 2419; baseline -0.002 -13"><span class='ocrx_word' id='word_1_325' title='bbox 126 2346 159 2396; x_wconf 88' lang='lat' dir='ltr'><strong>ut</strong></span> <span class='ocrx_word' id='word_1_326' title='bbox 169 2339 242 2406; x_wconf 79' lang='lat' dir='ltr'><strong>rita,</strong></span> <span class='ocrx_word' id='word_1_327' title='bbox 255 2339 321 2411; x_wconf 71' lang='lat' dir='ltr'><strong>(fuid</strong></span> <span class='ocrx_word' id='word_1_328' title='bbox 333 2340 439 2407; x_wconf 66' lang='lat' dir='ltr'><strong>deceat,</strong></span> <span class='ocrx_word' id='word_1_329' title='bbox 450 2349 492 2396; x_wconf 90' lang='lat' dir='ltr'><strong>est</strong></span> <span class='ocrx_word' id='word_1_330' title='bbox 504 2342 741 2401; x_wconf 88' lang='lat' dir='ltr'><strong>considerandum.</strong></span> <span class='ocrx_word' id='word_1_331' title='bbox 967 2350 1121 2415; x_wconf 89' lang='lat' dir='ltr'><strong>rictum,·ne</strong></span> <span class='ocrx_word' id='word_1_332' title='bbox 1131 2348 1242 2419; x_wconf 84' lang='lat' dir='ltr'><strong>supinus</strong></span> <span class='ocrx_word' id='word_1_333' title='bbox 1252 2347 1353 2412; x_wconf 81' lang='lat' dir='ltr'><strong>vultus,</strong></span> <span class='ocrx_word' id='word_1_334' title='bbox 1364 2362 1398 2402; x_wconf 92' lang='lat' dir='ltr'><strong>ue</strong></span> <span class='ocrx_word' id='word_1_335' title='bbox 1412 2345 1508 2416; x_wconf 84' lang='lat' dir='ltr'><strong>dejecti</strong></span> <span class='ocrx_word' id='word_1_336' title='bbox 1522 2348 1662 2404; x_wconf 88' lang='lat' dir='ltr'><strong>interram</strong></span> <span class='ocrx_word' id='word_1_337' title='bbox 1673 2348 1757 2414; x_wconf 91' lang='lat' dir='ltr'><strong>oculi,</strong></span> 
     </span>
     <span class='ocr_line' id='line_1_25' title="bbox 360 2434 1758 2511; baseline 0.005 -22"><span class='ocrx_word' id='word_1_338' title='bbox 360 2435 443 2507; x_wconf 69' lang='lat'><strong>328</strong></span> <span class='ocrx_word' id='word_1_339' title='bbox 460 2435 504 2490; x_wconf 81' lang='lat' dir='ltr'><strong>bii</strong></span> <span class='ocrx_word' id='word_1_340' title='bbox 522 2434 689 2493; x_wconf 76' lang='lat' dir='ltr'><strong>ildmoltlt.</strong></span> <span class='ocrx_word' id='word_1_341' title='bbox 968 2455 1003 2496; x_wconf 85' lang='lat' dir='ltr'><strong>nc</strong></span> <span class='ocrx_word' id='word_1_342' title='bbox 1015 2439 1143 2494; x_wconf 86' lang='lat' dir='ltr'><strong>inclinata</strong></span> <span class='ocrx_word' id='word_1_343' title='bbox 1156 2439 1262 2502; x_wconf 82' lang='lat' dir='ltr'><strong>cervix,</strong></span> <span class='ocrx_word' id='word_1_344' title='bbox 1277 2453 1365 2507; x_wconf 91' lang='lat' dir='ltr'><strong>neque</strong></span> <span class='ocrx_word' id='word_1_345' title='bbox 1376 2438 1447 2494; x_wconf 90' lang='lat' dir='ltr'><strong>elata</strong></span> <span class='ocrx_word' id='word_1_346' title='bbox 1460 2447 1507 2494; x_wconf 90' lang='lat' dir='ltr'><strong>aut</strong></span> <span class='ocrx_word' id='word_1_347' title='bbox 1519 2439 1647 2510; x_wconf 87' lang='lat' dir='ltr'><strong>depressa</strong></span> <span class='ocrx_word' id='word_1_348' title='bbox 1659 2454 1758 2511; x_wconf 90' lang='lat' dir='ltr'><strong>super·</strong></span> 
     </span>
     <span class='ocr_line' id='line_1_26' title="bbox 165 2528 1758 2602; baseline 0.003 -17"><span class='ocrx_word' id='word_1_349' title='bbox 165 2528 232 2585; x_wconf 82' lang='lat' dir='ltr'><strong>Cra.</strong></span> <span class='ocrx_word' id='word_1_350' title='bbox 247 2528 317 2597; x_wconf 82' lang='lat' dir='ltr'><strong>Quid</strong></span> <span class='ocrx_word' id='word_1_351' title='bbox 332 2528 443 2585; x_wconf 90' lang='lat' dir='ltr'><strong>dicisde</strong></span> <span class='ocrx_word' id='word_1_352' title='bbox 458 2529 638 2596; x_wconf 89' lang='lat' dir='ltr'><strong>nobilissima,</strong></span> <span class='ocrx_word' id='word_1_353' title='bbox 648 2540 763 2599; x_wconf 89' lang='lat' dir='ltr'><strong>utreor,</strong></span> <span class='ocrx_word' id='word_1_354' title='bbox 775 2534 920 2592; x_wconf 62' lang='lat' dir='ltr'><strong>rbetorim</strong></span> <span class='ocrx_word' id='word_1_355' title='bbox 968 2533 1040 2588; x_wconf 84' lang='lat' dir='ltr'><strong>cilia.</strong></span> <span class='ocrx_word' id='word_1_356' title='bbox 1053 2529 1270 2586; x_wconf 87' lang='lat' dir='ltr'><strong>lnfrnitumenim</strong></span> <span class='ocrx_word' id='word_1_357' title='bbox 1283 2531 1310 2585; x_wconf 91' lang='lat' dir='ltr'><strong>in</strong></span> <span class='ocrx_word' id='word_1_358' title='bbox 1321 2531 1365 2586; x_wconf 91' lang='lat' dir='ltr'><strong>bis</strong></span> <span class='ocrx_word' id='word_1_359' title='bbox 1376 2545 1484 2602; x_wconf 91' lang='lat' dir='ltr'><strong>quoque</strong></span> <span class='ocrx_word' id='word_1_360' title='bbox 1494 2532 1578 2592; x_wconf 79' lang='lat' dir='ltr'><strong>rebus.</strong></span> <span class='ocrx_word' id='word_1_361' title='bbox 1589 2541 1758 2590; x_wconf 88' lang='lat' dir='ltr'><strong>momentum</strong></span> 
     </span>
     <span class='ocr_line' id='line_1_27' title="bbox 128 2617 1759 2699; baseline 0.003 -26"><span class='ocrx_word' id='word_1_362' title='bbox 128 2617 654 2690; x_wconf 72' lang='lat' dir='ltr'><strong>partememorr&#39;al-banuidaliud,</strong></span> <span class='ocrx_word' id='word_1_363' title='bbox 665 2636 746 2691; x_wconf 91' lang='lat' dir='ltr'><strong>quam</strong></span> <span class='ocrx_word' id='word_1_364' title='bbox 758 2621 919 2699; x_wconf 67' lang='lat' dir='ltr'><strong>[immisi]</strong></span> <span class='ocrx_word' id='word_1_365' title='bbox 967 2631 1026 2688; x_wconf 88' lang='lat' dir='ltr'><strong>est,</strong></span> <span class='ocrx_word' id='word_1_366' title='bbox 1046 2621 1110 2692; x_wconf 87' lang='lat' dir='ltr'><strong>quia</strong></span> <span class='ocrx_word' id='word_1_367' title='bbox 1124 2620 1198 2676; x_wconf 85' lang='lat' dir='ltr'><strong>&#39;nibil</strong></span> <span class='ocrx_word' id='word_1_368' title='bbox 1210 2621 1282 2690; x_wconf 88' lang='lat' dir='ltr'><strong>quod</strong></span> <span class='ocrx_word' id='word_1_369' title='bbox 1295 2635 1349 2675; x_wconf 91' lang='lat' dir='ltr'><strong>nou</strong></span> <span class='ocrx_word' id='word_1_370' title='bbox 1366 2624 1458 2688; x_wconf 87' lang='lat' dir='ltr'><strong>decet,</strong></span> <span class='ocrx_word' id='word_1_371' title='bbox 1478 2621 1587 2692; x_wconf 89' lang='lat' dir='ltr'><strong>placere</strong></span> <span class='ocrx_word' id='word_1_372' title='bbox 1600 2629 1699 2693; x_wconf 89' lang='lat' dir='ltr'><strong>potest.</strong></span> <span class='ocrx_word' id='word_1_373' title='bbox 1723 2621 1759 2679; x_wconf 85' lang='lat' dir='ltr'><strong>lit</strong></span> 
     </span>
     <span class='ocr_line' id='line_1_28' title="bbox 129 2708 1758 2786; baseline 0.002 -22"><span class='ocrx_word' id='word_1_374' title='bbox 129 2709 203 2779; x_wconf 90' lang='lat' dir='ltr'><strong>quod</strong></span> <span class='ocrx_word' id='word_1_375' title='bbox 213 2708 428 2766; x_wconf 79' lang='lat' dir='ltr'><strong>blarcusTullius</strong></span> <span class='ocrx_word' id='word_1_376' title='bbox 437 2709 513 2776; x_wconf 90' lang='lat' dir='ltr'><strong>dicit,</strong></span> <span class='ocrx_word' id='word_1_377' title='bbox 521 2712 593 2780; x_wconf 90' lang='lat' dir='ltr'><strong>quod</strong></span> <span class='ocrx_word' id='word_1_378' title='bbox 601 2711 743 2769; x_wconf 86' lang='lat' dir='ltr'><strong>thesaurus</strong></span> <span class='ocrx_word' id='word_1_379' title='bbox 750 2717 919 2772; x_wconf 89' lang='lat' dir='ltr'><strong>estomuium</strong></span> <span class='ocrx_word' id='word_1_380' title='bbox 968 2724 999 2771; x_wconf 92' lang='lat' dir='ltr'><strong>ut</strong></span> <span class='ocrx_word' id='word_1_381' title='bbox 1017 2714 1056 2771; x_wconf 88' lang='lat' dir='ltr'><strong>ait</strong></span> <span class='ocrx_word' id='word_1_382' title='bbox 1073 2715 1109 2768; x_wconf 89' lang='lat' dir='ltr'><strong>ll.</strong></span> <span class='ocrx_word' id='word_1_383' title='bbox 1125 2713 1197 2780; x_wconf 77' lang='lat' dir='ltr'><strong>Tul,</strong></span> <span class='ocrx_word' id='word_1_384' title='bbox 1213 2711 1298 2784; x_wconf 83' lang='lat' dir='ltr'><strong>Caput</strong></span> <span class='ocrx_word' id='word_1_385' title='bbox 1317 2713 1384 2767; x_wconf 82' lang='lat' dir='ltr'><strong>artis</strong></span> <span class='ocrx_word' id='word_1_386' title='bbox 1402 2722 1442 2769; x_wconf 82' lang='lat' dir='ltr'><strong>ert</strong></span> <span class='ocrx_word' id='word_1_387' title='bbox 1461 2714 1638 2786; x_wconf 80' lang='lat' dir='ltr'><strong>decerequod</strong></span> <span class='ocrx_word' id='word_1_388' title='bbox 1661 2714 1758 2785; x_wconf 75' lang='lat' dir='ltr'><strong>facins.</strong></span> 
     </span>
     <span class='ocr_line' id='line_1_29' title="bbox 128 2800 1758 2879; baseline 0.002 -23"><span class='ocrx_word' id='word_1_389' title='bbox 128 2816 224 2857; x_wconf 92' lang='lat' dir='ltr'><strong>rerum</strong></span> <span class='ocrx_word' id='word_1_390' title='bbox 231 2800 440 2871; x_wconf 66' lang='lat' dir='ltr'><strong>memoriaque</strong></span> <span class='ocrx_word' id='word_1_391' title='bbox 451 2802 504 2858; x_wconf 88' lang='lat' dir='ltr'><strong>nisi</strong></span> <span class='ocrx_word' id='word_1_392' title='bbox 514 2805 740 2876; x_wconf 85' lang='lat' dir='ltr'><strong>custoscogitatis</strong></span> <span class='ocrx_word' id='word_1_393' title='bbox 750 2805 920 2879; x_wconf 78' lang='lat' dir='ltr'><strong>inventisque</strong></span> <span class='ocrx_word' id='word_1_394' title='bbox 968 2803 1056 2861; x_wconf 84' lang='lat' dir='ltr'><strong>Labra</strong></span> <span class='ocrx_word' id='word_1_395' title='bbox 1070 2803 1189 2860; x_wconf 87' lang='lat' dir='ltr'><strong>lambere</strong></span> <span class='ocrx_word' id='word_1_396' title='bbox 1201 2802 1244 2859; x_wconf 84' lang='lat' dir='ltr'><strong>rel</strong></span> <span class='ocrx_word' id='word_1_397' title='bbox 1258 2802 1383 2859; x_wconf 90' lang='lat' dir='ltr'><strong>mordere</strong></span> <span class='ocrx_word' id='word_1_398' title='bbox 1397 2802 1518 2859; x_wconf 89' lang='lat' dir='ltr'><strong>deforme</strong></span> <span class='ocrx_word' id='word_1_399' title='bbox 1531 2812 1583 2870; x_wconf 90' lang='lat' dir='ltr'><strong>est,</strong></span> <span class='ocrx_word' id='word_1_400' title='bbox 1600 2818 1661 2860; x_wconf 87' lang='lat' dir='ltr'><strong>eum</strong></span> <span class='ocrx_word' id='word_1_401' title='bbox 1673 2804 1758 2860; x_wconf 89' lang='lat' dir='ltr'><strong>etiam</strong></span> 
     </span>
     <span class='ocr_line' id='line_1_30' title="bbox 129 2891 1760 2973; baseline 0.002 -27"><span class='ocrx_word' id='word_1_402' title='bbox 129 2891 213 2947; x_wconf 88' lang='lat' dir='ltr'><strong>rebus</strong></span> <span class='ocrx_word' id='word_1_403' title='bbox 227 2899 255 2946; x_wconf 92' lang='lat' dir='ltr'><strong>et</strong></span> <span class='ocrx_word' id='word_1_404' title='bbox 268 2891 359 2947; x_wconf 85' lang='lat' dir='ltr'><strong>uerbis</strong></span> <span class='ocrx_word' id='word_1_405' title='bbox 373 2891 536 2948; x_wconf 86' lang='lat' dir='ltr'><strong>adhibeatur</strong></span> <span class='ocrx_word' id='word_1_406' title='bbox 548 2891 614 2966; x_wconf 79' lang='lat' dir='ltr'><strong>[Al.,</strong></span> <span class='ocrx_word' id='word_1_407' title='bbox 629 2894 828 2973; x_wconf 77' lang='lat' dir='ltr'><strong>adhibereturJ,</strong></span> <span class='ocrx_word' id='word_1_408' title='bbox 841 2897 920 2954; x_wconf 87' lang='lat' dir='ltr'><strong>intel·</strong></span> <span class='ocrx_word' id='word_1_409' title='bbox 968 2893 997 2949; x_wconf 93' lang='lat' dir='ltr'><strong>in</strong></span> <span class='ocrx_word' id='word_1_410' title='bbox 1010 2893 1160 2950; x_wconf 88' lang='lat' dir='ltr'><strong>efficiendis</strong></span> <span class='ocrx_word' id='word_1_411' title='bbox 1171 2892 1260 2948; x_wconf 84' lang='lat' dir='ltr'><strong>uerbis</strong></span> <span class='ocrx_word' id='word_1_412' title='bbox 1276 2893 1398 2949; x_wconf 87' lang='lat' dir='ltr'><strong>modicus</strong></span> <span class='ocrx_word' id='word_1_413' title='bbox 1411 2908 1472 2949; x_wconf 89' lang='lat' dir='ltr'><strong>esse</strong></span> <span class='ocrx_word' id='word_1_414' title='bbox 1485 2894 1581 2950; x_wconf 90' lang='lat' dir='ltr'><strong>debeat</strong></span> <span class='ocrx_word' id='word_1_415' title='bbox 1592 2909 1687 2950; x_wconf 89' lang='lat' dir='ltr'><strong>eornm</strong></span> <span class='ocrx_word' id='word_1_416' title='bbox 1700 2908 1760 2950; x_wconf 86' lang='lat' dir='ltr'><strong>mo-</strong></span> 
     </span>
     <span class='ocr_line' id='line_1_31' title="bbox 127 2980 1703 3056; baseline 0 -19"><span class='ocrx_word' id='word_1_417' title='bbox 127 2980 239 3052; x_wconf 87' lang='lat' dir='ltr'><strong>ligimus</strong></span> <span class='ocrx_word' id='word_1_418' title='bbox 250 2982 352 3049; x_wconf 90' lang='lat' dir='ltr'><strong>omnia,</strong></span> <span class='ocrx_word' id='word_1_419' title='bbox 370 2983 478 3040; x_wconf 86' lang='lat' dir='ltr'><strong>etiamsi</strong></span> <span class='ocrx_word' id='word_1_420' title='bbox 490 2983 620 3056; x_wconf 79' lang='lat' dir='ltr'><strong>praeclara</strong></span> <span class='ocrx_word' id='word_1_421' title='bbox 639 2986 752 3055; x_wconf 88' lang='lat' dir='ltr'><strong>fuerint,</strong></span> <span class='ocrx_word' id='word_1_422' title='bbox 765 2988 793 3043; x_wconf 91' lang='lat' dir='ltr'><strong>in</strong></span> <span class='ocrx_word' id='word_1_423' title='bbox 811 2997 920 3048; x_wconf 73' lang='lat' dir='ltr'><strong>oratore</strong></span> <span class='ocrx_word' id='word_1_424' title='bbox 970 2991 1024 3041; x_wconf 91' lang='lat' dir='ltr'><strong>tus.</strong></span> <span class='ocrx_word' id='word_1_425' title='bbox 1038 2983 1091 3040; x_wconf 88' lang='lat' dir='ltr'><strong>Ore</strong></span> <span class='ocrx_word' id='word_1_426' title='bbox 1103 2984 1176 3039; x_wconf 91' lang='lat' dir='ltr'><strong>enlm</strong></span> <span class='ocrx_word' id='word_1_427' title='bbox 1189 2982 1274 3052; x_wconf 84' lang='lat' dir='ltr'><strong>magis</strong></span> <span class='ocrx_word' id='word_1_428' title='bbox 1286 2998 1369 3053; x_wconf 91' lang='lat' dir='ltr'><strong>quam</strong></span> <span class='ocrx_word' id='word_1_429' title='bbox 1381 2982 1464 3040; x_wconf 91' lang='lat' dir='ltr'><strong>labris</strong></span> <span class='ocrx_word' id='word_1_430' title='bbox 1474 2983 1637 3054; x_wconf 91' lang='lat' dir='ltr'><strong>loquendum</strong></span> <span class='ocrx_word' id='word_1_431' title='bbox 1651 2992 1703 3039; x_wconf 90' lang='lat' dir='ltr'><strong>est.</strong></span> 
     </span>
     <span class='ocr_line' id='line_1_32' title="bbox 128 3049 1759 3147; baseline 0 -17"><span class='ocrx_word' id='word_1_432' title='bbox 128 3076 264 3147; x_wconf 88' lang='lat' dir='ltr'><strong>peritura.</strong></span> <span class='ocrx_word' id='word_1_433' title='bbox 389 3118 395 3136; x_wconf 79' lang='grc'><em>,</em></span> <span class='ocrx_word' id='word_1_434' title='bbox 931 3049 955 3115; x_wconf 72' lang='lat' dir='ltr'>C</span> <span class='ocrx_word' id='word_1_435' title='bbox 1003 3073 1071 3131; x_wconf 81' lang='lat' dir='ltr'><strong>Can.</strong></span> <span class='ocrx_word' id='word_1_436' title='bbox 1091 3073 1168 3138; x_wconf 75' lang='lat' dir='ltr'><strong>Haec,</strong></span> <span class='ocrx_word' id='word_1_437' title='bbox 1183 3075 1339 3131; x_wconf 77' lang='lat' dir='ltr'><strong>uenerande</strong></span> <span class='ocrx_word' id='word_1_438' title='bbox 1352 3075 1492 3146; x_wconf 88' lang='lat' dir='ltr'><strong>magister,</strong></span> <span class='ocrx_word' id='word_1_439' title='bbox 1508 3073 1628 3145; x_wconf 78' lang='lat' dir='ltr'><strong>jucunda</strong></span> <span class='ocrx_word' id='word_1_440' title='bbox 1650 3089 1710 3131; x_wconf 89' lang='lat' dir='ltr'><strong>esse</strong></span> <span class='ocrx_word' id='word_1_441' title='bbox 1731 3081 1759 3132; x_wconf 87' lang='lat' dir='ltr'><strong>ei</strong></span> 
     </span>
     <span class='ocr_line' id='line_1_33' title="bbox 166 3163 1760 3242; baseline 0 -21"><span class='ocrx_word' id='word_1_442' title='bbox 166 3164 233 3221; x_wconf 79' lang='lat' dir='ltr'><strong>Can.</strong></span> <span class='ocrx_word' id='word_1_443' title='bbox 250 3164 353 3222; x_wconf 88' lang='lat' dir='ltr'><strong>Suntne</strong></span> <span class='ocrx_word' id='word_1_444' title='bbox 367 3165 456 3236; x_wconf 91' lang='lat' dir='ltr'><strong>aliqua</strong></span> <span class='ocrx_word' id='word_1_445' title='bbox 476 3167 535 3239; x_wconf 82' lang='lat' dir='ltr'><strong>ejus</strong></span> <span class='ocrx_word' id='word_1_446' title='bbox 553 3180 704 3240; x_wconf 79' lang='lat' dir='ltr'><strong>praeeepra,</strong></span> <span class='ocrx_word' id='word_1_447' title='bbox 725 3172 861 3242; x_wconf 77' lang='lat' dir='ltr'><strong>quomodo</strong></span> <span class='ocrx_word' id='word_1_448' title='bbox 876 3172 919 3229; x_wconf 76' lang='lat' dir='ltr'><strong>net</strong></span> <span class='ocrx_word' id='word_1_449' title='bbox 968 3166 1082 3221; x_wconf 85' lang='lat' dir='ltr'><strong>honesta</strong></span> <span class='ocrx_word' id='word_1_450' title='bbox 1095 3163 1195 3226; x_wconf 89' lang='lat' dir='ltr'><strong>fateor,</strong></span> <span class='ocrx_word' id='word_1_451' title='bbox 1215 3164 1336 3234; x_wconf 88' lang='lat' dir='ltr'><strong>mihique</strong></span> <span class='ocrx_word' id='word_1_452' title='bbox 1349 3165 1464 3222; x_wconf 91' lang='lat' dir='ltr'><strong>mullum</strong></span> <span class='ocrx_word' id='word_1_453' title='bbox 1478 3165 1640 3236; x_wconf 80' lang='lat' dir='ltr'><strong>placabilia:</strong></span> <span class='ocrx_word' id='word_1_454' title='bbox 1656 3166 1715 3233; x_wconf 90' lang='lat' dir='ltr'><strong>sed,</strong></span> <span class='ocrx_word' id='word_1_455' title='bbox 1729 3176 1760 3221; x_wconf 90' lang='lat' dir='ltr'><strong>nt</strong></span> 
     </span>
     <span class='ocr_line' id='line_1_34' title="bbox 127 3254 1760 3330; baseline 0 -18"><span class='ocrx_word' id='word_1_456' title='bbox 127 3254 177 3312; x_wconf 86' lang='lat' dir='ltr'><strong>illa</strong></span> <span class='ocrx_word' id='word_1_457' title='bbox 189 3255 340 3311; x_wconf 82' lang='lat' dir='ltr'><strong>adhibenda</strong></span> <span class='ocrx_word' id='word_1_458' title='bbox 350 3255 393 3311; x_wconf 83' lang='lat' dir='ltr'><strong>rel</strong></span> <span class='ocrx_word' id='word_1_459' title='bbox 403 3258 525 3326; x_wconf 89' lang='lat' dir='ltr'><strong>augenda</strong></span> <span class='ocrx_word' id='word_1_460' title='bbox 538 3259 630 3314; x_wconf 82' lang='lat' dir='ltr'><strong>siti-</strong></span> <span class='ocrx_word' id='word_1_461' title='bbox 639 3261 705 3315; x_wconf 78' lang='lat' dir='ltr'><strong>Aur.</strong></span> <span class='ocrx_word' id='word_1_462' title='bbox 718 3259 776 3316; x_wconf 83' lang='lat' dir='ltr'><strong>lion</strong></span> <span class='ocrx_word' id='word_1_463' title='bbox 788 3261 919 3318; x_wconf 88' lang='lat' dir='ltr'><strong>babemus</strong></span> <span class='ocrx_word' id='word_1_464' title='bbox 968 3259 1046 3315; x_wconf 82' lang='lat' dir='ltr'><strong>video</strong></span> <span class='ocrx_word' id='word_1_465' title='bbox 1067 3266 1096 3314; x_wconf 91' lang='lat' dir='ltr'><strong>ct</strong></span> <span class='ocrx_word' id='word_1_466' title='bbox 1117 3257 1253 3330; x_wconf 77' lang='lat' dir='ltr'><strong>intelligo,</strong></span> <span class='ocrx_word' id='word_1_467' title='bbox 1274 3256 1366 3329; x_wconf 75' lang='lat' dir='ltr'><strong>iugem</strong></span> <span class='ocrx_word' id='word_1_468' title='bbox 1382 3258 1604 3314; x_wconf 79' lang='lat' dir='ltr'><strong>exercitationem</strong></span> <span class='ocrx_word' id='word_1_469' title='bbox 1626 3264 1654 3313; x_wconf 90' lang='lat' dir='ltr'><strong>et</strong></span> <span class='ocrx_word' id='word_1_470' title='bbox 1671 3259 1760 3327; x_wconf 90' lang='lat' dir='ltr'><strong>quoti·</strong></span> 
     </span>
     <span class='ocr_line' id='line_1_35' title="bbox 127 3343 1759 3424; baseline 0.002 -24"><span class='ocrx_word' id='word_1_471' title='bbox 127 3343 253 3415; x_wconf 78' lang='lat' dir='ltr'><strong>eiusalia</strong></span> <span class='ocrx_word' id='word_1_472' title='bbox 265 3353 410 3417; x_wconf 76' lang='lat' dir='ltr'><strong>praccepta,</strong></span> <span class='ocrx_word' id='word_1_473' title='bbox 424 3347 476 3402; x_wconf 91' lang='lat' dir='ltr'><strong>nisi</strong></span> <span class='ocrx_word' id='word_1_474' title='bbox 491 3347 596 3404; x_wconf 88' lang='lat' dir='ltr'><strong>dicendi</strong></span> <span class='ocrx_word' id='word_1_475' title='bbox 608 3347 829 3424; x_wconf 75' lang='lat' dir='ltr'><strong>[lfr.,discendil</strong></span> <span class='ocrx_word' id='word_1_476' title='bbox 841 3367 920 3408; x_wconf 83' lang='lat' dir='ltr'><strong>exer·</strong></span> <span class='ocrx_word' id='word_1_477' title='bbox 969 3351 1079 3408; x_wconf 90' lang='lat' dir='ltr'><strong>diannm</strong></span> <span class='ocrx_word' id='word_1_478' title='bbox 1092 3365 1173 3406; x_wconf 86' lang='lat' dir='ltr'><strong>nsum</strong></span> <span class='ocrx_word' id='word_1_479' title='bbox 1187 3351 1342 3421; x_wconf 88' lang='lat' dir='ltr'><strong>postulant,</strong></span> <span class='ocrx_word' id='word_1_480' title='bbox 1362 3351 1441 3407; x_wconf 91' lang='lat' dir='ltr'><strong>etad</strong></span> <span class='ocrx_word' id='word_1_481' title='bbox 1458 3350 1565 3422; x_wconf 87' lang='lat' dir='ltr'><strong>plenam</strong></span> <span class='ocrx_word' id='word_1_482' title='bbox 1585 3364 1759 3407; x_wconf 88' lang='lat' dir='ltr'><strong>cousumma-</strong></span> 
     </span>
     <span class='ocr_line' id='line_1_36' title="bbox 129 3436 1761 3513; baseline 0.002 -20"><span class='ocrx_word' id='word_1_483' title='bbox 129 3436 287 3493; x_wconf 87' lang='lat' dir='ltr'><strong>eitationem</strong></span> <span class='ocrx_word' id='word_1_484' title='bbox 300 3442 341 3493; x_wconf 74' lang='lat' dir='ltr'><strong>‘et</strong></span> <span class='ocrx_word' id='word_1_485' title='bbox 365 3438 501 3495; x_wconf 88' lang='lat' dir='ltr'><strong>scribendi</strong></span> <span class='ocrx_word' id='word_1_486' title='bbox 520 3455 619 3506; x_wconf 91' lang='lat' dir='ltr'><strong>usum,</strong></span> <span class='ocrx_word' id='word_1_487' title='bbox 647 3448 676 3497; x_wconf 85' lang='lat' dir='ltr'><strong>et</strong></span> <span class='ocrx_word' id='word_1_488' title='bbox 701 3442 837 3513; x_wconf 87' lang='lat' dir='ltr'><strong>cogitandi</strong></span> <span class='ocrx_word' id='word_1_489' title='bbox 861 3451 920 3498; x_wconf 89' lang='lat' dir='ltr'><strong>stu·</strong></span> <span class='ocrx_word' id='word_1_490' title='bbox 968 3445 1085 3510; x_wconf 86' lang='lat' dir='ltr'><strong>tionem,</strong></span> <span class='ocrx_word' id='word_1_491' title='bbox 1106 3443 1158 3499; x_wconf 88' lang='lat' dir='ltr'><strong>nisi</strong></span> <span class='ocrx_word' id='word_1_492' title='bbox 1175 3443 1302 3499; x_wconf 85' lang='lat' dir='ltr'><strong>continua</strong></span> <span class='ocrx_word' id='word_1_493' title='bbox 1318 3443 1493 3500; x_wconf 86' lang='lat' dir='ltr'><strong>meditatione</strong></span> <span class='ocrx_word' id='word_1_494' title='bbox 1507 3453 1533 3498; x_wconf 90' lang='lat' dir='ltr'><strong>et</strong></span> <span class='ocrx_word' id='word_1_495' title='bbox 1549 3442 1661 3499; x_wconf 90' lang='lat' dir='ltr'><strong>instanti</strong></span> <span class='ocrx_word' id='word_1_496' title='bbox 1680 3456 1761 3499; x_wconf 79' lang='lat' dir='ltr'><strong>erer-</strong></span> 
     </span>
     <span class='ocr_line' id='line_1_37' title="bbox 129 3526 1841 3604; baseline 0 -21"><span class='ocrx_word' id='word_1_497' title='bbox 129 3526 221 3594; x_wconf 84' lang='lat' dir='ltr'><strong>dium;</strong></span> <span class='ocrx_word' id='word_1_498' title='bbox 240 3534 268 3581; x_wconf 91' lang='lat' dir='ltr'><strong>et</strong></span> <span class='ocrx_word' id='word_1_499' title='bbox 281 3528 438 3585; x_wconf 79' lang='lat' dir='ltr'><strong>ebrictatem</strong></span> <span class='ocrx_word' id='word_1_500' title='bbox 452 3531 616 3595; x_wconf 82' lang='lat' dir='ltr'><strong>canendam,</strong></span> <span class='ocrx_word' id='word_1_501' title='bbox 631 3545 692 3599; x_wconf 79' lang='lat' dir='ltr'><strong>quae</strong></span> <span class='ocrx_word' id='word_1_502' title='bbox 705 3532 921 3590; x_wconf 85' lang='lat' dir='ltr'><strong>omnibnsbouia</strong></span> <span class='ocrx_word' id='word_1_503' title='bbox 968 3535 1107 3601; x_wconf 89' lang='lat' dir='ltr'><strong>citatione,</strong></span> <span class='ocrx_word' id='word_1_504' title='bbox 1127 3548 1182 3589; x_wconf 91' lang='lat' dir='ltr'><strong>non</strong></span> <span class='ocrx_word' id='word_1_505' title='bbox 1199 3540 1313 3604; x_wconf 92' lang='lat' dir='ltr'><strong>possunt</strong></span> <span class='ocrx_word' id='word_1_506' title='bbox 1326 3533 1480 3603; x_wconf 81' lang='lat' dir='ltr'><strong>pervenire,</strong></span> <span class='ocrx_word' id='word_1_507' title='bbox 1504 3533 1563 3589; x_wconf 88' lang='lat' dir='ltr'><strong>siue</strong></span> <span class='ocrx_word' id='word_1_508' title='bbox 1583 3547 1637 3604; x_wconf 88' lang='lat' dir='ltr'><strong>qua</strong></span> <span class='ocrx_word' id='word_1_509' title='bbox 1658 3532 1760 3588; x_wconf 91' lang='lat' dir='ltr'><strong>nnllam</strong></span> <span class='ocrx_word' id='word_1_510' title='bbox 1840 3579 1841 3583; x_wconf 75' lang='grc'>,</span> 
     </span>
     <span class='ocr_line' id='line_1_38' title="bbox 129 3616 1760 3700; baseline -0.002 -17"><span class='ocrx_word' id='word_1_511' title='bbox 129 3616 228 3673; x_wconf 79' lang='lat' dir='ltr'><strong>rmuiis</strong></span> <span class='ocrx_word' id='word_1_512' title='bbox 244 3626 324 3672; x_wconf 77' lang='lat' dir='ltr'><strong>nocer</strong></span> <span class='ocrx_word' id='word_1_513' title='bbox 341 3618 476 3683; x_wconf 76' lang='lat' dir='ltr'><strong>maxime3</strong></span> <span class='ocrx_word' id='word_1_514' title='bbox 494 3633 554 3688; x_wconf 77' lang='lat' dir='ltr'><strong>ouae</strong></span> <span class='ocrx_word' id='word_1_515' title='bbox 567 3635 621 3675; x_wconf 86' lang='lat' dir='ltr'><strong>nnn</strong></span> <span class='ocrx_word' id='word_1_516' title='bbox 635 3619 920 3692; x_wconf 81' lang='lat' dir='ltr'><strong>solunenrporisan·</strong></span> <span class='ocrx_word' id='word_1_517' title='bbox 970 3630 1138 3700; x_wconf 76' lang='lat' dir='ltr'><strong>disciplinam</strong></span> <span class='ocrx_word' id='word_1_518' title='bbox 1163 3643 1224 3686; x_wconf 84' lang='lat' dir='ltr'><strong>esse</strong></span> <span class='ocrx_word' id='word_1_519' title='bbox 1247 3628 1376 3684; x_wconf 82' lang='lat' dir='ltr'><strong>illustrem</strong></span> <span class='ocrx_word' id='word_1_520' title='bbox 1400 3635 1475 3698; x_wconf 82' lang='lat' dir='ltr'><strong>puro.</strong></span> <span class='ocrx_word' id='word_1_521' title='bbox 1490 3657 1527 3670; x_wconf 87' lang='lat'>-</span> <span class='ocrx_word' id='word_1_522' title='bbox 1546 3625 1612 3681; x_wconf 78' lang='lat' dir='ltr'><strong>tan.</strong></span> <span class='ocrx_word' id='word_1_523' title='bbox 1638 3624 1677 3680; x_wconf 84' lang='lat' dir='ltr'><strong>ira</strong></span> <span class='ocrx_word' id='word_1_524' title='bbox 1698 3632 1760 3689; x_wconf 83' lang='lat' dir='ltr'><strong>est,</strong></span> 
     </span>
     <span class='ocr_line' id='line_1_39' title="bbox 128 3705 1760 3786; baseline 0.005 -25"><span class='ocrx_word' id='word_1_525' title='bbox 128 3705 186 3763; x_wconf 92' lang='lat' dir='ltr'><strong>fert</strong></span> <span class='ocrx_word' id='word_1_526' title='bbox 198 3708 349 3776; x_wconf 87' lang='lat' dir='ltr'><strong>sanitatem,</strong></span> <span class='ocrx_word' id='word_1_527' title='bbox 362 3710 503 3765; x_wconf 89' lang='lat' dir='ltr'><strong>sedetiam</strong></span> <span class='ocrx_word' id='word_1_528' title='bbox 517 3711 615 3767; x_wconf 89' lang='lat' dir='ltr'><strong>mentis</strong></span> <span class='ocrx_word' id='word_1_529' title='bbox 627 3709 704 3783; x_wconf 71' lang='lat' dir='ltr'><strong>ilfa,</strong></span> <span class='ocrx_word' id='word_1_530' title='bbox 715 3712 811 3786; x_wconf 87' lang='lat' dir='ltr'><strong>menti]</strong></span> <span class='ocrx_word' id='word_1_531' title='bbox 824 3713 922 3769; x_wconf 79' lang='lat' dir='ltr'><strong>adimit</strong></span> <span class='ocrx_word' id='word_1_532' title='bbox 970 3720 1077 3775; x_wconf 89' lang='lat' dir='ltr'><strong>domine</strong></span> <span class='ocrx_word' id='word_1_533' title='bbox 1091 3721 1129 3774; x_wconf 91' lang='lat' dir='ltr'><strong>mi</strong></span> <span class='ocrx_word' id='word_1_534' title='bbox 1145 3735 1206 3784; x_wconf 79' lang='lat' dir='ltr'><strong>rex,</strong></span> <span class='ocrx_word' id='word_1_535' title='bbox 1220 3727 1251 3773; x_wconf 89' lang='lat' dir='ltr'><strong>ut</strong></span> <span class='ocrx_word' id='word_1_536' title='bbox 1265 3719 1342 3774; x_wconf 83' lang='lat' dir='ltr'><strong>dicis.</strong></span> <span class='ocrx_word' id='word_1_537' title='bbox 1364 3717 1432 3773; x_wconf 82' lang='lat' dir='ltr'><strong>llam</strong></span> <span class='ocrx_word' id='word_1_538' title='bbox 1447 3716 1607 3773; x_wconf 87' lang='lat' dir='ltr'><strong>exercitatio</strong></span> <span class='ocrx_word' id='word_1_539' title='bbox 1623 3714 1760 3783; x_wconf 85' lang='lat' dir='ltr'><strong>ingenium</strong></span> 
     </span>
     <span class='ocr_line' id='line_1_40' title="bbox 129 3800 1762 3880; baseline -0.007 -9"><span class='ocrx_word' id='word_1_540' title='bbox 129 3800 325 3870; x_wconf 66' lang='lat' dir='ltr'><strong>illiefritatem.</strong></span> <span class='ocrx_word' id='word_1_541' title='bbox 969 3818 998 3865; x_wconf 90' lang='lat' dir='ltr'><strong>et</strong></span> <span class='ocrx_word' id='word_1_542' title='bbox 1010 3817 1137 3864; x_wconf 86' lang='lat' dir='ltr'><strong>naturam</strong></span> <span class='ocrx_word' id='word_1_543' title='bbox 1149 3823 1220 3880; x_wconf 83' lang='lat' dir='ltr'><strong>saepe</strong></span> <span class='ocrx_word' id='word_1_544' title='bbox 1231 3808 1331 3873; x_wconf 74' lang='lat' dir='ltr'><strong>vincit,</strong></span> <span class='ocrx_word' id='word_1_545' title='bbox 1353 3816 1381 3862; x_wconf 90' lang='lat' dir='ltr'><strong>ct</strong></span> <span class='ocrx_word' id='word_1_546' title='bbox 1398 3822 1464 3862; x_wconf 89' lang='lat' dir='ltr'><strong>usus</strong></span> <span class='ocrx_word' id='word_1_547' title='bbox 1477 3807 1599 3862; x_wconf 89' lang='lat' dir='ltr'><strong>omnium</strong></span> <span class='ocrx_word' id='word_1_548' title='bbox 1618 3803 1762 3875; x_wconf 89' lang='lat' dir='ltr'><strong>magistro-</strong></span> 
     </span>
     <span class='ocr_line' id='line_1_41' title="bbox 167 3893 1762 3970; baseline 0.001 -21"><span class='ocrx_word' id='word_1_549' title='bbox 167 3893 234 3949; x_wconf 82' lang='lat' dir='ltr'><strong>Ctr.</strong></span> <span class='ocrx_word' id='word_1_550' title='bbox 249 3895 393 3951; x_wconf 79' lang='lat' dir='ltr'><strong>Sufficiunt</strong></span> <span class='ocrx_word' id='word_1_551' title='bbox 403 3895 464 3951; x_wconf 73' lang='lat' dir='ltr'><strong>haec</strong></span> <span class='ocrx_word' id='word_1_552' title='bbox 476 3902 625 3966; x_wconf 87' lang='lat' dir='ltr'><strong>praecepta,</strong></span> <span class='ocrx_word' id='word_1_553' title='bbox 639 3896 664 3953; x_wconf 87' lang='lat' dir='ltr'><strong>si</strong></span> <span class='ocrx_word' id='word_1_554' title='bbox 678 3896 740 3966; x_wconf 89' lang='lat' dir='ltr'><strong>quis</strong></span> <span class='ocrx_word' id='word_1_555' title='bbox 752 3895 866 3953; x_wconf 88' lang='lat' dir='ltr'><strong>idoneus</strong></span> <span class='ocrx_word' id='word_1_556' title='bbox 878 3904 922 3952; x_wconf 91' lang='lat' dir='ltr'><strong>est</strong></span> <span class='ocrx_word' id='word_1_557' title='bbox 970 3915 1031 3955; x_wconf 89' lang='lat' dir='ltr'><strong>rum</strong></span> <span class='ocrx_word' id='word_1_558' title='bbox 1050 3905 1184 3970; x_wconf 77' lang='lat' dir='ltr'><strong>precepta</strong></span> <span class='ocrx_word' id='word_1_559' title='bbox 1203 3897 1352 3967; x_wconf 85' lang='lat' dir='ltr'><strong>superabit.</strong></span> <span class='ocrx_word' id='word_1_560' title='bbox 1376 3894 1558 3963; x_wconf 88' lang='lat' dir='ltr'><strong>Quamobrem</strong></span> <span class='ocrx_word' id='word_1_561' title='bbox 1573 3894 1711 3959; x_wconf 80' lang='lat' dir='ltr'><strong>inventio,</strong></span> <span class='ocrx_word' id='word_1_562' title='bbox 1733 3901 1762 3953; x_wconf 88' lang='lat' dir='ltr'><strong>et</strong></span> 
     </span>
     <span class='ocr_line' id='line_1_42' title="bbox 130 3983 1762 4061; baseline 0.001 -20"><span class='ocrx_word' id='word_1_563' title='bbox 130 3983 167 4041; x_wconf 86' lang='lat' dir='ltr'><strong>ad</strong></span> <span class='ocrx_word' id='word_1_564' title='bbox 185 3987 244 4043; x_wconf 83' lang='lat' dir='ltr'><strong>bac</strong></span> <span class='ocrx_word' id='word_1_565' title='bbox 263 3986 409 4056; x_wconf 87' lang='lat' dir='ltr'><strong>implenda.</strong></span> <span class='ocrx_word' id='word_1_566' title='bbox 438 3985 522 4052; x_wconf 88' lang='lat' dir='ltr'><strong>Nam,</strong></span> <span class='ocrx_word' id='word_1_567' title='bbox 543 3986 677 4052; x_wconf 84' lang='lat' dir='ltr'><strong>utvideo,</strong></span> <span class='ocrx_word' id='word_1_568' title='bbox 697 3986 923 4041; x_wconf 89' lang='lat' dir='ltr'><strong>tamarduasunt</strong></span> <span class='ocrx_word' id='word_1_569' title='bbox 966 3990 1120 4061; x_wconf 81' lang='lat' dir='ltr'><strong>dispositio,</strong></span> <span class='ocrx_word' id='word_1_570' title='bbox 1139 3998 1168 4045; x_wconf 89' lang='lat' dir='ltr'><strong>et</strong></span> <span class='ocrx_word' id='word_1_571' title='bbox 1182 3987 1308 4054; x_wconf 90' lang='lat' dir='ltr'><strong>elocutio,</strong></span> <span class='ocrx_word' id='word_1_572' title='bbox 1327 3995 1354 4042; x_wconf 90' lang='lat' dir='ltr'><strong>et</strong></span> <span class='ocrx_word' id='word_1_573' title='bbox 1374 3987 1505 4042; x_wconf 90' lang='lat' dir='ltr'><strong>memoria</strong></span> <span class='ocrx_word' id='word_1_574' title='bbox 1527 3992 1555 4041; x_wconf 94' lang='lat' dir='ltr'><strong>et</strong></span> <span class='ocrx_word' id='word_1_575' title='bbox 1575 3985 1762 4056; x_wconf 86' lang='lat' dir='ltr'><strong>pronuntiatio</strong></span> 
     </span>
     <span class='ocr_line' id='line_1_43' title="bbox 129 4078 1762 4149; baseline -0.007 -5"><span class='ocrx_word' id='word_1_576' title='bbox 129 4078 690 4149; x_wconf 62' lang='lat' dir='ltr'><strong>militiumrafflvetbi⁵·-Atlt·ffliim</strong></span> <span class='ocrx_word' id='word_1_577' title='bbox 701 4078 786 4141; x_wconf 68' lang='lat' dir='ltr'><strong>ardua</strong></span> <span class='ocrx_word' id='word_1_578' title='bbox 797 4078 919 4134; x_wconf 72' lang='lat' dir='ltr'><strong>eiulilii·</strong></span> <span class='ocrx_word' id='word_1_579' title='bbox 970 4097 1021 4139; x_wconf 88' lang='lat' dir='ltr'><strong>osu</strong></span> <span class='ocrx_word' id='word_1_580' title='bbox 1039 4082 1097 4137; x_wconf 92' lang='lat' dir='ltr'><strong>acri</strong></span> <span class='ocrx_word' id='word_1_581' title='bbox 1114 4090 1142 4138; x_wconf 84' lang='lat' dir='ltr'><strong>et</strong></span> <span class='ocrx_word' id='word_1_582' title='bbox 1161 4081 1355 4138; x_wconf 82' lang='lat' dir='ltr'><strong>exercitatione</strong></span> <span class='ocrx_word' id='word_1_583' title='bbox 1371 4079 1550 4135; x_wconf 88' lang='lat' dir='ltr'><strong>intentissima</strong></span> <span class='ocrx_word' id='word_1_584' title='bbox 1568 4078 1762 4135; x_wconf 71' lang='lat' dir='ltr'><strong>convalescunt</strong></span> 
     </span>
     <span class='ocr_line' id='line_1_44' title="bbox 340 4168 1763 4246; baseline -0.004 -17"><span class='ocrx_word' id='word_1_585' title='bbox 340 4188 384 4243; x_wconf 78' lang='lat' dir='ltr'><strong>pq</strong></span> <span class='ocrx_word' id='word_1_586' title='bbox 403 4187 715 4244; x_wconf 71' lang='lat' dir='ltr'><strong>pqqpiqqqngqpqqpq,</strong></span> <span class='ocrx_word' id='word_1_587' title='bbox 972 4172 1039 4246; x_wconf 72' lang='lat' dir='ltr'><strong>pit,</strong></span> <span class='ocrx_word' id='word_1_588' title='bbox 1055 4169 1283 4243; x_wconf 77' lang='lat' dir='ltr'><strong>convalescentel.</strong></span> <span class='ocrx_word' id='word_1_589' title='bbox 1305 4169 1415 4226; x_wconf 81' lang='lat' dir='ltr'><strong>Naturae</strong></span> <span class='ocrx_word' id='word_1_590' title='bbox 1427 4170 1500 4226; x_wconf 85' lang='lat' dir='ltr'><strong>enim</strong></span> <span class='ocrx_word' id='word_1_591' title='bbox 1513 4170 1599 4225; x_wconf 82' lang='lat' dir='ltr'><strong>ricem</strong></span> <span class='ocrx_word' id='word_1_592' title='bbox 1610 4184 1680 4239; x_wconf 88' lang='lat' dir='ltr'><strong>pene</strong></span> <span class='ocrx_word' id='word_1_593' title='bbox 1692 4168 1763 4226; x_wconf 91' lang='lat' dir='ltr'><strong>obti-</strong></span> 
     </span>
     <span class='ocr_line' id='line_1_45' title="bbox 135 4257 1765 4347; baseline 0 -31"><span class='ocrx_word' id='word_1_594' title='bbox 135 4328 143 4347; x_wconf 29' lang='grc' dir='ltr'><strong>Δ</strong></span> <span class='ocrx_word' id='word_1_595' title='bbox 167 4257 234 4316; x_wconf 78' lang='lat' dir='ltr'><strong>Cau.</strong></span> <span class='ocrx_word' id='word_1_596' title='bbox 258 4258 311 4315; x_wconf 88' lang='lat' dir='ltr'><strong>Sed</strong></span> <span class='ocrx_word' id='word_1_597' title='bbox 333 4260 400 4315; x_wconf 89' lang='lat' dir='ltr'><strong>ordo</strong></span> <span class='ocrx_word' id='word_1_598' title='bbox 421 4275 488 4314; x_wconf 83' lang='lat' dir='ltr'><strong>meae</strong></span> <span class='ocrx_word' id='word_1_599' title='bbox 508 4260 729 4330; x_wconf 87' lang='lat' dir='ltr'><strong>interrogationis</strong></span> <span class='ocrx_word' id='word_1_600' title='bbox 753 4258 872 4330; x_wconf 86' lang='lat' dir='ltr'><strong>postulat</strong></span> <span class='ocrx_word' id='word_1_601' title='bbox 892 4268 923 4316; x_wconf 90' lang='lat' dir='ltr'><strong>ut</strong></span> <span class='ocrx_word' id='word_1_602' title='bbox 971 4270 1018 4320; x_wconf 85' lang='lat' dir='ltr'><strong>net</strong></span> <span class='ocrx_word' id='word_1_603' title='bbox 1028 4261 1207 4320; x_wconf 89' lang='lat' dir='ltr'><strong>consuetudo.</strong></span> <span class='ocrx_word' id='word_1_604' title='bbox 1221 4260 1289 4316; x_wconf 83' lang='lat' dir='ltr'><strong>llam</strong></span> <span class='ocrx_word' id='word_1_605' title='bbox 1302 4262 1329 4317; x_wconf 92' lang='lat' dir='ltr'><strong>in</strong></span> <span class='ocrx_word' id='word_1_606' title='bbox 1341 4269 1400 4316; x_wconf 86' lang='lat' dir='ltr'><strong>arte</strong></span> <span class='ocrx_word' id='word_1_607' title='bbox 1410 4261 1532 4332; x_wconf 89' lang='lat' dir='ltr'><strong>qualibet</strong></span> <span class='ocrx_word' id='word_1_608' title='bbox 1541 4261 1689 4317; x_wconf 86' lang='lat' dir='ltr'><strong>exercitata</strong></span> <span class='ocrx_word' id='word_1_609' title='bbox 1699 4275 1765 4317; x_wconf 86' lang='lat' dir='ltr'><strong>con·</strong></span> 
     </span>
     <span class='ocr_line' id='line_1_46' title="bbox 131 4350 1763 4423; baseline 0.001 -17"><span class='ocrx_word' id='word_1_610' title='bbox 131 4357 180 4406; x_wconf 75' lang='lat' dir='ltr'><strong>nra</strong></span> <span class='ocrx_word' id='word_1_611' title='bbox 199 4351 336 4421; x_wconf 86' lang='lat' dir='ltr'><strong>responsio</strong></span> <span class='ocrx_word' id='word_1_612' title='bbox 357 4350 391 4404; x_wconf 91' lang='lat' dir='ltr'><strong>ad</strong></span> <span class='ocrx_word' id='word_1_613' title='bbox 411 4350 659 4420; x_wconf 86' lang='lat' dir='ltr'><strong>pronuntiationem</strong></span> <span class='ocrx_word' id='word_1_614' title='bbox 670 4351 817 4422; x_wconf 87' lang='lat' dir='ltr'><strong>procedat,</strong></span> <span class='ocrx_word' id='word_1_615' title='bbox 839 4366 921 4421; x_wconf 91' lang='lat' dir='ltr'><strong>quam</strong></span> <span class='ocrx_word' id='word_1_616' title='bbox 973 4355 1086 4411; x_wconf 90' lang='lat' dir='ltr'><strong>suetudo</strong></span> <span class='ocrx_word' id='word_1_617' title='bbox 1099 4352 1290 4410; x_wconf 88' lang='lat' dir='ltr'><strong>confidentiam</strong></span> <span class='ocrx_word' id='word_1_618' title='bbox 1303 4352 1540 4422; x_wconf 90' lang='lat' dir='ltr'><strong>constantiamque</strong></span> <span class='ocrx_word' id='word_1_619' title='bbox 1553 4361 1690 4423; x_wconf 90' lang='lat' dir='ltr'><strong>procreat,</strong></span> <span class='ocrx_word' id='word_1_620' title='bbox 1704 4351 1763 4408; x_wconf 80' lang='lat' dir='ltr'><strong>sine</strong></span> 
     </span>
     <span class='ocr_line' id='line_1_47' title="bbox 130 4441 1763 4516; baseline 0.001 -18"><span class='ocrx_word' id='word_1_621' title='bbox 130 4443 255 4515; x_wconf 86' lang='lat' dir='ltr'><strong>quintam</strong></span> <span class='ocrx_word' id='word_1_622' title='bbox 273 4453 377 4513; x_wconf 91' lang='lat' dir='ltr'><strong>partem</strong></span> <span class='ocrx_word' id='word_1_623' title='bbox 397 4443 465 4499; x_wconf 88' lang='lat' dir='ltr'><strong>artis</strong></span> <span class='ocrx_word' id='word_1_624' title='bbox 485 4443 628 4499; x_wconf 74' lang='lat' dir='ltr'><strong>rhetoricae</strong></span> <span class='ocrx_word' id='word_1_625' title='bbox 642 4441 726 4516; x_wconf 76' lang='lat' dir='ltr'><strong>lesse]</strong></span> <span class='ocrx_word' id='word_1_626' title='bbox 740 4443 768 4499; x_wconf 91' lang='lat' dir='ltr'><strong>in</strong></span> <span class='ocrx_word' id='word_1_627' title='bbox 787 4444 921 4514; x_wconf 89' lang='lat' dir='ltr'><strong>principio</strong></span> <span class='ocrx_word' id='word_1_628' title='bbox 972 4459 1026 4516; x_wconf 91' lang='lat' dir='ltr'><strong>qua</strong></span> <span class='ocrx_word' id='word_1_629' title='bbox 1040 4444 1077 4500; x_wconf 89' lang='lat' dir='ltr'><strong>nil</strong></span> <span class='ocrx_word' id='word_1_630' title='bbox 1090 4459 1137 4500; x_wconf 86' lang='lat' dir='ltr'><strong>ars</strong></span> <span class='ocrx_word' id='word_1_631' title='bbox 1148 4442 1265 4514; x_wconf 80' lang='lat' dir='ltr'><strong>proicit.</strong></span> <span class='ocrx_word' id='word_1_632' title='bbox 1280 4442 1351 4511; x_wconf 92' lang='lat' dir='ltr'><strong>Quid</strong></span> <span class='ocrx_word' id='word_1_633' title='bbox 1364 4443 1438 4499; x_wconf 90' lang='lat' dir='ltr'><strong>euim</strong></span> <span class='ocrx_word' id='word_1_634' title='bbox 1454 4442 1556 4498; x_wconf 88' lang='lat' dir='ltr'><strong>timidis</strong></span> <span class='ocrx_word' id='word_1_635' title='bbox 1569 4443 1667 4498; x_wconf 84' lang='lat' dir='ltr'><strong>armai</strong></span> <span class='ocrx_word' id='word_1_636' title='bbox 1683 4443 1763 4500; x_wconf 75' lang='lat' dir='ltr'><strong>Amet</strong></span> 
     </span>
     <span class='ocr_line' id='line_1_48' title="bbox 130 4532 1764 4606; baseline -0.002 -15"><span class='ocrx_word' id='word_1_637' title='bbox 130 4541 233 4591; x_wconf 82' lang='lat' dir='ltr'><strong>nostra</strong></span> <span class='ocrx_word' id='word_1_638' title='bbox 246 4534 436 4605; x_wconf 85' lang='lat' dir='ltr'><strong>disputationis</strong></span> <span class='ocrx_word' id='word_1_639' title='bbox 451 4535 561 4590; x_wconf 88' lang='lat' dir='ltr'><strong>memini</strong></span> <span class='ocrx_word' id='word_1_640' title='bbox 575 4543 602 4590; x_wconf 88' lang='lat' dir='ltr'><strong>te</strong></span> <span class='ocrx_word' id='word_1_641' title='bbox 616 4536 726 4603; x_wconf 86' lang='lat' dir='ltr'><strong>dixisse,</strong></span> <span class='ocrx_word' id='word_1_642' title='bbox 741 4535 923 4606; x_wconf 87' lang='lat' dir='ltr'><strong>magister.-</strong></span> <span class='ocrx_word' id='word_1_643' title='bbox 972 4534 1079 4591; x_wconf 90' lang='lat' dir='ltr'><strong>laudem</strong></span> <span class='ocrx_word' id='word_1_644' title='bbox 1090 4532 1214 4603; x_wconf 85' lang='lat' dir='ltr'><strong>juvenis,</strong></span> <span class='ocrx_word' id='word_1_645' title='bbox 1234 4547 1417 4604; x_wconf 88' lang='lat' dir='ltr'><strong>magnumque</strong></span> <span class='ocrx_word' id='word_1_646' title='bbox 1430 4533 1589 4598; x_wconf 78' lang='lat' dir='ltr'><strong>animosae,</strong></span> <span class='ocrx_word' id='word_1_647' title='bbox 1613 4533 1705 4588; x_wconf 90' lang='lat' dir='ltr'><strong>multis</strong></span> <span class='ocrx_word' id='word_1_648' title='bbox 1722 4540 1764 4588; x_wconf 86' lang='lat' dir='ltr'><strong>ta·</strong></span> 
     </span>
     <span class='ocr_line' id='line_1_49' title="bbox 128 4623 1764 4700; baseline -0.001 -17"><span class='ocrx_word' id='word_1_649' title='bbox 128 4624 199 4683; x_wconf 77' lang='lat' dir='ltr'><strong>Ate.</strong></span> <span class='ocrx_word' id='word_1_650' title='bbox 223 4626 405 4683; x_wconf 86' lang='lat' dir='ltr'><strong>Pronuntintin</strong></span> <span class='ocrx_word' id='word_1_651' title='bbox 418 4636 461 4684; x_wconf 92' lang='lat' dir='ltr'><strong>est</strong></span> <span class='ocrx_word' id='word_1_652' title='bbox 472 4630 617 4685; x_wconf 83' lang='lat' dir='ltr'><strong>uerborum</strong></span> <span class='ocrx_word' id='word_1_653' title='bbox 630 4628 758 4700; x_wconf 86' lang='lat' dir='ltr'><strong>dignitus,</strong></span> <span class='ocrx_word' id='word_1_654' title='bbox 771 4629 846 4687; x_wconf 78' lang='lat' dir='ltr'><strong>vocis</strong></span> <span class='ocrx_word' id='word_1_655' title='bbox 861 4644 923 4685; x_wconf 91' lang='lat' dir='ltr'><strong>sen·</strong></span> <span class='ocrx_word' id='word_1_656' title='bbox 973 4627 1114 4695; x_wconf 90' lang='lat' dir='ltr'><strong>centibus,</strong></span> <span class='ocrx_word' id='word_1_657' title='bbox 1134 4626 1221 4682; x_wconf 91' lang='lat' dir='ltr'><strong>solum</strong></span> <span class='ocrx_word' id='word_1_658' title='bbox 1242 4625 1340 4681; x_wconf 88' lang='lat' dir='ltr'><strong>audiri.</strong></span> <span class='ocrx_word' id='word_1_659' title='bbox 1365 4623 1433 4680; x_wconf 84' lang='lat' dir='ltr'><strong>liam</strong></span> <span class='ocrx_word' id='word_1_660' title='bbox 1455 4624 1518 4680; x_wconf 89' lang='lat' dir='ltr'><strong>lieet</strong></span> <span class='ocrx_word' id='word_1_661' title='bbox 1537 4625 1595 4695; x_wconf 87' lang='lat' dir='ltr'><strong>ipsa</strong></span> <span class='ocrx_word' id='word_1_662' title='bbox 1612 4626 1707 4681; x_wconf 84' lang='lat' dir='ltr'><strong>vitium</strong></span> <span class='ocrx_word' id='word_1_663' title='bbox 1727 4625 1764 4683; x_wconf 88' lang='lat' dir='ltr'><strong>sit</strong></span> 
     </span>
     <span class='ocr_line' id='line_1_50' title="bbox 131 4713 1762 4792; baseline -0.002 -19"><span class='ocrx_word' id='word_1_664' title='bbox 131 4718 211 4775; x_wconf 87' lang='lat' dir='ltr'><strong>sibus</strong></span> <span class='ocrx_word' id='word_1_665' title='bbox 222 4721 435 4776; x_wconf 85' lang='lat' dir='ltr'><strong>accommodatio</strong></span> <span class='ocrx_word' id='word_1_666' title='bbox 446 4718 512 4792; x_wconf 77' lang='lat' dir='ltr'><strong>[at.</strong></span> <span class='ocrx_word' id='word_1_667' title='bbox 524 4719 747 4792; x_wconf 78' lang='lat' dir='ltr'><strong>accommodatal,</strong></span> <span class='ocrx_word' id='word_1_668' title='bbox 763 4729 791 4776; x_wconf 92' lang='lat' dir='ltr'><strong>et</strong></span> <span class='ocrx_word' id='word_1_669' title='bbox 801 4720 923 4791; x_wconf 87' lang='lat' dir='ltr'><strong>corporis</strong></span> <span class='ocrx_word' id='word_1_670' title='bbox 974 4717 1097 4783; x_wconf 91' lang='lat' dir='ltr'><strong>ambitio,</strong></span> <span class='ocrx_word' id='word_1_671' title='bbox 1111 4717 1268 4786; x_wconf 90' lang='lat' dir='ltr'><strong>frequenter</strong></span> <span class='ocrx_word' id='word_1_672' title='bbox 1280 4723 1371 4770; x_wconf 83' lang='lat' dir='ltr'><strong>tameo</strong></span> <span class='ocrx_word' id='word_1_673' title='bbox 1380 4713 1463 4784; x_wconf 74' lang='lat'><strong>329</strong></span> <span class='ocrx_word' id='word_1_674' title='bbox 1473 4728 1556 4770; x_wconf 90' lang='lat' dir='ltr'><strong>causa</strong></span> <span class='ocrx_word' id='word_1_675' title='bbox 1568 4715 1698 4770; x_wconf 80' lang='lat' dir='ltr'><strong>virtutum</strong></span> <span class='ocrx_word' id='word_1_676' title='bbox 1710 4723 1762 4772; x_wconf 87' lang='grc' dir='ltr'><strong>εει.</strong></span> 
     </span>
     <span class='ocr_line' id='line_1_51' title="bbox 130 4804 1764 4879; baseline -0.006 -8"><span class='ocrx_word' id='word_1_677' title='bbox 130 4813 294 4871; x_wconf 87' lang='lat' dir='ltr'><strong>moderatio.</strong></span> <span class='ocrx_word' id='word_1_678' title='bbox 318 4812 382 4869; x_wconf 81' lang='lat' dir='ltr'><strong>tiae</strong></span> <span class='ocrx_word' id='word_1_679' title='bbox 394 4813 465 4868; x_wconf 93' lang='lat' dir='ltr'><strong>euim</strong></span> <span class='ocrx_word' id='word_1_680' title='bbox 481 4813 508 4868; x_wconf 90' lang='lat' dir='ltr'><strong>in</strong></span> <span class='ocrx_word' id='word_1_681' title='bbox 524 4821 629 4869; x_wconf 82' lang='lat' dir='ltr'><strong>tantum</strong></span> <span class='ocrx_word' id='word_1_682' title='bbox 642 4813 767 4879; x_wconf 76' lang='lat' dir='ltr'><strong>excellit,</strong></span> <span class='ocrx_word' id='word_1_683' title='bbox 790 4823 820 4869; x_wconf 89' lang='lat' dir='ltr'><strong>ut</strong></span> <span class='ocrx_word' id='word_1_684' title='bbox 839 4816 922 4871; x_wconf 87' lang='lat' dir='ltr'><strong>etiam</strong></span> <span class='ocrx_word' id='word_1_685' title='bbox 973 4810 1066 4866; x_wconf 87' lang='lat' dir='ltr'><strong>Discat</strong></span> <span class='ocrx_word' id='word_1_686' title='bbox 1079 4812 1113 4866; x_wconf 90' lang='lat' dir='ltr'><strong>ab</strong></span> <span class='ocrx_word' id='word_1_687' title='bbox 1125 4806 1305 4864; x_wconf 86' lang='lat' dir='ltr'><strong>adolescentia</strong></span> <span class='ocrx_word' id='word_1_688' title='bbox 1322 4822 1377 4863; x_wconf 90' lang='lat' dir='ltr'><strong>uon</strong></span> <span class='ocrx_word' id='word_1_689' title='bbox 1394 4804 1571 4863; x_wconf 84' lang='lat' dir='ltr'><strong>reformidare</strong></span> <span class='ocrx_word' id='word_1_690' title='bbox 1588 4815 1651 4863; x_wconf 90' lang='lat' dir='ltr'><strong>aute</strong></span> <span class='ocrx_word' id='word_1_691' title='bbox 1665 4806 1764 4864; x_wconf 89' lang='lat' dir='ltr'><strong>multos</strong></span> 
     </span>
     <span class='ocr_line' id='line_1_52' title="bbox 131 4895 1764 4971; baseline -0.004 -11"><span class='ocrx_word' id='word_1_692' title='bbox 131 4904 283 4961; x_wconf 88' lang='lat' dir='ltr'><strong>secundum</strong></span> <span class='ocrx_word' id='word_1_693' title='bbox 302 4904 464 4959; x_wconf 85' lang='lat' dir='ltr'><strong>senteutiam</strong></span> <span class='ocrx_word' id='word_1_694' title='bbox 484 4905 595 4959; x_wconf 81' lang='lat' dir='ltr'><strong>marinri</strong></span> <span class='ocrx_word' id='word_1_695' title='bbox 611 4903 690 4960; x_wconf 82' lang='lat' dir='ltr'><strong>initii</strong></span> <span class='ocrx_word' id='word_1_696' title='bbox 710 4904 817 4959; x_wconf 89' lang='lat' dir='ltr'><strong>indocta</strong></span> <span class='ocrx_word' id='word_1_697' title='bbox 833 4906 922 4961; x_wconf 90' lang='lat' dir='ltr'><strong>oratio</strong></span> <span class='ocrx_word' id='word_1_698' title='bbox 974 4901 1058 4971; x_wconf 92' lang='lat' dir='ltr'><strong>loqui,</strong></span> <span class='ocrx_word' id='word_1_699' title='bbox 1071 4909 1102 4955; x_wconf 90' lang='lat' dir='ltr'><strong>ut</strong></span> <span class='ocrx_word' id='word_1_700' title='bbox 1116 4915 1179 4956; x_wconf 92' lang='lat' dir='ltr'><strong>eum</strong></span> <span class='ocrx_word' id='word_1_701' title='bbox 1191 4895 1641 4971; x_wconf 86' lang='lat' dir='ltr'><strong>necmetus[frangat]‚uecnltra</strong></span> <span class='ocrx_word' id='word_1_702' title='bbox 1654 4898 1764 4955; x_wconf 90' lang='lat' dir='ltr'><strong>modum</strong></span> 
     </span>
     <span class='ocr_line' id='line_1_53' title="bbox 131 4989 1764 5066; baseline -0.004 -15"><span class='ocrx_word' id='word_1_703' title='bbox 131 4995 240 5051; x_wconf 88' lang='lat' dir='ltr'><strong>laudem</strong></span> <span class='ocrx_word' id='word_1_704' title='bbox 254 4992 367 5066; x_wconf 73' lang='lat' dir='ltr'><strong>immeo]</strong></span> <span class='ocrx_word' id='word_1_705' title='bbox 379 5003 571 5064; x_wconf 88' lang='lat' dir='ltr'><strong>consequatur,</strong></span> <span class='ocrx_word' id='word_1_706' title='bbox 584 4995 607 5050; x_wconf 86' lang='lat' dir='ltr'><strong>si</strong></span> <span class='ocrx_word' id='word_1_707' title='bbox 620 4995 722 5065; x_wconf 90' lang='lat' dir='ltr'><strong>optime</strong></span> <span class='ocrx_word' id='word_1_708' title='bbox 734 4995 924 5064; x_wconf 89' lang='lat' dir='ltr'><strong>pronuntietur</strong></span> <span class='ocrx_word' id='word_1_709' title='bbox 974 4996 1126 5052; x_wconf 85' lang='lat' dir='ltr'><strong>reverentia</strong></span> <span class='ocrx_word' id='word_1_710' title='bbox 1149 4993 1287 5059; x_wconf 90' lang='lat' dir='ltr'><strong>retardet,</strong></span> <span class='ocrx_word' id='word_1_711' title='bbox 1310 4999 1342 5048; x_wconf 89' lang='lat' dir='ltr'><strong>ut</strong></span> <span class='ocrx_word' id='word_1_712' title='bbox 1360 5007 1422 5048; x_wconf 92' lang='lat' dir='ltr'><strong>cum</strong></span> <span class='ocrx_word' id='word_1_713' title='bbox 1442 4991 1567 5048; x_wconf 90' lang='lat' dir='ltr'><strong>omnibus</strong></span> <span class='ocrx_word' id='word_1_714' title='bbox 1588 4991 1706 5048; x_wconf 86' lang='lat' dir='ltr'><strong>oratoris</strong></span> <span class='ocrx_word' id='word_1_715' title='bbox 1728 4989 1764 5046; x_wconf 87' lang='lat' dir='ltr'><strong>sit</strong></span> 
     </span>
     <span class='ocr_line' id='line_1_54' title="bbox 133 5081 1765 5163; baseline -0.003 -20"><span class='ocrx_word' id='word_1_716' title='bbox 133 5088 228 5163; x_wconf 61' lang='grc' dir='ltr'><strong>μω,</strong></span> <span class='ocrx_word' id='word_1_717' title='bbox 242 5086 415 5159; x_wconf 72' lang='grc' dir='ltr'><strong>μιοιειιιιιι].</strong></span> <span class='ocrx_word' id='word_1_718' title='bbox 436 5085 471 5142; x_wconf 77' lang='lat' dir='ltr'><strong>Et</strong></span> <span class='ocrx_word' id='word_1_719' title='bbox 482 5087 654 5157; x_wconf 80' lang='lat' dir='ltr'><strong>quantumvis</strong></span> <span class='ocrx_word' id='word_1_720' title='bbox 666 5086 796 5156; x_wconf 85' lang='lat' dir='ltr'><strong>expolita,</strong></span> <span class='ocrx_word' id='word_1_721' title='bbox 809 5087 833 5142; x_wconf 85' lang='lat' dir='ltr'><strong>ri</strong></span> <span class='ocrx_word' id='word_1_722' title='bbox 847 5086 923 5143; x_wconf 91' lang='lat' dir='ltr'><strong>inde·</strong></span> <span class='ocrx_word' id='word_1_723' title='bbox 975 5089 1072 5160; x_wconf 90' lang='lat' dir='ltr'><strong>opibus</strong></span> <span class='ocrx_word' id='word_1_724' title='bbox 1082 5087 1239 5152; x_wconf 90' lang='lat' dir='ltr'><strong>instructus,</strong></span> <span class='ocrx_word' id='word_1_725' title='bbox 1251 5084 1335 5141; x_wconf 87' lang='lat' dir='ltr'><strong>animi</strong></span> <span class='ocrx_word' id='word_1_726' title='bbox 1345 5082 1619 5156; x_wconf 83' lang='lat' dir='ltr'><strong>quoqusprmstantia</strong></span> <span class='ocrx_word' id='word_1_727' title='bbox 1629 5092 1657 5140; x_wconf 90' lang='lat' dir='ltr'><strong>et</strong></span> <span class='ocrx_word' id='word_1_728' title='bbox 1666 5081 1765 5140; x_wconf 78' lang='lat' dir='ltr'><strong>fiducia</strong></span> 
     </span>
     <span class='ocr_line' id='line_1_55' title="bbox 131 5177 1236 5251; baseline -0.005 -14"><span class='ocrx_word' id='word_1_729' title='bbox 131 5192 229 5237; x_wconf 74' lang='lat' dir='ltr'><strong>ceaster</strong></span> <span class='ocrx_word' id='word_1_730' title='bbox 238 5179 438 5251; x_wconf 88' lang='lat' dir='ltr'><strong>pronuntietur,</strong></span> <span class='ocrx_word' id='word_1_731' title='bbox 455 5186 639 5249; x_wconf 88' lang='lat' dir='ltr'><strong>contemptum</strong></span> <span class='ocrx_word' id='word_1_732' title='bbox 651 5177 858 5247; x_wconf 86' lang='lat' dir='ltr'><strong>irrisionemque</strong></span> <span class='ocrx_word' id='word_1_733' title='bbox 867 5191 924 5235; x_wconf 86' lang='lat' dir='ltr'><strong>me-</strong></span> <span class='ocrx_word' id='word_1_734' title='bbox 976 5180 1032 5238; x_wconf 89' lang='lat' dir='ltr'><strong>oris</strong></span> <span class='ocrx_word' id='word_1_735' title='bbox 1043 5178 1081 5233; x_wconf 90' lang='lat' dir='ltr'><strong>iiii</strong></span> <span class='ocrx_word' id='word_1_736' title='bbox 1094 5193 1147 5234; x_wconf 89' lang='lat' dir='ltr'><strong>non</strong></span> <span class='ocrx_word' id='word_1_737' title='bbox 1158 5177 1236 5233; x_wconf 88' lang='lat' dir='ltr'><strong>desit.</strong></span> 
     </span>
     <span class='ocr_line' id='line_1_56' title="bbox 133 5266 1766 5342; baseline -0.001 -14"><span class='ocrx_word' id='word_1_738' title='bbox 133 5266 222 5336; x_wconf 70' lang='lat' dir='ltr'><strong>retur,</strong></span> <span class='ocrx_word' id='word_1_739' title='bbox 237 5271 289 5326; x_wconf 89' lang='lat' dir='ltr'><strong>uisi</strong></span> <span class='ocrx_word' id='word_1_740' title='bbox 302 5270 371 5327; x_wconf 89' lang='lat' dir='ltr'><strong>forte</strong></span> <span class='ocrx_word' id='word_1_741' title='bbox 383 5270 443 5336; x_wconf 90' lang='lat' dir='ltr'><strong>tibi,</strong></span> <span class='ocrx_word' id='word_1_742' title='bbox 455 5271 562 5326; x_wconf 89' lang='lat' dir='ltr'><strong>domiue</strong></span> <span class='ocrx_word' id='word_1_743' title='bbox 577 5269 614 5324; x_wconf 91' lang='lat' dir='ltr'><strong>mi</strong></span> <span class='ocrx_word' id='word_1_744' title='bbox 627 5282 686 5333; x_wconf 81' lang='lat' dir='ltr'><strong>rex,</strong></span> <span class='ocrx_word' id='word_1_745' title='bbox 699 5266 778 5324; x_wconf 82' lang='lat' dir='ltr'><strong>aliter</strong></span> <span class='ocrx_word' id='word_1_746' title='bbox 790 5269 921 5324; x_wconf 83' lang='lat' dir='ltr'><strong>rideatur.</strong></span> <span class='ocrx_word' id='word_1_747' title='bbox 1011 5271 1078 5329; x_wconf 80' lang='lat' dir='ltr'><strong>Car.</strong></span> <span class='ocrx_word' id='word_1_748' title='bbox 1093 5270 1273 5342; x_wconf 89' lang='lat' dir='ltr'><strong>Quapmpter,</strong></span> <span class='ocrx_word' id='word_1_749' title='bbox 1293 5277 1324 5326; x_wconf 92' lang='lat' dir='ltr'><strong>ut</strong></span> <span class='ocrx_word' id='word_1_750' title='bbox 1347 5269 1413 5326; x_wconf 88' lang='lat' dir='ltr'><strong>mibi</strong></span> <span class='ocrx_word' id='word_1_751' title='bbox 1428 5267 1545 5337; x_wconf 84' lang='lat' dir='ltr'><strong>videtur,</strong></span> <span class='ocrx_word' id='word_1_752' title='bbox 1561 5269 1615 5326; x_wconf 93' lang='lat' dir='ltr'><strong>illis</strong></span> <span class='ocrx_word' id='word_1_753' title='bbox 1634 5267 1766 5327; x_wconf 82' lang='lat' dir='ltr'><strong>sermoti-</strong></span> 
     </span>
     <span class='ocr_line' id='line_1_57' title="bbox 170 5355 1767 5434; baseline -0.003 -15"><span class='ocrx_word' id='word_1_754' title='bbox 170 5363 237 5420; x_wconf 85' lang='lat' dir='ltr'><strong>Caa.</strong></span> <span class='ocrx_word' id='word_1_755' title='bbox 258 5363 323 5419; x_wconf 87' lang='lat' dir='ltr'><strong>ttibi</strong></span> <span class='ocrx_word' id='word_1_756' title='bbox 338 5378 508 5434; x_wconf 90' lang='lat' dir='ltr'><strong>nequaquam</strong></span> <span class='ocrx_word' id='word_1_757' title='bbox 524 5362 613 5419; x_wconf 88' lang='lat' dir='ltr'><strong>aliter.</strong></span> <span class='ocrx_word' id='word_1_758' title='bbox 642 5360 697 5417; x_wconf 87' lang='lat' dir='ltr'><strong>Sed</strong></span> <span class='ocrx_word' id='word_1_759' title='bbox 717 5360 798 5431; x_wconf 82' lang='lat' dir='ltr'><strong>hujus</strong></span> <span class='ocrx_word' id='word_1_760' title='bbox 817 5374 925 5430; x_wconf 90' lang='lat' dir='ltr'><strong>qouque</strong></span> <span class='ocrx_word' id='word_1_761' title='bbox 975 5363 1058 5419; x_wconf 87' lang='lat' dir='ltr'><strong>nandi</strong></span> <span class='ocrx_word' id='word_1_762' title='bbox 1077 5362 1159 5427; x_wconf 89' lang='lat' dir='ltr'><strong>ratio,</strong></span> <span class='ocrx_word' id='word_1_763' title='bbox 1176 5361 1224 5432; x_wconf 91' lang='lat' dir='ltr'><strong>qui</strong></span> <span class='ocrx_word' id='word_1_764' title='bbox 1237 5361 1327 5418; x_wconf 88' lang='lat' dir='ltr'><strong>causis</strong></span> <span class='ocrx_word' id='word_1_765' title='bbox 1341 5358 1466 5416; x_wconf 84' lang='lat' dir='ltr'><strong>civilibus</strong></span> <span class='ocrx_word' id='word_1_766' title='bbox 1478 5368 1506 5415; x_wconf 88' lang='lat' dir='ltr'><strong>et</strong></span> <span class='ocrx_word' id='word_1_767' title='bbox 1520 5359 1635 5430; x_wconf 89' lang='lat' dir='ltr'><strong>negotiis</strong></span> <span class='ocrx_word' id='word_1_768' title='bbox 1655 5355 1767 5415; x_wconf 77' lang='lat' dir='ltr'><strong>racab·</strong></span> 
     </span>
     <span class='ocr_line' id='line_1_58' title="bbox 132 5444 1767 5531; baseline -0.007 -18"><span class='ocrx_word' id='word_1_769' title='bbox 132 5458 221 5531; x_wconf 85' lang='lat' dir='ltr'><strong>partis</strong></span> <span class='ocrx_word' id='word_1_770' title='bbox 235 5466 368 5528; x_wconf 86' lang='lat' dir='ltr'><strong>praecepta</strong></span> <span class='ocrx_word' id='word_1_771' title='bbox 383 5455 518 5526; x_wconf 88' lang='lat' dir='ltr'><strong>sequenda</strong></span> <span class='ocrx_word' id='word_1_772' title='bbox 533 5454 576 5509; x_wconf 77' lang='lat' dir='ltr'><strong>rel</strong></span> <span class='ocrx_word' id='word_1_773' title='bbox 589 5454 654 5509; x_wconf 85' lang='lat' dir='ltr'><strong>ritia</strong></span> <span class='ocrx_word' id='word_1_774' title='bbox 668 5454 787 5509; x_wconf 86' lang='lat' dir='ltr'><strong>cavenda</strong></span> <span class='ocrx_word' id='word_1_775' title='bbox 801 5451 880 5508; x_wconf 88' lang='lat' dir='ltr'><strong>reliru</strong></span> <span class='ocrx_word' id='word_1_776' title='bbox 896 5460 926 5507; x_wconf 90' lang='lat' dir='ltr'><strong>ut</strong></span> <span class='ocrx_word' id='word_1_777' title='bbox 977 5454 1053 5509; x_wconf 93' lang='lat' dir='ltr'><strong>ribus</strong></span> <span class='ocrx_word' id='word_1_778' title='bbox 1065 5454 1196 5509; x_wconf 90' lang='lat' dir='ltr'><strong>interesse</strong></span> <span class='ocrx_word' id='word_1_779' title='bbox 1208 5451 1441 5514; x_wconf 84' lang='lat' dir='ltr'><strong>mstimandisuut,</strong></span> <span class='ocrx_word' id='word_1_780' title='bbox 1452 5464 1515 5505; x_wconf 80' lang='lat' dir='ltr'><strong>mox</strong></span> <span class='ocrx_word' id='word_1_781' title='bbox 1529 5448 1669 5519; x_wconf 89' lang='lat' dir='ltr'><strong>apueritia</strong></span> <span class='ocrx_word' id='word_1_782' title='bbox 1680 5444 1767 5502; x_wconf 90' lang='lat' dir='ltr'><strong>multo</strong></span> 
     </span>
     <span class='ocr_line' id='line_1_59' title="bbox 134 5539 1766 5623; baseline -0.007 -18"><span class='ocrx_word' id='word_1_783' title='bbox 134 5550 239 5606; x_wconf 87' lang='lat' dir='ltr'><strong>indices</strong></span> <span class='ocrx_word' id='word_1_784' title='bbox 253 5549 344 5623; x_wconf 56' lang='lat' dir='ltr'><strong>[lim</strong></span> <span class='ocrx_word' id='word_1_785' title='bbox 358 5549 456 5623; x_wconf 88' lang='lat' dir='ltr'><strong>dicas].</strong></span> <span class='ocrx_word' id='word_1_786' title='bbox 470 5579 505 5590; x_wconf 94' lang='lat'>—</span> <span class='ocrx_word' id='word_1_787' title='bbox 523 5548 589 5604; x_wconf 78' lang='lat' dir='ltr'><strong>Aur.</strong></span> <span class='ocrx_word' id='word_1_788' title='bbox 605 5548 697 5602; x_wconf 87' lang='lat' dir='ltr'><strong>Primo</strong></span> <span class='ocrx_word' id='word_1_789' title='bbox 710 5545 830 5603; x_wconf 80' lang='lat' dir='ltr'><strong>exerceri</strong></span> <span class='ocrx_word' id='word_1_790' title='bbox 844 5546 926 5602; x_wconf 90' lang='lat' dir='ltr'><strong>debet</strong></span> <span class='ocrx_word' id='word_1_791' title='bbox 977 5547 1066 5604; x_wconf 89' lang='lat' dir='ltr'><strong>studio</strong></span> <span class='ocrx_word' id='word_1_792' title='bbox 1076 5545 1199 5601; x_wconf 88' lang='lat' dir='ltr'><strong>habenda</strong></span> <span class='ocrx_word' id='word_1_793' title='bbox 1210 5552 1261 5601; x_wconf 87' lang='lat' dir='ltr'><strong>est.</strong></span> <span class='ocrx_word' id='word_1_794' title='bbox 1271 5543 1352 5600; x_wconf 81' lang='lat' dir='ltr'><strong>Vocis</strong></span> <span class='ocrx_word' id='word_1_795' title='bbox 1361 5557 1468 5614; x_wconf 89' lang='lat' dir='ltr'><strong>quoque</strong></span> <span class='ocrx_word' id='word_1_796' title='bbox 1475 5540 1515 5615; x_wconf 90' lang='lat' dir='ltr'><strong>[et</strong></span> <span class='ocrx_word' id='word_1_797' title='bbox 1524 5539 1766 5614; x_wconf 77' lang='lat' dir='ltr'><strong>rcrbomm]eaer·</strong></span> 
     </span>
     <span class='ocr_line' id='line_1_60' title="bbox 134 5625 1764 5713; baseline -0.008 -18"><span class='ocrx_word' id='word_1_798' title='bbox 134 5643 212 5699; x_wconf 76' lang='lat' dir='ltr'><strong>noris</strong></span> <span class='ocrx_word' id='word_1_799' title='bbox 232 5643 391 5713; x_wconf 79' lang='lat' dir='ltr'><strong>suspiritus</strong></span> <span class='ocrx_word' id='word_1_800' title='bbox 412 5640 574 5710; x_wconf 88' lang='lat' dir='ltr'><strong>moderatio,</strong></span> <span class='ocrx_word' id='word_1_801' title='bbox 596 5649 624 5697; x_wconf 86' lang='lat' dir='ltr'><strong>ct</strong></span> <span class='ocrx_word' id='word_1_802' title='bbox 646 5638 767 5709; x_wconf 89' lang='lat' dir='ltr'><strong>corporis</strong></span> <span class='ocrx_word' id='word_1_803' title='bbox 783 5645 812 5694; x_wconf 86' lang='lat' dir='ltr'><strong>et</strong></span> <span class='ocrx_word' id='word_1_804' title='bbox 827 5636 925 5709; x_wconf 82' lang='lat' dir='ltr'><strong>lingum</strong></span> <span class='ocrx_word' id='word_1_805' title='bbox 978 5637 1081 5706; x_wconf 88' lang='lat' dir='ltr'><strong>citatio,</strong></span> <span class='ocrx_word' id='word_1_806' title='bbox 1096 5636 1170 5692; x_wconf 86' lang='lat' dir='ltr'><strong>utab</strong></span> <span class='ocrx_word' id='word_1_807' title='bbox 1183 5634 1383 5695; x_wconf 84' lang='lat' dir='ltr'><strong>ittcunteaetate</strong></span> <span class='ocrx_word' id='word_1_808' title='bbox 1403 5638 1550 5701; x_wconf 84' lang='lat' dir='ltr'><strong>assuescat,</strong></span> <span class='ocrx_word' id='word_1_809' title='bbox 1570 5629 1645 5686; x_wconf 85' lang='lat' dir='ltr'><strong>rucis</strong></span> <span class='ocrx_word' id='word_1_810' title='bbox 1665 5625 1764 5686; x_wconf 86' lang='lat' dir='ltr'><strong>fiducia</strong></span> 
     </span>
    </p>
   </div>
   <div class='ocr_carea' id='block_1_6' title="bbox 0 0 1902 6116">
    <p class='ocr_par' dir='ltr' id='par_1_6' title="bbox 0 0 1902 6116">
     <span class='ocr_line' id='line_1_61' title="bbox 0 0 1902 6116; baseline 0 0"><span class='ocrx_word' id='word_1_811' title='bbox 0 0 1902 6116; x_wconf 95' lang='lat' dir='ltr'><strong> </strong></span> 
     </span>
    </p>
   </div>
  </div>
 </body>
</html>
