3780 6120
191 289 261 351 tuti
599 283 628 345 R
645 286 678 345 F.
697 285 811 343 stetui
829 285 895 344 SEU
913 285 1050 343 stebuii
1069 284 1210 344 otendit
1227 281 1318 341 itus
1335 280 1406 341 illl.
1747 275 1822 334 lim

781 364 798 391 Ο

192 406 265 462 tione
278 399 383 458 concilii
395 398 536 470 Ephesini,
548 400 620 468 quod
633 414 725 454 veram
738 397 859 468 corporis
876 397 977 453 Christi
992 404 1015 463 Α
1029 397 1106 453 hunt.
1121 398 1176 454 Cur
1194 413 1259 454 roro
1270 398 1312 451 uir
1325 395 1447 451 eruditus
1458 409 1490 450 ca
1504 409 1558 450 non
1575 392 1716 450 recensuit
1735 394 1823 448 rerba

193 474 221 533 iu
236 472 408 529 Eucharistia
420 471 589 538 praesentiam
612 469 634 522 si
651 484 703 534 non
724 469 855 533 delinivit,
881 469 977 523 saltem
1029 469 1145 534 Alciiini,
1157 484 1217 537 que
1229 469 1323 523 eodem
1339 466 1400 520 loeo
1411 465 1491 534 paulo
1506 473 1569 519 ante
1582 466 1667 520 citata
1682 463 1824 535 teguntur,

193 544 337 602 manifeste
349 539 485 610 supponit,
499 537 597 593 habiti.
609 537 669 593 Act.
683 536 732 592 SS.
746 554 807 594 sice.
820 552 847 594 ii
859 538 977 602 Praelat„
1024 555 1062 595 *ex
1074 540 1171 608 quibus
1182 539 1248 593 tides
1261 536 1366 591 ttcutut
1380 537 1413 592 de
1426 534 1732 590 transsubstantiatione
1751 533 1825 589 clare

193 629 255 685 tet)-
272 613 297 674 l,
313 608 327 683 ᾗ
339 611 365 674 2.
384 626 445 679 1)ssss-
461 609 503 683 ,¹5-
1029 611 1095 664 satis
1106 610 1195 663 elucet
1206 625 1213 660 :
1224 607 1270 663 Sic
1281 615 1304 660 et
1314 607 1400 675 putris,
1413 606 1510 675 inquit,
1521 606 1567 676 piti'
1576 607 1605 658 iii
1614 620 1712 674 corpus
1724 601 1826 657 Clirr'rti'

232 681 477 805 (oAECuiiionpotmt
488 677 623 731 hereticos
630 676 762 747 appellare
768 695 822 741 eos,
830 686 883 733 etc.
891 677 980 746 hgno-
1030 687 1208 742 ronrecrutur‚
1223 679 1325 746 absque
1336 675 1468 730 lcrmento
1480 675 1560 729 ullius
1569 674 1686 729 alterius
1697 674 1826 729 iniectio-

196 754 247 809 scii
287 791 293 803 .
310 750 458 818 basnagius
470 747 540 817 quod
552 747 682 800 hlciiinus
694 763 815 803 errorem
827 748 899 803 circu
912 764 980 818 pras·
1030 748 1073 803 nis
1084 749 1164 804 debet
1175 762 1235 802 esse
1248 746 1450 801 mundissimus.
1464 746 1495 799 Et
1508 746 1606 799 iteruin
1620 763 1627 797 ε
1642 743 1682 798 Ex
1706 759 1723 797 a
1746 759 1781 796 ua
1797 753 1825 798 et

196 822 313 878 sentiam
337 819 437 872 realem
462 818 488 870 iu
511 817 681 871 Eucharistia
707 822 838 888 potuisset
866 832 980 887 arguere
1029 818 1116 872 lerina
1139 818 1218 886 panis
1234 816 1274 877 lit,
1295 816 1340 886 qui
1361 824 1530 869 conrecrutur
1548 815 1576 867 iu
1594 830 1690 884 eorpus
1706 761 1825 877 clusit,-

197 896 326 960 tanquam
340 882 506 950 hieretlcum,
520 887 570 941 etsi
593 895 671 940 antea
694 903 829 956 uunquam
845 888 980 956 abaliquo
1030 904 1100 959 aqua
1109 896 1137 942 ct
1150 887 1236 940 uiuum
1246 887 1273 939 iri
1281 886 1435 955 sanquinem
1447 885 1642 939 consecrabitur
1652 882 1767 938 Christi.
1777 883 1826 937 lle·

197 958 312 1016 concilio
335 956 499 1012 damnatum.
513 956 644 1020 «Verum,
658 957 756 1026 inquit,
779 966 885 1027 oportet
906 958 981 1027 prius
1031 974 1092 1014 mus
1105 972 1170 1025 crgo
1183 956 1327 1025 Basnagio,
1340 970 1388 1024 por
1402 971 1500 1025 aquam
1515 963 1542 1008 et
1555 968 1655 1022 panem
1675 954 1704 1007 in
1721 953 1826 1007 sacriti-

194 1030 351 1090 ostendere,
367 1036 487 1095 tentpore
500 1025 604 1080 dicuini
620 1024 703 1081 luisse
727 1027 867 1082 hereticos
907 1028 934 1081 ui
955 1027 980 1081 id
1030 1028 1073 1083 cio
1086 1027 1266 1082 adhibendum
1282 1025 1408 1080 Ecclesiae
1423 1025 1566 1088 unionem;
1580 1024 1743 1094 pertinum
1757 1038 1825 1077 non·

199 1106 357 1181 negassent;
373 1111 435 1149 nam
451 1097 502 1150 hoc
516 1095 613 1165 ipsunt,
630 1097 700 1163 quod
723 1097 873 1168 hujusmodi
889 1043 981 1151 (diaere-
1030 1097 1094 1153 dum
1105 1097 1415 1165 consecratuni,paritcr
1425 1110 1473 1164 pro
1485 1095 1618 1149 sacillicio
1628 1103 1823 1162 preparatum,

198 1170 245 1224 tici
258 1177 322 1222 tuuc
331 1165 493 1229 exstiterint,
506 1171 628 1247 negatur,
640 1173 668 1218 et
683 1166 790 1235 quidem
800 1166 980 1237 opiimojure,
1031 1167 1189 1239 sauguinem
1212 1165 1357 1220 boninus
1379 1165 1528 1227 Passionis,
1551 1172 1633 1234 atque
1655 1177 1709 1231 per
1728 1178 1826 1233 aquam

198 1240 262 1309 quia
277 1237 304 1291 id
316 1251 349 1290 ue
362 1233 469 1304 quidem
483 1235 609 1305 possibile
624 1243 666 1289 est
685 1255 691 1289 ι
710 1236 817 1291 uamde
839 1237 982 1305 prasentia
1033 1239 1123 1294 tritico
1137 1244 1165 1290 et
1178 1237 1240 1290 vino
1252 1236 1363 1289 mixtam
1387 1234 1492 1289 lidclem
1505 1234 1633 1356 populum
1654 1233 1771 1287 Christo
1786 1234 1824 1286 iii-

198 1308 264 1363 reali
280 1306 401 1375 corporis
413 1303 515 1359 Christi
528 1305 555 1358 iu
569 1315 739 1360 sacramento
748 1315 811 1361 tunc
823 1322 901 1361 nemo
912 1321 982 1360 som·
1032 1315 1203 1377 corporatum
1225 1320 1257 1359 ex
1272 1314 1362 1359 menie
1387 1306 1468 1360 etiam
1481 1304 1504 1357 Α
1516 1305 1586 1358 enini
1612 1304 1642 1357 in
1658 1313 1747 1358 antea
1765 1316 1781 1356 a
1801 1313 1829 1357 se

198 1377 299 1432 iiiabat.
316 1397 325 1427 i
343 1372 491 1429 Credamus
505 1374 536 1427 b.
552 1373 723 1445 Basiiagium,
738 1375 883 1430 llabillonii
899 1391 981 1446 argu·
1032 1377 1122 1432 citatis
1136 1376 1237 1440 verbis,
1255 1390 1308 1429 non
1329 1375 1381 1429 nisi
1395 1390 1422 1429 m
1441 1375 1508 1428 stice
1521 1372 1683 1442 significari,
1701 1373 1777 1427 hanc
1791 1380 1827 1425 ta>-

199 1455 302 1510 mento,
317 1444 414 1514 quibus
425 1445 474 1499 sub
488 1460 561 1498 num.
578 1444 703 1527 15384
717 1461 750 1500 ex
769 1445 853 1512 Paulo
871 1446 984 1501 diacono
1033 1462 1094 1502 men
1110 1446 1360 1516 interpretationem
1375 1391 1456 1499 verda
1472 1443 1552 1514 paulo
1572 1451 1638 1497 ante
1656 1456 1672 1495 a
1689 1442 1773 1496 nobis
1792 1441 1828 1496 ei·

199 1525 227 1572 et
245 1515 376 1569 llaiuioue
390 1512 607 1568 llalberstadeiisi
620 1531 745 1585 episcopo
762 1517 859 1570 inuicte
875 1517 983 1585 probat,
1033 1527 1089 1570 tatu
1111 1516 1221 1570 minimo
1244 1514 1398 1569 admittunt.
1416 1513 1474 1568 Nou
1496 1514 1567 1568 euim
1589 1515 1627 1566 ita
1650 1511 1826 1580 loqueretur,

200 1595 254 1640 tem
274 1600 321 1638 ore
343 1583 449 1637 Aletrini
473 1593 607 1652 receptam
621 1584 704 1640 luisse
718 1601 777 1640 eam
795 1601 875 1655 quam
891 1593 980 1639 auctor
1032 1586 1155 1656 quisquis
1170 1586 1197 1639 in
1213 1599 1282 1655 pane
1303 1594 1331 1638 et
1351 1584 1413 1638 vino
1426 1583 1592 1638 consecratis
1615 1594 1670 1636 non
1688 1581 1746 1636 nisi
1767 1579 1828 1652 dpu-

198 1602 381 1710 Coufessionis
401 1660 581 1707 controversie
602 1653 742 1722 professus
761 1664 813 1721 est,
835 1653 985 1715 dormiet
1034 1672 1093 1710 rim
1113 1657 1235 1725 corporis
1257 1663 1284 1711 et
1306 1655 1444 1724 sauguinis
1463 1652 1564 1708 Christi
1586 1651 1720 1707 exbiberi
1736 1652 1825 1706 credit

199 1721 307 1794 legisse,
330 1723 372 1776 sel
394 1723 583 1792 perpendisset
611 1723 640 1777 si
663 1741 716 1779 non
740 1725 816 1796 legit,
842 1725 983 1779 oscitantia
1035 1725 1194 1796 Serpentem
1217 1739 1321 1780 aeneiim
1342 1725 1430 1795 erigas
1444 1724 1471 1778 in
1495 1721 1609 1793 liguram
1622 1721 1732 1776 Christi
1748 1721 1829 1775 cruci-

200 1791 260 1848 luit.
275 1793 303 1848 Si
320 1793 393 1862 legit,
405 1808 454 1846 cur
467 1809 519 1846 uon
534 1781 816 1849 nllataahlabillonio
831 1794 983 1847 testimonia
1037 1795 1097 1858 llsi;
1115 1797 1176 1866 quis
1190 1795 1280 1850 dicere
1292 1793 1357 1848 velit
1369 1794 1440 1849 hriiic
1458 1807 1487 1848 se
1538 1790 1719 1846 meminisse
1741 1804 1828 1846 conse

199 1864 271 1918 elisit
294 1872 437 1932 antequam
452 1863 612 1916 sententiam
631 1863 725 1928 leiret,
747 1873 868 1932 tempore
881 1862 985 1917 tteutui
1035 1873 1140 1920 eratum
1154 1867 1181 1919 in
1197 1879 1295 1934 corpus
1306 1863 1407 1919 Christi
1418 1863 1493 1919 cruci
1514 1862 1557 1915 xil
1570 1860 1675 1932 Nuptis!
1693 1860 1828 1915 ilemente

199 1934 233 1989 de
246 1933 387 2003 presentia
411 1930 477 1995 reah
501 1934 624 2001 corporis
644 1933 744 1989 Christi
765 1935 792 1988 in
816 1941 987 1989 sacramento
1036 1950 1101 1989 vero
1119 1933 1226 1990 dicuini
1247 1935 1321 1989 circa
1344 1933 1444 1988 realem
1468 1933 1641 2002 presentium
1656 1931 1787 2000 corporis
1803 1937 1829 1984 et

199 2003 349 2058 somniasse
361 2001 512 2056 ueniineml
1036 2019 1085 2060 san
1106 2005 1176 2061 uiuis
1196 2004 1295 2059 Christi
1309 2018 1358 2059 sen
1381 2011 1473 2058 veram
1488 2001 1825 2057 transsubstantiationem

236 2073 328 2136 Vides,
340 2072 444 2125 erudite
459 2071 553 2132 lector.
569 2087 649 2141 quam
665 2073 761 2142 inepte
782 2080 863 2144 atquc
874 2072 987 2127 inllrnios
1036 2020 1115 2198 pands
1127 2082 1155 2129 et
1178 2075 1242 2138 uini,
1258 2088 1292 2128 ne
1315 2073 1398 2128 iillum
1412 2072 1522 2128 dubium
1545 2086 1574 2127 sii
1615 2071 1677 2135 rsit,
1691 2070 1772 2139 jurat
1790 2067 1827 2123 al·

200 2143 256 2197 siut
278 2141 475 2210 responsiones,
499 2142 596 2210 quibus
616 2142 646 2196 b.
672 2143 818 2213 annsgius
830 2153 987 2214 argumenta
1047 2159 1109 2200 erre
1124 2145 1206 2199 rerba
1222 2145 1294 2198 illius
1316 2144 1342 2197 in
1361 2141 1518 2214 epistolall
1536 2143 1570 2197 ad
1607 2139 1772 2194 aulinumh
1815 2157 1821 2163 ·

199 2212 230 2266 b.
253 2210 396 2265 llabillonii
408 2225 456 2278 pro
471 2212 631 2281 antiquitate
643 2220 672 2266 ct
684 2220 794 2268 auctore
804 2212 988 2268 Conl‘essiouis
1036 2214 1166 2271 islensem
1188 2214 1369 2285 patriarcham
1395 2213 1491 2268 litteris
1512 2211 1604 2266 aureis
1627 2209 1770 2265 inseribcn
1815 2214 1823 2262 t

199 2280 374 2337 Cbillletiauae
396 2279 535 2335 infirmare
558 2282 652 2348 voluit,
668 2290 695 2337 et
709 2298 790 2352 quam
813 2298 908 2354 parum
922 2282 945 2337 is
960 2282 987 2336 iu
1040 2284 1221 2354 illequaesm
1235 2283 1332 2353 iuquit,
1346 2283 1513 2338 oblibiscaris
1528 2283 1555 2336 in
1574 2281 1630 2336 tuis
1654 2280 1825 2335 sanetisora·

198 2351 233 2405 iis
248 2348 397 2404 referendis
413 2349 499 2404 fidelis
513 2350 601 2405 luerit.
1038 2355 1157 2411 tionibus
1178 2369 1275 2410 nomeu
1290 2353 1370 2408 amici
1381 2354 1420 2408 tui
1432 2351 1541 2408 Albini:
1558 2348 1607 2407 sed
1624 2350 1653 2405 iii
1668 2349 1761 2419 aliquo
1774 2363 1825 2403 ine

234 2419 361 2489 Ejusdem
389 2419 483 2474 larium
504 2429 547 2474 est
561 2421 639 2477 crisis
658 2421 759 2477 laudati
785 2422 816 2476 b.
844 2423 930 2476 Rasna
952 2422 987 2487 ii,
1037 2425 1131 2480 morire
1145 2423 1337 2496 gazophylacio
1350 2423 1465 2478 reconde
1478 2422 1550 2487 illud,
1566 2429 1596 2476 et
1609 2418 1706 2503 profer
1718 2434 1752 2474 eo
1762 2429 1824 2472 teui-

198 2502 282 2560 quam
296 2489 424 2545 adnexuit
434 2489 554 2560 epistolae
562 2491 595 2547 st
602 2493 667 2547 edit
678 2491 827 2547 Canisianae
836 2493 919 2561 (nnnc
930 2439 987 2563 dd),
1037 2509 1103 2566 pore
1113 2503 1275 2577 opportuno,
1289 2508 1344 2562 qno
1357 2507 1454 2563 panem
1466 2500 1494 2547 et
1504 2493 1598 2546 vinum
1610 2507 1638 2544 ur
1651 2488 1823 2545 emunctiori

200 2562 235 2615 ed
249 2560 453 2631 Lugdunenses,
472 2569 502 2615 ut
519 2561 662 2617 Alcuiuum
674 2562 701 2615 iit
715 2571 806 2631 partes
819 2561 989 2617 Calviniunas
1037 2581 1153 2635 corporis
1178 2573 1202 2618 et
1217 2564 1352 2634 ruuprtiiiir
1377 2560 1475 2618 Christi
1501 2561 1720 2617 consecraveris.
1743 2574 1754 2610 t
1778 2555 1825 2624 pit

199 2630 331 2693 traheret,
347 2629 392 2684 ubi
415 2629 485 2685 iuter
503 2641 582 2687 notas
595 2633 653 2688 brec
666 2631 768 2687 babet:
784 2631 986 2698 Alcuinushait:
1038 2643 1093 2690 mm
1106 2634 1256 2717 perspicuis
1274 2633 1374 2700 serbis,
1397 2633 1560 2688 dicameum
1583 2627 1742 2687 llabilloniu
1757 2626 1825 2681 libi

201 2718 211 2750 i
229 2697 314 2769 liujus
334 2715 441 2770 quoque
453 2701 574 2770 mysterii
589 2700 769 2757 sanctificatio
783 2711 883 2756 nostru
894 2700 989 2756 salutis
1037 2705 1070 2762 de
1087 2703 1207 2776 Liturpia
1221 2703 1368 2769 Gallicana,
1385 2714 1444 2774 cap.
1458 2703 1486 2769 il,
1500 2716 1576 2757 num.
1591 2699 1638 2766 25,
1656 2702 1685 2756 in
1702 2697 1769 2763 line,
1784 2696 1825 2750 de·

198 2770 336 2842 portendit
349 2769 493 2825 ellectum:
509 2771 536 2825 in
550 2788 619 2840 aqua
630 2771 745 2843 populus
756 2771 916 2856 intelligitur
927 2785 988 2827 cre·
1039 2774 1226 2840 richtrudem,
1242 2774 1266 2830 is
1280 2789 1333 2829 uon
1349 2772 1487 2838 veritatisi
1507 2771 1555 2826 sed
1569 2768 1765 2827 contentionis
1783 2764 1828 2822 set

199 2839 320 2897 dentium
335 2857 341 2893 :
362 2840 389 2894 iii
402 2840 496 2910 granis
507 2842 602 2908 tritici,
622 2845 694 2898 unde
706 2842 793 2897 larina
806 2841 935 2908 ellicitur,
960 2851 989 2895 rit
1038 2845 1151 2910 erroris,
1166 2846 1214 2901 sed
1227 2842 1383 2900 schismatis
1396 2850 1502 2898 amator
1516 2847 1568 2896 est.

198 2909 275 2993 panii
287 2910 345 2978 fiat,
361 2909 488 2964 adunatio
502 2913 584 2967 totius
598 2911 726 2968 Ecclesia
738 2911 906 2983 designatur,
929 2925 989 2981 quie
1074 2914 1183 2970 blanent
1197 2915 1278 2985 igitur
1302 2920 1463 2985 arguments
1482 2910 1627 2966 llabillonii
1644 2924 1698 2981 pro
1714 2905 1829 2976 indque

197 2995 261 3052 igne
275 2977 361 3035 sancti
375 2978 493 3049 Spiritus
506 2981 534 3035 iii
547 2999 630 3036 unuin
649 2982 804 3106 dreofuititi
823 2998 934 3051 corpur,
959 2989 988 3034 iit
1038 2994 1095 3040 tate
1111 2983 1295 3046 Conlessiouis
1308 2981 1620 3046 Chihietiauteimmota3
1641 2979 1715 3050 quod
1732 2977 1828 3049 prins·

197 3067 247 3105 ruo
258 3049 337 3120 cupiti
350 3051 464 3104 membru
477 3053 699 3123 compupineiititr.

198 3120 262 3175 vino
284 3120 441 3203 miscentur,
466 3121 563 3193 ligura,
580 3131 609 3177 ut
622 3122 747 3205 dicimus,
771 3122 890 3204 gentium
915 3120 988 3203 desi·
1002 3099 1026 3164 fl
1039 3126 1203 3250 guisitionis.
1217 3124 1307 3208 haum
1317 3137 1424 3207 quoquc
1437 3122 1527 3206 druia,
1538 3134 1644 3176 summa
1657 3116 1829 3201 probabilitas

198 3198 296 3260 gratur
310 3208 316 3243 :
332 3207 359 3245 in
380 3202 546 3247 iinoautcm
569 3209 676 3264 euripum
698 3191 844 3247 dominicis
858 3205 987 3263 possimus
1058 3204 1196 3251 eauctore
1229 3197 1330 3251 raedictt
1344 3208 1444 3264 operis,
1463 3201 1591 3247 nimirum
1612 3186 1831 3256 hiemumquod

723 3060 776 3107 tem
790 3052 817 3106 in
827 3051 915 3122 aquis,
928 3064 989 3122 quse
1040 3056 1110 3110 rium
1132 3063 1261 3126 punctum
1285 3052 1479 3110 constituitvlr
1493 3051 1759 3107 celeberrimussuae
1772 3046 1828 3100 liis·

106 3323 112 3335 .
199 3259 355 3322 ostenditur,
367 3269 448 3330 atque
459 3263 495 3316 ita
510 3263 572 3317 dum
586 3264 612 3318 iu
624 3263 804 3317 sacramentis
816 3278 886 3332 aqua
898 3261 989 3316 tritico
1040 3264 1256 3331 nobistulliciat,
1269 3273 1300 3320 ut
1313 3265 1432 3335 prelatae
1443 3261 1614 3320 Confessioui
1627 3258 1720 3316 locuni
1735 3257 1836 3313 demut

199 3328 246 3409 rel·
256 3329 316 3410 viiio
327 3330 457 3396 miscetur,
471 3331 557 3413 tidelis
567 3330 679 3415 populus
690 3332 795 3398 Christo
806 3332 989 3414 incorporatur
1041 3336 1112 3391 inter
1125 3349 1207 3406 opera
1221 3335 1329 3390 Alcuiui
1343 3333 1435 3390 dubia.

199 3395 363 3467 adpuupitur.
380 3418 390 3451 i
406 3399 467 3454 ihm
484 3416 585 3467 oniuia,
599 3403 687 3473 iuquit
700 3401 860 3473 basnagius,
876 3408 990 3472 mystice

203 3537 1836 3571 wan—m*

433 3728 515 3801 ωε
548 3699 814 3829 diuini
862 3698 1289 3830 conusssio
1335 3700 1588 3867 utoni,

968 3909 1068 3982 obsit

651 4070 697 4143 t).
727 4068 771 4143 F.
802 4059 1169 4139 etitFFLttTttts
1199 4059 1243 4134 S·
1276 4057 1319 4135 J.

200 4219 248 4284 Ex
262 4219 371 4282 codice
387 4218 607 4299 Lugdunensi,
626 4221 720 4301 cujus
738 4225 801 4282 tam
820 4215 952 4306 antiqua
968 4217 1017 4276 est
1032 4229 1162 4304 manus,
1174 4219 1211 4276 ut
1228 4212 1365 4304 hicuiuo
1379 4213 1443 4293 ipsi
1463 4219 1518 4276 aut
1531 4210 1667 4295 equitis
1691 4212 1837 4281 vidcstttt

242 4304 298 4360 aut
313 4298 425 4360 saltem
452 4317 582 4380 suppar,
599 4305 629 4363 et
670 4299 704 4361 ui
722 4294 869 4378 opusculi
886 4293 1015 4355 titulum
1032 4291 1178 4382 exhibuit
1195 4297 1227 4354 ot
1243 4292 1382 4382 prodidit
1408 4299 1583 4382 auctorem,
1597 4293 1708 4386 deseri
1736 4295 1778 4388 st·
1790 4302 1837 4360 std

242 4376 424 4516 gdgoiddebli
435 4396 460 4515 r·
477 4377 633 4459 opuscula
680 4377 854 4457 criptorum
884 4380 1030 4434 ueterum
1056 4369 1097 4433 dc
1124 4371 1201 4434 Fide
1229 4369 1384 4504 catholica
1409 4388 1549 4452 primum
1567 4371 1678 4437 edidit
1734 4388 1837 4438 iriout

951 4551 1098 4570 fi*-

917 4629 1042 4706 Pstis
1080 4628 1115 4705 l.

805 4786 850 4842 os
868 4787 936 4846 nso
955 4787 1026 4845 imo
1044 4787 1089 4842 ur
1109 4782 1226 4854 intuo.

239 4986 260 5046 l.
270 4985 371 5047 Adesto
384 4984 460 5055 mibi,
476 4983 567 5044 lumen
577 5003 682 5054 rerum,
695 4989 767 5046 tiens
781 4989 862 5046 Pater
871 4992 994 5064 omnipo
1007 4997 1033 5060 υ
1046 4991 1171 5057 Domine,
1187 4991 1254 5046 tides
1268 5004 1339 5057 mea,
1349 5001 1431 5061 quain
1443 4990 1541 5048 dedisti
1553 4991 1622 5049 milri
1633 5002 1753 5067 propter
1767 4988 1839 5056 bul*

204 5090 275 5137 tens.
291 5081 393 5137 Adesto
405 5080 484 5147 milii,
492 5096 587 5137 rerum
600 5080 690 5137 lumen
705 5083 738 5137 dc
750 5082 851 5139 lumine
863 5083 994 5153 Verbum,
1048 5090 1131 5137 tatem
1143 5090 1216 5137 tuam
1227 5080 1261 5137 ad
1272 5081 1387 5141 salutem
1396 5097 1494 5138 meam.
1505 5083 1618 5140 lurocat
1627 5094 1666 5152 te,
1674 5084 1841 5157 lteutm

202 5169 288 5228 Filius
309 5171 373 5233 lici,
396 5170 468 5226 [leus
497 5170 678 5242 omnipotens.
705 5172 807 5228 Adesto
833 5172 912 5240 mihi,
930 5190 994 5230 vera
1047 5182 1123 5230 casta
1136 5173 1249 5230 seientia
1263 5182 1292 5230 et
1305 5175 1398 5230 suavis
1409 5190 1487 5231 amor
1500 5174 1562 5231 litlei
1585 5189 1668 5244 mere,
1689 5195 1777 5251 quun
1797 5178 1841 5235 dt·

203 5253 367 5315 illumiuatio
390 5266 485 5316 sancte
500 5255 630 5331 Spiritus,
645 5258 734 5317 Patris
758 5272 786 5317 et
807 5258 869 5319 Filii
890 5264 993 5334 unitas,
1046 5265 1137 5323 cussis
1149 5250 1309 5337 ignoraritiae
1321 5281 1388 5322 meae
1402 5259 1521 5324 tenebris
1533 5270 1568 5326 ad
1586 5271 1719 5329 veritatis
1742 5270 1842 5330 intelll-

202 5351 334 5406 sauctitas
344 5359 372 5407 et
383 5352 514 5420 charitas,
527 5353 599 5408 licus
610 5353 791 5424 omnipotens.
803 5354 903 5412 Adesto
917 5358 994 5425 milii,
1047 5360 1166 5432 gentiam
1179 5360 1427 5432 perduxisti,quam
1440 5361 1508 5416 tulta
1522 5360 1597 5436 [Lep.
1614 5364 1742 5440 sublata]
1756 5358 1841 5423 saul

204 5440 365 5508 o'l'rinitas,
379 5451 406 5499 et
419 5444 491 5500 trina
507 5444 615 5510 linitas,
630 5443 719 5511 Pater,
734 5445 868 5514 attilius,
882 5456 910 5504 et
932 5447 995 5520 Spi-
1047 5444 1228 5506 amaritudine
1253 5459 1283 5505 et
1305 5450 1426 5506 adhibita
1451 5459 1506 5507 titus
1532 5451 1681 5511 manuus
1705 5452 1842 5510 dulcedine

205 5527 274 5584 ritus
290 5541 409 5601 sanetus,
428 5546 499 5590 unus
522 5534 594 5591 lieus
614 5534 796 5608 omnipotens.
820 5539 930 5596 lniocat
958 5550 995 5608 te,
1048 5555 1173 5611 saporam
1192 5540 1259 5596 milii
1278 5547 1306 5596 et
1321 5541 1475 5599 mellilluam
1492 5543 1646 5603 reddidisti.
1665 5545 1782 5603 tnvocu
1800 5559 1841 5609 ie,

1671 5620 1690 5654 1

241 5655 339 5715 attus
358 5663 482 5718 eumdem
507 5663 641 5721 editorem
665 5667 692 5722 in
718 5663 818 5739 duplici
842 5667 1001 5738 prelatione
1014 5664 1142 5741 opusculo
1150 5669 1213 5725 huic
1222 5666 1343 5739 prefixa.
