3780 6120
120 268 190 326 tote
465 300 468 305 -
512 254 544 314 B.
563 252 596 312 F.
614 253 727 312 stertit
746 250 812 310 still
830 246 969 310 necuim
988 244 1131 307 OPERUH
1148 243 1240 303 PARS
1257 241 1324 302 itti.
1684 237 1756 297 Μ

119 376 172 434 dlii
183 387 236 430 noo
250 386 321 427 nunc
334 384 394 426 esse
407 367 531 425 deturba
543 360 910 438 quemlibethomiuem,eed
922 363 948 421 Α
961 360 1118 426 senionem,
1132 367 1226 416 contra
1244 355 1378 426 maiorum
1394 353 1582 420 traditionem,
1597 368 1632 411 ac
1643 352 1758 411 Mam

120 468 210 523 sirum
226 460 339 531 iustum,
356 458 562 521 sanctificatum,
584 471 600 510 a
618 452 754 509 communi
772 451 911 507 bominum
959 461 1054 508 eontra
1072 462 1209 522 receptam
1222 450 1263 505 sui
1279 448 1407 518 temporis
1419 447 1501 504 ddem
1520 445 1649 518 corporis
1662 445 1759 502 Domi·

120 550 177 611 riti
196 568 244 623 per
263 566 319 606 suaa
339 550 402 603 vitae
412 547 599 603 celsitudinem
618 550 797 614 segregatum.
814 560 824 593 t
842 539 912 595 Tum
960 541 1014 598 nici
1038 556 1130 596 reram
1154 541 1181 594 in
1207 538 1375 594 Eucharistia
1400 538 1574 608 presentiam
1603 535 1760 608 negarent!

121 644 213 701 subdit
224 639 392 696 Laniraucus
402 640 542 693 damnatas
555 636 582 689 in
594 648 625 689 ea
639 632 741 704 synodo
756 649 766 682 ι
783 639 912 700 utrasque
960 629 1040 687 Certe
1054 631 1100 700 qui
1122 630 1253 684 adversus
1274 626 1415 683 Claudium
1435 627 1633 683 Taurinensem
1648 626 1759 696 episco-

115 729 173 792 'bas
190 732 304 789 lethales
322 740 421 802 pestes,
440 749 449 781 ι
470 729 661 795 decretumque
675 723 800 779 Nestoris
813 722 840 775 in
855 721 913 776 haec
961 737 1024 793 pum
1038 721 1071 776 de
1084 720 1155 776 cultu
1168 734 1306 774 sacrarum
1319 718 1464 788 imaginum
1474 716 1613 787 scripsere
1625 716 1696 771 noni
1709 730 1759 772 sae·

122 823 205 880 rerba
227 822 435 876 transmissum:
462 835 472 868 ι
496 816 537 870 hd
563 814 764 870 benedictiones
785 813 913 884 mysticas
961 810 1016 866 culi
1031 817 1155 866 auctores
1176 807 1325 871 Gallicani,
1344 821 1405 861 eum
1426 806 1546 862 haeretiei
1570 804 1687 860 nomine
1704 802 1758 859 adl·

123 913 276 969 accedimus
291 918 319 966 et
334 907 544 971 sanctiiicamur,
559 905 704 975 participes
718 902 803 958 sancti
816 916 913 971 eorpo-
963 901 1047 964 dunt,
1055 899 1178 970 quamvis
1188 901 1260 953 hune
1266 898 1367 953 cultum
1381 897 1452 952 nulla
1460 897 1623 969 synoduseu
1637 905 1759 966 tempore

124 1004 164 1058 ris
181 1010 209 1057 et
232 1000 344 1072 pretiosi
371 995 511 1065 sanguinis
532 995 631 1051 Christi
655 993 774 1050 omnium
791 999 913 1047 nostrum
964 991 1115 1048 statuisset.
1141 989 1208 1044 liam
1223 988 1295 1059 quod
1309 990 1361 1044 hac
1375 986 1409 1043 de
1424 1002 1453 1043 re
1465 987 1590 1044 habitum
1603 994 1651 1042 est
1671 987 1759 1044 cond·

124 1092 314 1160 Redemptoris
337 1087 451 1143 edocti:
478 1102 531 1141 non
557 1094 587 1140 ut
609 1099 779 1140 communem
805 1098 914 1139 carnem
965 1085 1030 1139 lium
1045 1081 1182 1137 Nicarnnm
1200 1098 1231 1146 u,
1251 1080 1333 1136 veluti
1358 1078 1501 1149 profanum
1523 1087 1584 1134 tum
1598 1077 1761 1149 repudiabat

123 1181 314 1254 percipientes,
328 1177 400 1249 quod
418 1177 499 1242 absit,
515 1193 565 1232 nee
579 1184 610 1231 ut
623 1176 674 1232 tiri
695 1175 867 1240 sanctificati,
888 1181 915 1230 et
965 1172 1104 1253 Gallicana
1117 1171 1248 1228 Ecclesia.
1269 1169 1314 1226 Sic
1327 1170 1545 1224 Batramnuseos
1557 1169 1605 1237 qni
1620 1167 1759 1224 Christano

124 1271 209 1326 serbo
233 1268 369 1338 coniuncti
392 1269 539 1323 meandum
555 1266 692 1337 dignitatis
706 1267 848 1331 unitatem,
870 1273 917 1319 aut
965 1265 1108 1321 Dominum
1122 1262 1258 1319 cummuni
1271 1261 1315 1316 ria
1329 1260 1534 1316 exbeatissimae
1549 1257 1760 1330 Virginisutere

124 1362 196 1418 sictn
214 1361 330 1417 divinam
354 1358 517 1430 possidentis
536 1357 753 1412 habitationem:
782 1358 829 1411 scd
852 1370 917 1412 rere
966 1354 1098 1426 prodiisse
1122 1353 1269 1424 negabant,
1296 1358 1458 1435 utnoooeet
1476 1349 1607 1406 inaudite
1635 1348 1761 1403 tomos

125 1449 338 1514 vivificatricem,
363 1456 391 1503 et
411 1448 496 1517 ipsius
513 1446 593 1503 Verbi
615 1446 753 1516 propriam
775 1445 885 1502 iactam.
904 1465 913 1499 ι
966 1456 1093 1504 auctores
1107 1460 1160 1500 non
1173 1443 1257 1499 semel
1272 1443 1406 1515 suggillat,
1421 1441 1495 1498 nullo
1511 1440 1689 1512 octingenae
1701 1456 1760 1497 con-

126 1539 195 1597 ’l'um
208 1540 281 1595 addit
300 1539 469 1594 Lanlrancus
485 1539 591 1594 concilii
605 1554 736 1594 canonem
760 1538 793 1594 iis
804 1538 917 1594 anathe-
967 1543 1090 1597 ciliorum
1100 1540 1219 1605 decreto,
1230 1546 1371 1610 propterea
1382 1538 1453 1608 quod
1465 1536 1760 1592 adversariorumsea·

127 1647 171 1686 sna
185 1632 298 1686 dicentis
310 1631 355 1700 qui
374 1645 452 1686 secus
464 1631 606 1686 sentirent.
631 1630 671 1685 Ex
696 1631 794 1700 ortibus
814 1629 916 1685 nemini
968 1633 1081 1689 tentiam
1094 1648 1109 1687 a
1124 1631 1271 1702 Scripturae
1294 1644 1380 1686 sacre
1406 1637 1435 1684 et
1449 1627 1564 1684 Petrum
1597 1627 1759 1684 auetorhsto

127 1722 238 1778 dubium
252 1737 312 1778 esse
325 1723 403 1777 debet
421 1720 602 1776 Lanlrancum
623 1723 649 1776 in
664 1737 697 1778 ea
710 1720 792 1778 iuisse
809 1737 919 1792 persua·
932 1698 1112 1782 1⁸‹lehertere
1135 1710 1323 1780 arbitraretur.
1347 1720 1445 1789 Quidni
1458 1719 1560 1791 potiori
1580 1717 1648 1789 lure
1661 1717 1759 1774 hone

128 1813 216 1876 sione,
237 1812 386 1882 Ephesinos
410 1810 505 1866 Patres
519 1810 553 1866 de
571 1810 747 1865 Eucharistiae
761 1810 812 1865 dde
827 1810 921 1865 adver·
969 1831 1016 1872 nos
1029 1810 1198 1871 Cbiffietiaria
1208 1810 1349 1869 Confessio
1362 1810 1460 1866 dixerit
1479 1824 1537 1875 eos,
1552 1809 1599 1879 uui
1612 1810 1652 1864 ah
1664 1807 1759 1865 ereo

128 1917 176 1958 sus
192 1899 355 1955 Novatianos
375 1900 518 1964 statuisse,
541 1914 642 1970 eosqm
662 1914 711 1970 pro
725 1899 859 1955 hereticis
871 1898 921 1953 ha·
969 1907 1052 1963 risun
1064 1913 1139 1961 reesa
1152 1904 1205 1959 fide
1219 1902 1404 1966 recessissent,
1423 1900 1590 1956 reclamante
1608 1914 1669 1954 non
1681 1899 1760 1954 solun

128 1987 219 2044 buisse
240 1989 286 2058 qui
310 1988 345 2042 ab
367 2003 400 2043 ea
422 1987 578 2042 delinitione
604 1989 770 2042 recederent.
793 1986 842 2041 ilie
862 1983 920 2055 jam
968 2011 1048 2053 „cra
1074 1994 1214 2065 scriptum
1238 2000 1266 2048 er
1280 1991 1391 2047 parrum
1416 1988 1584 2055 Tranium,
1614 1989 1667 2046 300
1685 1990 1760 2044 err„

129 2092 183 2134 nou
196 2078 303 2147 inqrriro
322 2092 356 2130 an
371 2075 541 2130 Lanirancus
556 2075 664 2130 concilii
684 2089 792 2129 sensum
815 2089 923 2130 assecu·
970 2084 1105 2141 warmunt
1129 2082 1324 2140 catholicorum
1350 2080 1504 2136 consensor
1531 2079 1631 2144 Adde,
1664 2079 1694 2134 in
1714 2079 1760 2134 ista

129 2167 232 2223 tussit.
250 2165 329 2221 Certe
345 2163 472 2236 Ephesini
492 2164 586 2219 l‘atres
603 2164 654 2218 hoc
669 2163 728 2218 loco
743 2178 833 2218 veram
844 2161 922 2217 Chri·
970 2173 1144 2231 &pressione
1156 2171 1309 2242 hujusmodi
1324 2172 1447 2227 homines
1465 2186 1521 2226 nnn
1533 2170 1589 2226 dici
1613 2170 1759 2232 haeretims,

130 2254 164 2311 sti
191 2253 314 2323 corporis
340 2253 368 2308 in
403 2252 575 2308 Eucharistia
600 2252 791 2322 praesentiam,
818 2251 842 2306 si
868 2268 922 2307 non
971 2266 1019 2323 ,gd
1033 2274 1137 2321 tamum
1151 2262 1386 2335 pentametro,
1403 2263 1493 2329 idest,
1509 2262 1761 2319 (responsorem

131 2343 273 2410 definiunt.
295 2345 390 2399 sallem
411 2344 553 2400 lssllllsesld
569 2351 731 2415 subl⁰¹¹¹¹¹¹b
748 2344 783 2400 Ᾱῑ
796 2344 922 2414 permitto
972 2358 1097 2414 ductoris
1108 2358 1235 2412 instinctu
1245 2355 1374 2426 deceptos.
1390 2352 1449 2423 Quo
1460 2354 1570 2410 numine
1585 2354 1762 2412 notareride·

130 2430 313 2492 unfraneum
338 2434 365 2488 in
388 2433 547 2504 explicando
570 2434 679 2490 concilii
700 2435 809 2489 decreto
824 2434 922 2489 salsum
972 2456 1027 2515 gur,
1043 2463 1095 2503 „00
1109 2448 1218 2518 quidem
1230 2446 1372 2504 premier),
1391 2445 1469 2511 unos,
1481 2445 1528 2516 qui
1550 2460 1677 2502 mmm
1689 2459 1762 2502 mn

118 2536 203 2589 -esse,
222 2522 301 2593 eique
317 2523 378 2594 plus
400 2538 481 2594 quant
495 2524 578 2578 rerba
592 2522 768 2593 praeseferant
783 2523 919 2578 tribuisse.
972 2538 1000 2593 jn
1018 2537 1112 2608 vulgus
1122 2545 1290 2609 spargerem,
1311 2535 1358 2591 sed
1372 2534 1514 2591 nonnullo,
1537 2533 1704 2592 duplanda·
1720 2549 1763 2591 a.

131 2611 182 2669 llic
196 2619 300 2666 tautum
313 2611 435 2680 expendo
447 2611 511 2681 qnid
526 2611 642 2666 senserit
656 2611 688 2666 de
703 2620 793 2666 mente
805 2610 921 2677 concilii,
974 2629 1089 2686 ,popm
1113 2629 1169 2698 qur,
1192 2627 1319 2683 humanis
1336 2625 1496 2682 mrumst,
1515 2633 1544 2682 er
1557 2626 1687 2682 gensum
1706 2624 1764 2698 pp„

131 2696 209 2766 eujus
228 2699 337 2754 decreto
353 2699 632 2754 Sacramentariorum
652 2713 774 2755 errorem
794 2699 853 2755 sine
873 2699 923 2755 du·
974 2735 1053 2791 aequo
1067 2720 1177 2785 addicti,
1200 2720 1233 2774 ge
1254 2719 1306 2774 hoc
1328 2717 1607 2773 gpppnogafflmenw
1630 2724 1767 2773 mm

131 2788 177 2844 ΜΟ
190 2791 344 2845 d²¹¹¹¹¹³¹⁰¹¹¹
360 2790 443 2846 s¹¹i⁵⁵⁰
455 2807 614 2862 llllS⁰³⁸¹¹¹¹¹
629 2792 733 2847 hibuit·
974 2811 1115 2867 sentirent.
1135 2808 1177 2864 Sit
1188 2825 1252 2880 ergo
1266 2809 1324 2864 baec
1339 2815 1438 2863 nostra
1455 2808 1643 2876 responsionis
1652 2823 1768 2872 namma,-

167 2902 249 2974 htqui
265 2903 291 2958 in
306 2904 398 2960 eadem
419 2905 502 2959 etiarn
520 2905 695 2974 persuasione
709 2903 760 2959 init
779 2903 924 2975 llerigerus
975 2918 1071 2972 nempe
1094 2911 1156 2956 ante
1174 2903 1330 2956 damnatum
1356 2899 1547 2971 berengarium
1569 2901 1664 2967 realis,
1678 2911 1768 2957 ntro·

132 2990 293 3048 bachiensis
305 2993 388 3049 abbas
400 2994 427 3049 in
441 2993 532 3050 libello
552 2994 585 3048 de
598 2994 778 3061 Eucharistia‚
799 2996 845 3065 qui
867 2996 925 3050 sine
977 3009 1080 3058 carnus,
1093 2994 1119 3047 in
1130 2993 1297 3047 Eucharistia
1309 2991 1457 3063 praesentiae
1469 2989 1675 3062 impugnatores
1683 2995 1766 3050 haere-

134 3082 255 3138 auctoris
274 3084 382 3138 nomine
398 3098 414 3136 a
428 3083 541 3139 Cellotio
555 3083 644 3138 editus
658 3092 699 3139 est
722 3084 749 3138 iu
772 3084 925 3154 Appendice
976 3099 1037 3140 scos
1050 3093 1113 3138 nota
1124 3084 1263 3153 poenisque
1273 3080 1382 3138 allectos
1395 3081 1477 3138 luisse
1488 3083 1516 3138 in
1531 3084 1656 3141 conciliis
1671 3084 1766 3142 Came·

136 3171 172 3226 ad
203 3172 344 3228 historiam
366 3172 545 3229 Gothescalci.
573 3171 655 3241 Cttjus
679 3173 761 3228 libelli
788 3183 925 3228 auctorem
975 3173 1082 3228 racensi
1107 3180 1134 3227 et
1148 3171 1346 3236 durelianensh
1370 3172 1533 3243 eosdemque
1557 3189 1611 3244 pro
1634 3174 1769 3231 haereticis

134 3277 196 3318 esse
225 3263 384 3334 llerigerutn
407 3264 531 3318 abbatem
565 3263 753 3327 Laubiensem,
781 3264 827 3333 qui
854 3277 925 3318 anno
976 3278 1071 3318 seer
1086 3262 1193 3317 habitos
1210 3260 1572 3329 abOdoneCantuariensi;
1590 3273 1649 3320 tum
1662 3280 1726 3321 saec.
1741 3282 1767 3322 tx

136 3351 205 3409 {007
226 3360 349 3407 ntortuus
374 3360 428 3416 est,
451 3353 533 3407 certis
552 3351 633 3422 379
658 3351 725 3405 alias
748 3351 926 3416 documentis,
976 3353 1010 3407 ab
1027 3351 1172 3406 lliuemaro
1195 3351 1340 3407 Rhomensi
1364 3353 1595 3423 archiepiscopisr
1623 3354 1766 3411 aPascba·

62 3427 72 3437 ’
136 3440 192 3496 boo
206 3440 295 3504 dante,
310 3441 509 3496 demonstrabo.
526 3442 550 3496 ls
562 3442 669 3511 quippe,
682 3442 754 3496 inter
765 3449 927 3510 argumenta
977 3444 1018 3499 siu
1032 3443 1169 3498 dadberto
1180 3451 1207 3497 et
1218 3443 1288 3497 aliis.
1299 3442 1340 3497 hd
1352 3443 1408 3500 baec
1417 3444 1765 3511 risumiuisseLaniranoe,

136 3544 196 3600 garae
210 3527 317 3583 adducit
329 3529 362 3582 ad
375 3529 539 3596 probandam
554 3529 730 3584 Eucharistiae
742 3529 833 3595 idern,
845 3531 926 3585 etiam
976 3534 1116 3606 florigero,
1133 3542 1162 3588 et
1184 3533 1368 3591 consessionis
1383 3535 1557 3592 Chillletianae
1582 3539 1703 3604 auctori,
1721 3553 1766 3595 eos

136 3621 209 3677 hune
220 3620 306 3675 locutu
321 3636 337 3675 a
353 3615 504 3675 Lanira'nco
515 3621 629 3675 relatum
641 3620 744 3690 proiert
759 3637 793 3676 ex
812 3622 927 3677 concilio
977 3625 1070 3680 itidem
1083 3625 1110 3679 ln
1121 3626 1236 3681 coneilio
1248 3626 1383 3694 Ephesino
1396 3626 1463 3682 diris
1488 3628 1612 3684 addictos
1625 3645 1632 3693 ;
1649 3645 1683 3685 ac
1697 3629 1767 3686 deui-

137 3711 271 3782 Ephesiae
284 3712 333 3766 sub
347 3709 438 3781 Cyrilli
463 3711 582 3777 nomine,
599 3710 725 3765 nimirum
740 3710 925 3777 Alexandrini,
977 3729 1029 3784 qne
1042 3715 1139 3770 merito
1158 3716 1185 3770 in
1199 3730 1230 3770 ea
1243 3714 1416 3770 Confessione
1440 3716 1563 3771 heretico
1584 3719 1683 3789 apirin
1699 3720 1768 3775 dese·

136 3801 214 3870 eujus
229 3802 342 3872 epistola
353 3801 386 3856 ad
400 3800 564 3865 Nestorium,
580 3817 613 3857 ex
629 3817 681 3871 qua
693 3801 839 3873 llerlgerus
852 3802 928 3856 testi·
977 3812 1033 3872 ptos
1057 3803 1121 3868 diei,
1144 3802 1243 3872 quippe
1258 3803 1304 3873 qui
1319 3803 1346 3857 in
1370 3802 1423 3858 hde
1437 3803 1627 3867 ¹Eucharistiae
1639 3822 1657 3861 a
1670 3816 1768 3864 sanem

137 3894 259 3950 monium
291 3893 424 3959 adducit,
463 3894 534 3948 inter
564 3901 624 3948 aeta
660 3893 766 3949 concilii
800 3893 927 3962 Ephesiui
979 3891 1304 3963 ScripturaePatruurque
1328 3895 1488 3949 auctoritate
1503 3894 1767 3968 deterrerentqoin

137 3983 222 4037 relata
245 3990 296 4038 est.
324 3982 394 4050 Quid
417 3984 440 4038 si
463 3983 637 4040 Cbillletianae
659 3982 843 4039 Confessionis
861 3983 929 4038 seri·
977 3985 1088 4040 etiama
1115 3991 1224 4053 recepta
1247 3983 1367 4038 omnium
1393 3992 1457 4039 tunc
1471 3984 1603 4056 temporis
1621 3987 1769 4043 catholico

136 4080 207 4144 plor,
223 4073 316 4129 codem
331 4071 487 4142 prejudicio
499 4072 620 4138 allectus,
640 4073 827 4129 eodemmodo
841 4072 929 4142 Ephe-
979 4091 1038 4130 rum
1052 4074 1231 4130 consessione.

137 4162 190 4217 sini
201 4162 306 4217 concilii
319 4161 458 4216 decretum
474 4163 667 4232 interpretatus
678 4170 735 4226 est;
757 4171 838 4229 atque
851 4160 886 4215 ob
901 4160 928 4214 id
1014 4167 1058 4221 13.
1078 4167 1133 4221 hoo
1146 4181 1220 4231 vero,
1240 4166 1343 4236 inquis,
1365 4167 1463 4231 nullus,
1479 4182 1533 4223 non
1561 4175 1672 4223 tantum
1696 4183 1769 4240 supe-

137 4253 257 4308 heretico
269 4253 362 4323 spirita
376 4254 494 4324 deceptos
514 4254 658 4324 appellarit
677 4255 781 4324 eosqui
803 4254 834 4306 de
849 4251 929 4320 btrjus
978 4257 1082 4312 riorum
1095 4265 1244 4325 temporum
1261 4266 1365 4323 auewr,
1384 4258 1431 4313 sed
1444 4274 1493 4313 nee
1513 4258 1623 4315 Aletrini
1638 4269 1767 4333 tempore,

136 4342 299 4396 sacramenti
313 4342 607 4396 veritatedubitarent?
619 4341 697 4397 Certe
709 4343 740 4396 ad
754 4342 825 4396 hunc
840 4341 928 4394 locrtm
944 4348 1051 4439 „hanc
1066 4348 1099 4403 de
1114 4347 1289 4403 Eucharistiae
1304 4350 1417 4404 veritate
1440 4349 1521 4405 ddent
1536 4351 1625 4406 tenuit
1637 4353 1769 4416 decutere,

137 4430 280 4487 manifeste
302 4430 422 4486 alludere
435 4431 542 4485 videtur
561 4431 588 4484 in
609 4432 667 4485 haee
690 4431 772 4485 rerba
788 4429 872 4501 (Part.
890 4446 927 4495 tv,
979 4435 1086 4505 qualem
1099 4435 1156 4503 ipsu
1169 4435 1309 4491 Confessio
1322 4436 1472 4507 prohtetnr.

140 4523 279 4593 nunt.5):
307 4541 317 4574 ι
340 4521 523 4590 tuvertejan
543 4521 929 4590 tandem,opravisslrnarum
1014 4527 1047 4580 ht
1064 4528 1134 4582 hanc
1149 4524 1326 4596 objectionem
1340 4527 1705 4586 nranilcsteresellitPanlus
1716 4530 1769 4585 dia·

138 4612 268 4666 utentium
288 4628 416 4683 perversa
429 4612 562 4676 doctrina,
584 4620 611 4666 et
624 4610 676 4666 noli
690 4610 771 4665 surda
786 4625 862 4675 aure,
885 4610 928 4663 in·
980 4632 1064 4673 conns
1077 4618 1103 4670 in
1120 4615 1179 4670 Vita
1192 4617 1314 4684 Gregorii
1338 4617 1436 4687 Magni,
1449 4619 1496 4687 qni
1521 4619 1692 4675 catholicam
1703 4620 1770 4675 reri-

137 4703 257 4758 cumciso
271 4705 353 4759 corde
365 4704 514 4773 preterire,
526 4703 598 4773 qued
611 4703 732 4757 dieitur:
751 4701 803 4766 Qui
813 4701 927 4754 munda·
982 4717 1066 4764 sarem
1090 4719 1145 4764 ram
1170 4710 1268 4763 diserte
1295 4710 1414 4777 exponit,
1439 4719 1469 4764 ut
1495 4725 1576 4765 nemo
1596 4712 1700 4767 ebrius
1724 4713 1771 4766 bne

137 4802 179 4848 rot
191 4810 241 4858 ote,
253 4808 330 4848 suam
340 4794 479 4858 nimitum.
493 4801 520 4848 et
533 4809 585 4848 oon
600 4793 680 4847 attam
693 4808 802 4848 earnem
818 4793 928 4847 demon·
982 4810 1102 4870 temporo
1116 4801 1250 4870 explicaro
1265 4802 1359 4871 possit.
1384 4800 1430 4856 sio
1453 4802 1526 4856 eorm
1549 4805 1700 4860 occasione
1712 4802 1769 4859 tani

139 4889 218 4936 strat.
235 4901 244 4933 t
266 4881 321 4937 Cur
334 4882 405 4935 enirn
420 4883 497 4946 dixit,
515 4899 591 4935 anam
611 4893 634 4936 et
651 4880 796 4936 nonullam
811 4897 929 4945 cernent,
981 4892 1052 4960 quod
1066 4900 1189 4945 marrona
1208 4891 1328 4944 Romana
1340 4891 1366 4945 jn
1379 4890 1577 4946 Eucharisrjam
1596 4893 1770 4963 per-permis,

138 4968 189 5023 nisi
203 4977 232 5023 ut
247 4968 402 5024 excluderet
416 4983 537 5023 errorem
556 4969 631 5022 illurn
645 4984 725 5039 quern
740 4968 774 5022 ah
786 4968 930 5038 Ephesinis
982 4981 1082 5036 Paulus
1102 4978 1263 5049 Gregorinm
1279 4980 1432 5049 loquentem
1459 4980 1563 5036 inducit
1579 5001 1586 5035 :
1605 5000 1615 5032 s
1631 4983 1724 5049 Disoe,
1734 4983 1769 5037 ia

137 5056 264 5111 Patribus
276 5057 433 5111 damnatum
454 5072 514 5112 esse
525 5057 661 5125 putabat?
685 5056 747 5111 llaec
763 5072 828 5128 ergo
848 5072 929 5111 eausa
982 5088 1075 5141 quam,
1088 5071 1195 5126 perirati
1206 5071 1262 5140 jam
1274 5071 1353 5124 mogo
1366 5070 1476 5125 crepere
1488 5072 1678 5126 congestam:
1695 5071 1769 5126 pag

138 5155 181 5202 cst
194 5164 244 5203 cur
258 5148 379 5202 heretico
394 5148 488 5220 spiritu
508 5148 626 5217 deceptos
642 5146 759 5217 appellet
778 5147 930 5216 httjnsmodi
982 5179 1057 5236 quem
1071 5179 1116 5232 09⁰
1130 5162 1174 5220 αθ,
1185 5178 1245 5215 cm
1260 5177 1317 5214 mea
1340 5169 1399 5214 err:
1414 5168 1438 5215 ιι
1452 5161 1561 5230 sappus,
1576 5178 1653 5217 mg,
1667 5179 1727 5217 „m
1736 5169 1769 5216 a

138 5239 242 5294 θῐῐθΐῐῡ
257 5246 416 5294 θθθῑῦῑθῐθὸ·
515 5325 519 5331 ι
981 5264 1068 5325 potua.
1089 5252 1142 5307 Sed
1155 5251 1281 5322 praescius
1290 5250 1420 5306 Conditor
1433 5258 1525 5305 noster
1538 5249 1714 5307 infirmitatis
1724 5266 1769 5306 no-

176 5351 275 5406 Verum
292 5351 334 5408 iac
359 5353 518 5422 scriptorem
546 5349 721 5407 chiffletiane
748 5348 932 5405 Confessionls
981 5353 1055 5409 strae,
1070 5359 1100 5398 ea
1116 5350 1249 5414 potestate
1260 5357 1314 5412 qua
1328 5351 1425 5397 cuncta
1438 5340 1502 5397 iecit
1513 5356 1548 5396 ex
1562 5342 1664 5407 nihilo,
1677 5352 1770 5400 etcor-

141 5455 195 5494 non
214 5445 364 5511 respexisse
376 5444 408 5498 ad
420 5443 584 5513 Ephesinnm
598 5441 703 5498 aliudve
718 5440 931 5506 eoncilitnn,cur
980 5451 1031 5507 pos
1053 5435 1104 5491 sibi
1122 5451 1155 5490 ex
1176 5450 1257 5490 carne
1273 5448 1381 5504 semper
1404 5433 1518 5504 virginis
1528 5445 1665 5505 operante
1682 5440 1771 5490 nacta

142 5542 196 5582 non
223 5532 311 5598 potuit
336 5533 479 5592 haereticos
503 5531 640 5602 appellare
653 5545 701 5586 eos
725 5528 930 5600 (olquioontra
958 5527 1083 5598 ‘Spiritu
1098 5526 1249 5590 fabricavit,
1274 5540 1370 5594 panem
1386 5533 1413 5581 et
1427 5525 1520 5581 uinum
1547 5540 1622 5597 aqua
1647 5527 1770 5588 mixtum.

143 5613 290 5685 Scriptura
302 5636 386 5696 sacre
400 5637 447 5679 seu
459 5621 559 5682 Christi
575 5619 680 5678 bomird
703 5617 873 5679 ntarriiestatu
888 5632 932 5694 ass
982 5626 1107 5676 ntoucnte
1130 5618 1238 5690 propria
1266 5618 1365 5689 speeie,
1391 5618 1417 5673 in
1438 5632 1549 5674 carnem
1563 5628 1593 5674 et
1613 5620 1772 5699 sanguinein
