3780 6120
145 276 201 336 I'IS
498 277 705 336 adunantes.
726 309 762 318 —
779 278 859 334 tut.
880 275 1026 333 FELICEII
1045 275 1136 332 blant
1154 273 1209 333 tlt.
1225 305 1261 315 -
1277 274 1342 332 tte.
1361 275 1406 333 lt.
1727 282 1779 341 ttt

142 392 179 448 ab
194 389 272 447 omni
284 399 392 460 peccati
406 405 477 445 nexu
490 391 646 446 omnimodo
658 389 750 447 libere
762 409 768 444 ε
782 406 835 444 non
850 389 937 460 qttalis
951 393 974 448 Α
988 390 1097 460 surrtpait
1112 405 1176 453 aaa,
1194 397 1218 441 ει
1232 387 1303 443 dedit
1320 389 1393 444 ιιειίε
1412 406 1533 453 matum,
1549 399 1578 445 ut
1592 407 1780 462 cognoscamus

143 486 177 540 de
193 492 309 553 unoque
331 497 397 538 sexu
413 483 532 537 nascitur
552 499 600 553 per
616 481 865 552 concupiscentiam
878 495 938 536 car-
988 496 1075 533 teram
1088 479 1181 544 dcam,
1194 489 1217 533 ει
1228 481 1311 535 aimus
1324 481 1352 535 ia
1363 497 1422 535 uero
1430 479 1454 533 F
1455 481 1500 536 iiio
1509 483 1566 552 ejus
1578 483 1644 539 Icta
1656 483 1778 543 Cinna:

141 575 200 641 nis,
220 590 282 630 cum
293 573 456 644 obligatione
475 575 582 640 delicti,
602 572 678 642 cujns
691 582 782 628 reatus
795 586 938 643 regenera-
987 570 1028 624 bic
1041 579 1079 625 εει
1092 588 1169 625 uerus
1181 570 1252 627 Item
1265 581 1290 626 ει
1305 573 1358 626 uita
1377 582 1476 628 aterna
1498 573 1529 645 (l
1543 575 1624 630 Joaa.
1635 592 1662 641 v,
1676 577 1732 650 ιιι).
1749 581 1781 637 Si

142 667 219 723 tione
230 667 359 731 diluitur;
385 667 432 721 sed
447 665 553 735 qualem
571 665 606 720 de
619 665 723 735 virgine
737 665 812 719 nasci
831 671 939 736 oporte·
988 661 1072 731 igitur
1083 660 1165 727 Dens,
1178 663 1327 718 secundum
1346 664 1418 732 qnod
1431 664 1541 734 angelus
1554 665 1679 735 predixit
1696 667 1782 723 beatae

141 759 202 824 bat,
215 771 295 828 quem
307 755 373 811 ladas
381 756 465 827 820
475 755 580 820 matris,
595 771 649 809 non
656 755 738 809 libido
748 762 935 823 conceperat.»
988 752 1079 807 llariae
1099 752 1208 824 uirgini,
1231 768 1329 809 nomen
1344 762 1387 811 εει
1400 755 1576 811 humanitatis
1599 767 1744 828 amnntptae
1766 772 1782 813 a

139 850 182 907 Illi
198 850 281 920 igitur
292 848 407 913 bomini,
420 848 467 917 qni
479 862 513 902 et
526 848 630 918 virgine
648 855 728 903 naurs
741 854 794 912 est,
808 846 938 918 singulari
988 832 1035 900 nai
1051 845 1136 910 l'ilio;
1160 853 1188 901 et
1207 844 1333 901 Cbristus
1352 849 1467 917 propter
1486 847 1587 918 regiam
1610 847 1783 919 dignitatem·

141 955 257 995 munere
270 955 327 1009 prae
341 939 449 993 caeteris
460 939 563 994 sanctis
576 939 669 993 datum
682 948 734 1003 est,
750 939 885 993 utstatim
903 953 938 993 ex
988 952 1051 993 verc
1070 937 1181 991 omnino
1202 937 1300 1009 (juxta
1313 939 1497 994 testimonium
1519 940 1640 1010 eivrsdem
1662 954 1781 1010 evange·

140 1046 198 1103 qno
222 1031 249 1085 in
273 1039 352 1085 utero
372 1029 485 1097 virginis
503 1029 603 1099 incepit
626 1029 707 1085 bomo
729 1028 798 1095 iteri,
818 1037 891 1085 essct
910 1037 938 1086 ει
988 1026 1065 1091 listas,
1091 1027 1148 1084 sive
1162 1027 1191 1081 in
1205 1027 1352 1098 Evangelio
1375 1029 1433 1098 ipsa
1446 1030 1567 1085 vertute
1583 1029 1708 1095 dicente,
1724 1031 1783 1085 sive

140 1120 225 1177 liaus.
243 1117 319 1176 l'nde
335 1127 365 1173 et
379 1119 474 1175 eadem
493 1117 609 1190 gloriosa
626 1133 734 1190 semper
753 1120 831 1190 vlrgo
853 1119 938 1174 liaria
988 1120 1015 1174 iu
1029 1118 1142 1191 epistola
1157 1134 1206 1174 sua
1219 1120 1229 1188 l
1244 1119 1315 1173 idern
1335 1120 1409 1190 ipsc,
1432 1120 1478 1190 qui
1492 1121 1592 1175 dicitur
1603 1119 1681 1176 Iesus
1700 1118 1782 1176 sbri-

140 1226 197 1266 non
210 1210 297 1266 solum
319 1210 449 1277 bominis,
464 1212 512 1266 sed
528 1223 556 1266 ct
569 1211 617 1266 lici
638 1212 756 1283 genitrix
780 1220 853 1268 recte
875 1227 937 1268 cve·
988 1220 1056 1276 stus,
1071 1226 1152 1265 verns
1172 1218 1215 1264 est
1232 1211 1313 1276 beas,
1329 1218 1358 1264 et
1370 1225 1450 1264 venas
1471 1209 1556 1265 Filius
1573 1210 1631 1266 Dei.¹
1645 1210 1698 1264 dut
1716 1225 1782 1282 ergo

139 1303 229 1359 denda
240 1310 282 1357 εει
294 1309 322 1357 ει
333 1301 495 1357 mulitenda.
989 1304 1046 1359 laec
1060 1302 1170 1357 nomina
1185 1301 1301 1356 tollenda
1312 1311 1376 1356 sunt
1396 1302 1430 1356 ab
1443 1302 1610 1357 humanitate
1632 1300 1693 1356 Filii
1708 1300 1757 1355 ltei
1772 1317 1780 1355 ε

176 1392 352 1449 xiiiilnter
364 1393 416 1448 alia
426 1408 535 1464 quoque
548 1394 701 1449 testimonia
716 1410 776 1465 quae
789 1408 938 1466 congregas
988 1407 1044 1462 aut,
1069 1397 1092 1452 si
1116 1397 1174 1451 baec
1196 1396 1307 1450 nomina
1327 1396 1398 1450 illins
1423 1395 1533 1468 [Suppte
1548 1397 1682 1466 :propria
1705 1402 1781 1462 sunt,

139 1484 175 1541 dc
189 1494 285 1540 sancta
298 1482 449 1555 Scriptura,
464 1492 491 1538 tu
505 1500 576 1555 sape
587 1486 658 1540 dicte
669 1484 754 1550 Felix,
768 1486 845 1554 ponis
855 1501 937 1540 evan·
987 1487 1026 1544 ιει
1041 1487 1126 1542 simile
1147 1486 1238 1560 qnid],
1254 1487 1301 1558 qui
1325 1473 1404 1542 natus
1425 1496 1469 1543 est
1480 1501 1514 1540 cx
1536 1488 1655 1558 virgine;
1677 1502 1744 1559 ergo
1753 1495 1783 1543 et

139 1579 256 1649 gelicam
277 1577 441 1634 sententiam
458 1586 486 1632 et
500 1577 692 1648 apostolicam,
708 1578 807 1648 quibus
818 1577 937 1632 maxime
988 1578 1032 1633 illc
1046 1579 1137 1643 bomo,
1147 1579 1194 1649 qrri
1206 1587 1287 1633 natus
1300 1586 1342 1633 est
1355 1594 1388 1633 er
1403 1578 1516 1648 uirgine,
1532 1586 1559 1632 et
1573 1579 1615 1633 bis
1628 1578 1783 1634 nominibus

137 1674 199 1722 tota
212 1664 290 1721 malac
312 1664 480 1720 credulitatis
493 1673 545 1721 tue
562 1665 711 1721 destruitur
729 1666 873 1736 impietas,
890 1667 936 1721 ubi
987 1679 1109 1734 vocatur,
1133 1684 1214 1724 verus
1235 1678 1277 1725 εει
1297 1669 1370 1724 bens
1392 1676 1421 1724 et
1432 1684 1513 1724 verns
1536 1669 1621 1724 Filius
1644 1668 1702 1724 Dei.
1728 1666 1782 1725 Sed

139 1757 200 1828 ipse
224 1754 351 1812 Salvator
371 1754 458 1811 oculis
482 1756 595 1811 clevatis
621 1756 656 1811 ad
682 1755 791 1811 latrent
813 1757 878 1811 ait:
900 1756 935 1811 b't
952 1740 1095 1831 Bquiade
1114 1760 1166 1815 bac
1178 1759 1236 1830 ipsa
1258 1761 1409 1829 quastione
1424 1759 1502 1830 plura
1516 1759 1643 1814 videntur
1657 1774 1718 1816 esse
1738 1759 1775 1816 di·

137 1857 299 1921 cagaoacaat
322 1858 347 1902 ιε
365 1846 451 1902 aotam
473 1864 562 1902 ueram
582 1847 684 1914 Deum,
708 1858 732 1902 et
746 1864 824 1919 paena
842 1847 937 1903 misisti
988 1848 1082 1914 calida,
1102 1849 1244 1918 praesentis
1263 1848 1345 1904 libelli
1358 1849 1403 1904 hic
1421 1849 1568 1904 terminum
1582 1863 1684 1919 ponere
1700 1863 1779 1904 cura·

135 1939 232 1996 Ιεεεεε
253 1938 386 1994 Cinctum
400 1939 409 2009 (
423 1939 504 1994 Iona.
530 1955 598 2004 xvir,
612 1939 654 2012 ὅ)
671 1959 677 1994 :
692 1949 774 2010 atquc
793 1943 891 1995 iterum
903 1939 937 1996 de
988 1938 1087 2002 rirnns,
1103 1946 1133 1992 ut
1145 1953 1177 1993 ca
1190 1954 1251 2008 que
1261 1945 1422 2008 mquuntur.
1437 1937 1576 2008 sequerrtis
1592 1936 1675 1993 libelli
1687 1936 1782 2008 dispu-

136 2028 254 2102 epistola
279 2027 351 2084 beati
367 2027 479 2084 Ioannis
494 2029 678 2101 evangeliste,
697 2029 819 2085 abiait:
836 2029 870 2084 Et
894 2046 938 2084 as-
989 2029 1084 2083 tationi
1097 2037 1249 2084 serventur.

790 2264 909 2328 LIBER
930 2265 1125 2340 QUARTUS.

172 2457 195 2512 l.
214 2455 345 2527 Sequitur
367 2455 395 2509 ln
414 2454 505 2510 libello
518 2453 624 2524 prelati
645 2454 765 2510 doctoris
784 2454 933 2525 pessimum
984 2463 1094 2517 aterna,
1108 2462 1136 2507 at
1150 2465 1305 2525 cognoscant
1320 2465 1345 2510 te
1358 2455 1442 2511 roiam
1454 2475 1543 2514 uerum
1557 2459 1654 2528 Dmm,
1667 2472 1692 2520 ει
1705 2481 1779 2538 με.

136 2559 165 2606 ει
178 2547 306 2605 astecqu
322 2548 450 2602 inatvditae
468 2546 641 2618 blasphemiae
655 2556 857 2618 argumentum,
880 2562 935 2618 quo
983 2543 1079 2598 misisti
1099 2543 1191 2598 Iasum
1207 2542 1340 2599 Cinctum
1360 2546 1463 2618 (ioan.
1489 2565 1555 2615 xvn,
1572 2550 1611 2623 5)
1631 2570 1637 2604 :
1662 2553 1697 2609 Ει
1710 2556 1781 2625 quod

137 2641 250 2699 omnino
262 2637 365 2695 Christi
376 2638 425 2693 liei
435 2638 594 2710 impiissima
609 2640 762 2696 temeritate
774 2639 937 2696 contradicit
985 2634 1057 2689 idem
1078 2634 1244 2706 evangelista
1260 2637 1297 2690 ait
1314 2654 1320 2690 :
1334 2634 1357 2690 o'
1359 2646 1369 2691 t
1382 2654 1569 2709 evanueramus
1581 2660 1669 2699 ueram
1685 2622 1781 2715 Dura,

137 2734 289 2799 divinitati,
312 2732 385 2803 quod
404 2731 497 2787 multis
514 2739 673 2788 sanctorum
685 2732 796 2788 Patrum
812 2732 934 2787 testimo-
986 2736 1011 2782 ει
1023 2727 1105 2782 aimus
1116 2727 1144 2781 ia
1159 2745 1218 2782 acro
1230 2726 1546 2798 I'ilioejasJemCltristo
1558 2733 1585 2806 (l
1595 2735 1711 2802 Ioaav,
1722 2736 1782 2811 20),

136 2829 195 2886 niis
212 2826 408 2883 destnrendum
426 2839 487 2881 esse
511 2824 695 2880 necessarium
716 2824 834 2880 videtur.
860 2821 934 2891 Qua·
988 2818 1143 2873 consentire
1162 2818 1262 2883 babes;
1282 2817 1322 2873 rol
1344 2826 1416 2873 tuam
1437 2823 1598 2878 sententiam
1621 2825 1784 2885 confirmare

138 2928 251 2993 propter
266 2917 398 2974 lectorem
419 2915 545 2981 obsecro,
564 2929 599 2969 ne
611 2928 654 2968 me
670 2912 820 2985 longiorem
842 2913 869 2966 ln
883 2912 935 2968 hac
988 2907 1041 2962 alio
1059 2906 1216 2980 [Quercet.
1244 2908 1334 2985 allud]
1355 2910 1458 2981 majore
1475 2912 1597 2982 quolibet
1617 2917 1781 2985 testimonio,

139 3009 211 3068 serie
228 3005 422 3078 disputationis
445 3006 633 3076 reprehendat.
662 3002 784 3075 Simplici
811 3018 936 3059 sermone
988 3015 1070 3071 quam
1084 3000 1169 3069 ipsius
1182 3000 1316 3065 veritatis,
1342 3000 1384 3055 vel
1400 3002 1467 3056 tanti
1482 3004 1605 3074 apostoli,
1630 3015 1784 3083 eteuange-

140 3101 213 3174 apud
227 3100 369 3157 auditores
382 3097 443 3171 pios
461 3097 530 3152 fides
547 3111 611 3151 vera
624 3093 743 3166 proferri
755 3104 864 3166 potest;
887 3052 972 3151 sedC
988 3094 1067 3157 listas,
1090 3093 1136 3163 qui
1148 3106 1230 3164 snper
1241 3102 1337 3162 pectus
1350 3093 1456 3149 Domini
1474 3096 1596 3151 recubuit
1613 3118 1619 3151 :
1635 3101 1678 3156 vel
1694 3102 1717 3157 si
1730 3103 1784 3161 hoc

138 3193 290 3267 impietatis
307 3192 424 3248 assertio
438 3189 555 3262 plurima
578 3187 794 3245 testimoniorum
815 3187 934 3242 auctori·
989 3198 1042 3239 non
1056 3198 1138 3238 ausus
1152 3199 1183 3239 es
1202 3182 1302 3250 lacere,
1323 3185 1379 3239 imo
1399 3186 1463 3256 qnia
1477 3202 1530 3242 non
1543 3197 1631 3258 potes,
1656 3201 1741 3251 resmt
1754 3207 1784 3251 ut

139 3294 197 3341 tata
208 3282 336 3340 diluenda
350 3300 356 3335 :
371 3289 506 3354 quatenus
527 3280 550 3336 si
562 3287 663 3335 nostrae
675 3279 818 3351 parvitatis
840 3293 936 3335 sensns
990 3283 1064 3329 tuam
1083 3274 1245 3329 sententiam
1265 3273 1398 3330 damnans
1422 3277 1502 3332 radas
1515 3278 1548 3333 dc
1567 3280 1647 3336 corde
1666 3290 1712 3338 tuo
1732 3285 1785 3342 boc

138 3375 359 3448 mutcmptibilos
373 3375 481 3440 babeat,
496 3373 592 3429 sdtem
611 3372 770 3428 multimoda
789 3371 937 3427 catholico·
989 3381 1086 3422 nomen
1100 3366 1128 3421 in
1143 3364 1251 3422 Cbristo
1266 3369 1456 3438 nuncupativae
1474 3369 1590 3427 Deitatis
1609 3377 1681 3444 qrvod
1702 3375 1785 3435 bomo

139 3483 202 3524 rum
215 3467 358 3522 doctorum
376 3465 540 3521 auctoritate
552 3463 687 3529 vincatur,
701 3471 784 3533 uupuc
795 3461 842 3516 uei
855 3460 935 3517 Clari·
990 3458 1077 3526 finxit,
1091 3476 1145 3518 non
1158 3460 1242 3525 licus;
1259 3461 1331 3531 quod
1345 3460 1464 3516 bumana
1479 3462 1610 3531 inventio,
1624 3481 1679 3520 non
1693 3466 1783 3524 divina

142 3557 180 3615 sti
190 3558 309 3614 donante
322 3564 350 3610 ει
359 3556 506 3611 miserante
521 3554 664 3610 clementia
678 3553 840 3624 corrigatur.
989 3553 1137 3609 auctoritas
1149 3553 1311 3623 composuit.

175 3648 209 3704 ll.
229 3648 312 3704 Ponit
321 3649 413 3718 itaque
426 3646 580 3717 hujusmodi
596 3646 697 3701 verba:
715 3663 724 3695 ι
743 3643 868 3699 Secundo
889 3658 937 3699 au·
1025 3644 1066 3698 lll.
1087 3644 1167 3715 821
1191 3645 1269 3701 Dicat
1280 3644 1376 3702 beatus
1390 3645 1546 3718 Apostolus,
1561 3648 1625 3718 quaid
1639 3649 1703 3706 inde
1720 3641 1784 3707 seir·

141 3753 198 3799 tem
216 3745 308 3809 modo,
331 3741 378 3807 ait,
393 3742 574 3813 nuncupative
590 3742 661 3797 Deus
675 3740 786 3806 dicitur,
809 3740 880 3796 sicut
893 3755 938 3795 su·
991 3736 1051 3800 tiat,
1066 3734 1108 3789 vel
1123 3736 1157 3791 dc
1168 3751 1222 3806 quo
1234 3736 1350 3792 dixisset
1370 3736 1444 3802 illud,
1460 3738 1533 3808 qvtod
1548 3747 1576 3792 ει
1596 3746 1624 3793 tu
1645 3742 1784 3810 posuisti:

140 3835 234 3907 perias
248 3835 404 3891 dictumest
419 3834 453 3889 de
467 3833 569 3889 sanctis
587 3833 820 3903 predicatoribus,
836 3833 870 3888 de
879 3832 939 3904 qui-
992 3823 1044 3890 Qvi
1053 3832 1090 3878 eat
1103 3841 1182 3894 super
1195 3826 1283 3880 amnia
1295 3825 1366 3882 Deua
1380 3827 1529 3882 benedictas
1540 3829 1568 3882 iu
1582 3829 1679 3883 taenia
1693 3829 1783 3901 (Ram.

128 3925 194 3981 bas
207 3924 334 3980 Salvator
346 3921 447 3979 Iudeis
461 3923 500 3978 ait
513 3941 519 3975 :
533 3920 562 3977 st
573 3923 641 3976 enim
662 3920 723 3976 illut
737 3920 805 3975 diait
818 3920 891 3985 dena,
902 3921 938 3975 ad
992 3935 1028 3981 vv,
1051 3918 1089 3991 5).
1105 3918 1176 3973 Dicit
1187 3919 1281 3988 itaque
1294 3918 1405 3992 Cbristp
1427 3920 1455 3973 in
1476 3935 1506 3975 sc
1530 3919 1676 3989 loquente:
1701 3920 1785 3994 Opta-

142 4034 208 4090 gaoa
227 4014 277 4073 Dei
293 4032 378 4071 termo
391 4015 478 4086 {actua
490 4015 581 4086 (Iona.
594 4031 622 4078 x,
635 4012 682 4085 35)
696 4030 703 4078 ;
718 4013 763 4082 quvi
779 4021 938 4067 tamennon
992 4009 1051 4063 bam
1072 4024 1119 4080 ego
1138 4009 1193 4078 ipae
1207 4009 1347 4065 anatliema
1368 4024 1423 4062 εεεε
1444 4006 1579 4064 uCltriato
1593 4025 1641 4080 pro
1657 4009 1785 4080 [ratribus

143 4116 241 4164 natura
257 4115 288 4163 ut
302 4107 383 4171 Deus,
405 4106 454 4161 scd
468 4121 517 4177 per
533 4105 580 4160 bet
595 4104 710 4176 gratiam
724 4103 814 4168 abeo,
833 4101 880 4171 qui
894 4116 939 4156 vc·
992 4099 1067 4163 ateis,
1088 4098 1134 4169 qui
1156 4106 1217 4152 aurat
1236 4098 1341 4168 cognati
1365 4098 1416 4151 anei
1439 4099 1584 4153 secandum
1608 4116 1724 4167 caraem,
1739 4103 1785 4174 gai

144 4214 196 4253 rus
206 4205 248 4252 cst
261 4196 343 4263 Deus,
364 4197 482 4252 deilicati
504 4196 540 4251 dii
562 4204 626 4251 sunt
647 4194 696 4250 sub
720 4194 765 4249 illo
783 4193 872 4249 vocati
889 4206 896 4247 :
912 4192 938 4246 in
991 4202 1053 4246 ειιιιι
1072 4189 1212 4256 israelita,
1226 4207 1337 4262 gttortna
1353 4191 1459 4260 adoratio
1472 4201 1508 4246 cat
1520 4191 1637 4261 filiorum
1651 4204 1676 4246 et
1688 4192 1785 4265 gioria,

145 4292 201 4346 boc
212 4290 308 4360 uulppe
320 4288 415 4346 ordine
427 4286 476 4342 Dei
492 4286 577 4343 Filius
591 4286 721 4341 Dominus
731 4293 759 4339 ει
774 4283 939 4354 Redemptor
993 4292 1016 4336 ct
1031 4291 1223 4344 testamentum,
1235 4291 1259 4335 ει
1272 4281 1413 4353 legislatio,
1429 4291 1453 4336 ει
1465 4281 1626 4353 obsequium,
1640 4295 1664 4338 ει
1677 4284 1787 4355 promia-

145 4382 325 4452 nosterjuxta
347 4379 553 4441 humanitatom,
569 4377 639 4432 sicut
655 4376 682 4430 in
697 4384 803 4439 natura,
822 4377 859 4428 ita
872 4373 938 4427 etin
993 4376 1043 4438 aio,
1066 4390 1177 4446 quartam
1199 4384 1298 4446 patrea,
1322 4391 1355 4429 εε
1378 4374 1472 4445 quibua
1498 4372 1617 4429 Clarium
1643 4374 1786 4432 secundant

143 4474 266 4539 nomine,
279 4471 403 4544 quamvis
416 4469 591 4526 excellentius
603 4466 709 4523 cunctis
728 4465 839 4526 electus,
855 4462 941 4533 ιειίες
993 4483 1108 4531 caraem,
1123 4468 1168 4538 grai
1182 4477 1219 4521 εει
1239 4483 1317 4538 super
1334 4468 1421 4521 omnia
1434 4466 1506 4522 Dent
1527 4465 1676 4522 benedictus
1691 4467 1720 4523 in
1733 4483 1786 4525 tut·

144 4570 215 4625 sinae
225 4576 318 4622 tamen
328 4580 390 4621 cunt
405 4563 457 4618 illis
472 4560 665 4625 communicat,
678 4558 748 4614 sicut
761 4564 788 4612 ει
800 4557 827 4610 iu
842 4562 940 4611 caetera
994 4557 1054 4612 cula
1068 4556 1159 4630 (Rom.
1176 4573 1216 4621 na,
1241 4559 1258 4611 3
1278 4567 1301 4611 ει
1316 4558 1394 4630 εει).
1419 4556 1540 4627 lntellige
1565 4557 1787 4628 consequentiam

144 4657 237 4713 unalia
258 4654 357 4728 ilem,
371 4654 399 4709 in
412 4651 519 4708 ceteris
530 4649 692 4721 omnibnsl,
710 4648 812 4711 idest,
828 4646 856 4700 in
870 4659 941 4715 prae·
993 4648 1128 4705 sermonis
1150 4648 1301 4718 apostolici.
1317 4647 1355 4702 lte
1374 4647 1501 4702 israelitis
1524 4655 1649 4712 testatur,
1666 4648 1788 4718 quasise

144 4747 339 4811 destinatione,
351 4746 379 4801 in
394 4744 537 4807 electione,
554 4741 581 4795 in
598 4740 695 4811 gratia,
717 4739 746 4793 in
760 4736 940 4807 susceptione,
994 4754 1126 4795 excusare
1139 4739 1240 4800 volens,
1264 4739 1335 4807 qnod
1356 4754 1409 4792 non
1424 4747 1536 4809 propter
1557 4739 1685 4796 invidiam
1699 4740 1786 4812 legem

145 4841 174 4896 iu
189 4839 374 4909 assumptione
397 4834 515 4891 nominis
540 4834 622 4895 servi,
647 4839 729 4901 atquc
750 4826 941 4899 applicatione,
994 4828 1102 4883 illorum
1114 4844 1169 4882 noa
1182 4835 1304 4882 servaret
1320 4844 1326 4880 :
1343 4827 1390 4883 scd
1404 4828 1467 4883 dnm
1480 4829 1623 4886 veritatem
1638 4829 1786 4885 intellexit-

145 4945 195 4986 seu
206 4941 306 4986 caemra
318 4928 361 4983 bis
376 4925 485 4989 slmilia,
501 4931 531 4978 ut
542 4922 613 4977 idem
624 4921 670 4990 qni
683 4918 865 4974 essentialiter
878 4931 941 4972 cnm
995 4927 1045 4982 εει,
1061 4917 1169 4974 veritati
1194 4916 1304 4973 obedire
1326 4917 1428 4972 mallet.
1446 4917 1518 4972 Dicit
1540 4919 1646 4974 illorum
1671 4917 1789 4989 promis·

146 5021 228 5076 Patre
241 5028 270 5076 ct
279 5019 382 5090 Spiritu
395 5026 491 5074 sancto
509 5015 657 5071 inanitate
674 5012 784 5068 deitatis
801 5025 883 5066 vatus
900 5017 943 5065 εει
991 5012 1092 5074 aiones,
1108 5009 1201 5074 idest,
1217 5009 1412 5071 israelitarum,
1427 5025 1541 5079 quurum
1556 5010 1719 5080 patriarche
1737 5024 1787 5079 pa-

147 5111 229 5177 lleus,
242 5113 299 5183 ipse
311 5111 340 5165 in
350 5109 437 5165 lorma
449 5106 629 5163 numanitatis
649 5119 711 5160 cnm
722 5104 816 5159 clectis
827 5101 884 5157 suis
892 5116 942 5172 per
991 5113 1046 5158 tres
1059 5111 1149 5165 erant,
1163 5117 1196 5157 ex
1218 5103 1327 5173 quibus,
1349 5103 1375 5156 id
1392 5111 1443 5167 εει,
1468 5101 1642 5172 patriarchis,
1662 5099 1788 5160 Christus

148 5203 303 5274 adoptionis
325 5202 439 5274 gratiam
460 5198 600 5256 deificatus
613 5198 698 5264 lleret,
722 5206 750 5252 ει
762 5196 942 5266 nuncupative
992 5192 1140 5248 secundum
1153 5208 1264 5248 carnem
1279 5200 1424 5256 natusest,
1440 5205 1520 5260 quent
1534 5190 1617 5244 etiam
1629 5205 1712 5261 super
1727 5206 1787 5263 pm·

148 5296 230 5352 Deus.
250 5294 360 5362 »Quem
382 5292 463 5363 paulo
485 5302 547 5347 ante
566 5291 724 5361 evaragelico
745 5288 901 5344 testimonio
916 5295 944 5343 et
994 5284 1037 5338 nia
1050 5286 1133 5338 betam
1149 5283 1317 5340 benedictum
1332 5284 1359 5337 in
1374 5281 1471 5337 secula
1484 5280 1626 5338 nominare
1639 5297 1694 5339 uun
1708 5281 1789 5339 dubt-

149 5384 417 5458 ipsinsevangelistae
431 5381 623 5437 testificatione
633 5381 723 5436 dixisti
734 5396 827 5434 venam
842 5378 940 5433 iteum:
995 5375 1083 5430 tavit:
1108 5375 1201 5439 ὒειιει,
1218 5376 1339 5446 Innatam,
1353 5371 1504 5426 nominavit
1517 5371 1679 5428 benedictum
1700 5371 1788 5440 illum,

143 5460 285 5547 ignorando
317 5490 389 5529 nrrnc
417 5472 485 5527 dicis
517 5472 728 5543 nuncupativum
760 5471 862 5527 Deum?
890 5469 944 5525 dut
996 5469 1042 5539 qui
1059 5476 1138 5524 natus
1161 5477 1203 5522 est
1216 5467 1362 5523 carnaliter
1376 5482 1408 5521 ex
1435 5465 1547 5520 Patmm
1569 5467 1709 5540 progenie,
1734 5482 1790 5525 nun

148 5566 306 5621 auctoritati
324 5563 485 5634 evangelice
499 5564 581 5617 cnam
594 5571 621 5616 et
633 5563 717 5631 ipsius
728 5562 854 5617 veritatis
868 5563 944 5616 testi·
998 5564 1222 5633 nuncupativum.
1246 5562 1284 5615 lic
1308 5576 1361 5630 qam
1387 5560 1522 5615 sententia
1556 5561 1652 5616 beatus
1676 5559 1790 5619 Procius

151 5659 283 5725 beatiorsi,
298 5671 379 5719 arram
391 5655 519 5725 posuisti,
540 5654 585 5708 nbi
601 5654 658 5707 ait:
675 5652 739 5706 linc
754 5664 790 5707 εει
810 5655 877 5708 ειιιιιι
893 5655 943 5708 aum
998 5655 1315 5722 Constantinopolitanus
1339 5654 1481 5729 episeopus
1503 5655 1532 5714 in
1552 5653 1667 5733 epistola
1687 5653 1721 5707 ad
1734 5650 1785 5707 br-
