3780 6120
137 318 205 377 rona
558 320 589 374 a.
609 312 640 376 r.
659 317 773 375 nanim
792 317 858 376 ssu
877 317 1014 377 abcb'llti
1032 321 1172 382 οιιιιιιιι
1189 327 1280 386 raas
1295 327 1361 387 mit.
1690 314 1766 384 totta¹

134 433 277 488 Alcoinnm
292 431 393 502 magis,
410 430 486 500 crrjns
498 433 579 488 etiam
593 447 689 485 nomen
703 429 825 502 praelert,
841 446 922 501 quam
935 456 961 516 Δ
974 449 1032 490 rum
1047 449 1079 490 ac
1090 437 1303 493 testimoniorum
1314 440 1431 509 pondere
1441 439 1558 507 libravit,
1571 450 1601 497 ut
1613 442 1715 499 mirum
1728 444 1765 500 sit

135 503 169 556 acl
188 502 269 556 alium
288 501 404 570 aliquem
426 503 499 558 iilius
518 502 568 557 aevi
591 502 749 569 scriptorem
768 502 918 570 pertinere,
972 505 1061 560 virum
1075 506 1141 562 alias
1154 509 1263 563 doetirm
1275 523 1307 563 ac
1321 511 1457 566 eruditum
1470 513 1502 565 b.
1517 513 1680 583 basnagium
1695 513 1768 570 adeo

135 571 289 639 rirrllamquc
300 587 409 626 causam
428 587 475 626 sen
498 572 628 626 rationem
647 570 762 639 proferri
775 586 863 640 posse,
885 573 921 627 ob
1008 577 1092 631 tuisse
1103 577 1222 697 partium
1241 579 1330 632 studio
1343 578 1446 649 abripi,
1464 589 1494 636 ut
1507 582 1551 635 illa
1566 582 1675 636 tomoll
1690 581 1764 639 ilisa.

134 656 215 709 quam
229 648 334 695 vezusto
347 642 448 695 codicis
463 650 598 709 scriptori,
614 654 657 707 qui
671 640 797 695 Albinum
810 657 856 696 seu
872 641 920 694 Al·
996 645 1088 708 celes,
1115 645 1211 709 ibrv,
1227 647 1329 717 capi,
1345 648 1471 705 alleviare
1485 658 1630 705 conaretur
1749 679 1763 695 ·

134 711 243 764 cuinum
266 719 405 764 auctorem
428 711 563 773 nominat,
588 708 654 763 noes
676 711 832 778 denegetur.
856 711 920 777 Qua
972 714 1092 768 sionibus
1105 722 1179 770 certe
1192 716 1295 772 levibus
1308 727 1387 788 atque
1402 719 1527 785 infirmis,
1542 734 1610 790 quas
1624 721 1683 776 suis
1742 720 1766 776 ’a

135 778 187 832 diro
203 788 335 834 momenta
350 781 381 833 b.
397 779 565 835 liabillonius
584 787 639 832 tum
653 779 728 850 gravi
746 789 919 850 argumento·
971 780 1113 838 diluemus.

505 1021 595 1131 nu
636 1018 1117 1183 connussmnu
1159 1025 1382 1170 ιιιιιιι,
1486 1020 1491 1029 ’

337 1253 391 1331 ΙΙ)
429 1250 523 1331 EST
559 1251 625 1326 DE
662 1249 784 1327 EJUS
821 1249 1177 1342 ANTIQUITATE
1215 1253 1280 1329 ET
1317 1252 1552 1337 AUCTORE

412 1443 604 1588 doun.
653 1432 1043 1586 mabillonii
1085 1434 1473 1613 bisauleino.

167 1812 243 1853 nnrro
255 1794 429 1850 {nannenus
447 1792 467 1847 F
471 1790 609 1846 ranciscus
621 1787 772 1844 Cluiiiietius
791 1784 820 1842 S.
834 1785 859 1841 l.
877 1784 920 1839 vir
935 1788 958 1850 b
971 1786 1077 1842 titulum
1102 1792 1246 1848 recentiori
1272 1809 1353 1852 marru
1376 1808 1403 1854 et
1422 1809 1574 1862 atramento
1591 1794 1763 1880 suppositura

132 1891 238 1953 doctus,
254 1887 364 1943 Divione
380 1883 450 1954 typis
466 1880 603 1937 mandauit
617 1878 784 1949 Scriptorum
798 1886 920 1932 veterum
969 1875 1053 1935 luisse
1066 1879 1195 1938 inlocum
1216 1884 1337 1952 alterius,
1351 1891 1397 1960 qui
1416 1893 1499 1950 minio
1521 1897 1684 1970 descriptus
1696 1913 1763 1970 erat,

132 1986 165 2040 de
181 1984 246 2040 Fide
265 1978 396 2036 catholiea
410 1975 538 2047 opuscula
558 1973 687 2044 quinque,
709 1972 736 2025 in
751 1968 849 2040 quibus
862 1966 920 2039 pri·
969 1970 1009 2024 uti
1018 1971 1132 2043 vestigia
1146 1973 1239 2032 relicta
1252 1985 1395 2038 testantur.
1412 1983 1543 2053 Tertium,
1564 1989 1649 2059 hujus
1664 1994 1764 2051 cuditis

132 2092 206 2130 nium
230 2075 318 2130 locum
340 2076 411 2125 tenet
431 2066 535 2122 Aletrini
555 2062 690 2134 Confessio
710 2060 787 2115 Fidei
806 2075 870 2114 rure.
890 2056 920 2111 ln
969 2057 1129 2128 scripturam
1150 2065 1278 2122 accedere
1297 2069 1331 2124 ad
1348 2085 1436 2128 evum
1449 2074 1536 2132 Caroli
1553 2077 1660 2152 llagni,
1674 2097 1760 2154 neque

65 2211 70 2221 .
130 2165 182 2222 lroc
196 2177 277 2235 opere
297 2169 392 2216 auctor
404 2156 513 2228 scriptis
533 2154 616 2209 trudit
628 2152 692 2222 quid
705 2151 804 2206 sentiat
819 2148 852 2203 de
864 2147 920 2202 lieo
968 2150 1067 2205 secolo
1086 2168 1156 2210 nono
1168 2159 1343 2226 posteriorem
1362 2162 1462 2231 videri;
1475 2182 1592 2240 eamque
1608 2181 1760 2242 pestutum

130 2270 184 2310 uno
198 2262 225 2310 et
238 2252 319 2317 trino,
335 2250 368 2306 de
381 2245 568 2304 lucamatione
579 2259 612 2298 ac
625 2244 659 2298 de
671 2238 857 2304 sacramentis,
872 2236 920 2293 dc·
968 2255 1036 2311 opus
1046 2245 1177 2314 aequalem
1197 2264 1266 2317 esse,
1279 2262 1378 2323 preter
1391 2257 1529 2315 duodecim
1542 2269 1688 2320 extremos
1700 2280 1760 2322 rer.

130 2361 183 2418 que
194 2345 255 2401 aliis
267 2340 404 2414 religionis
416 2344 516 2394 nostras
531 2333 681 2406 principiis,
695 2338 723 2386 ct
734 2329 850 2385 maxime
861 2326 920 2397 qui·
967 2345 1023 2395 sus,
1036 2333 1083 2402 qui
1096 2334 1216 2393 dilutiori
1230 2348 1381 2401 atramento
1394 2348 1498 2403 exarati
1518 2361 1593 2406 sunt.
1616 2352 1758 2422 omnum,

129 2437 191 2493 dem
209 2435 242 2490 de
264 2430 445 2494 Eucharistia,
468 2426 512 2483 ubi
535 2425 615 2480 iidem
634 2421 762 2478 Ecclesiae
782 2417 920 2475 camellos
967 2420 1092 2480 Chibletii
1101 2425 1245 2485 editionem
1256 2432 1357 2502 optime
1369 2451 1431 2492 cum
1441 2440 1590 2512 exemplari
1600 2445 1758 2512 musenim,

87 2524 91 2532 '
129 2523 281 2582 clarissime
294 2518 420 2590 explicat.
967 2527 991 2568 ⁸¹
1010 2515 1114 2571 1111111111
1126 2519 1250 2588 quedam
1263 2532 1355 2579 errata
1368 2529 1499 2600 excipias,
1512 2547 1575 2602 quae
1588 2534 1619 2589 in
1635 2543 1759 2608 typogra-

163 2617 203 2671 Ει
222 2617 272 2670 boc
290 2624 373 2682 opere
391 2607 569 2677 fragmentum
587 2603 620 2658 de
636 2600 805 2656 Eucharistia
822 2612 917 2654 excer-
967 2602 1046 2673 pbica
1057 2619 1139 2676 opera
1153 2610 1249 2667 cadere
1262 2628 1374 2673 necesse
1385 2626 1436 2674 cst.
1450 2619 1500 2677 llic
1513 2623 1582 2680 satis
1593 2625 1664 2683 mibi
1678 2625 1758 2684 luerit

128 2705 193 2775 psit,
217 2703 263 2772 qui
282 2698 399 2756 cilicium
416 2691 580 2751 sanctissimi
598 2690 760 2747 sacramenti
778 2684 919 2745 adornavit
967 2707 1047 2765 agere
1066 2698 1099 2754 de
1122 2699 1200 2757 titulo
1220 2717 1253 2760 ac
1271 2705 1305 2761 de
1325 2708 1485 2780 antiquitate
1505 2715 1612 2784 operis,
1627 2733 1690 2790 quae
1707 2720 1759 2777 duc

128 2809 200 2849 amru
215 2793 293 2856 1659,
312 2790 394 2860 idque
409 2786 515 2842 bleuini
535 2784 642 2839 nominc
661 2780 855 2853 praetitulavit:
871 2778 919 2836 scd
966 2787 1136 2859 potissimum
1154 2792 1182 2847 in
1196 2799 1408 2856 controversiam
1420 2803 1543 2859 veniunt.
1557 2805 1757 2880 Antiquitatem

129 2895 218 2941 tamen
234 2884 261 2938 iu
275 2880 347 2937 notis
362 2879 419 2935 suis
431 2876 521 2933 varias
535 2874 646 2947 protulit
658 2869 838 2942 conjecturas,
856 2871 917 2941 qui·
967 2879 1085 2952 primum
1098 2885 1221 2956 expedio,
1235 2887 1269 2944 ge
1284 2890 1403 2948 auem
1416 2894 1525 2952 nomine
1537 2900 1685 2969 posteriori
1699 2900 1757 2960 'm

127 2977 180 3033 bus
193 2977 299 3032 sincere
312 2971 457 3028 coniitetur
475 2967 576 3024 moveri
591 2982 637 3032 se,
659 2973 690 3021 ut
709 2980 743 3022 ne
760 2980 829 3037 opus
847 2962 919 3020 istud
968 2962 1099 3028 dicturus.

48 3129 54 3135 ,
126 3067 242 3124 Alcuino
256 3072 413 3121 constanter
424 3061 553 3117 ascribat.
1351 3049 1372 3105 1,

163 3156 239 3213 ilaue
250 3154 446 3211 dubitationem
459 3166 509 3224 pro
522 3166 587 3208 vera
599 3159 681 3222 atque
692 3149 841 3206 indubitata
854 3162 917 3205 sen-
930 3130 954 3195 C
1002 3133 1069 3192 Eam
1081 3137 1178 3207 probat
1191 3138 1325 3210 imprimis
1337 3142 1526 3204 characterum
1536 3149 1681 3222 elegantia,
1693 3167 1758 3226 qm.

127 3249 213 3306 tentia
231 3253 395 3318 exceperunt
418 3243 573 3301 calvinista
594 3260 601 3297 ι
623 3256 692 3312 quos
712 3240 783 3296 iuter
802 3238 920 3295 loannes
969 3223 1110 3282 1110111011
1135 3226 1232 3300 fligni-
1246 3246 1304 3288 aei’o
1323 3244 1432 3304 recepta
1449 3246 1509 3292 erat
1521 3254 1529 3294 ι
1542 3251 1601 3297 tum
1619 3243 1757 3316 scriptura

128 3337 245 3393 llallaeus
257 3334 451 3391 Dissertatiooe
467 3331 597 3404 singulari
610 3331 726 3402 probare
740 3336 853 3386 conatus
866 3335 918 3395 est,
968 3311 1055 3369 s⁰¹¹¹¹²
1068 3315 1257 3389 ⁸0iib⁰⁰ditl¹¹0
1272 3322 1376 3389 modus,
1387 3326 1459 3395 quod
1469 3336 1619 3402 utrumqne
1631 3333 1758 3391 meniu.

127 3428 200 3484 hanc
220 3424 421 3484 Conloesionem
443 3437 497 3477 non
518 3436 579 3477 esse
600 3420 716 3486 ntroin,
737 3420 785 3475 sed
808 3418 919 3475 alterius
967 3417 1068 3460 nonum
1083 3406 1153 3476 iiiiii
1166 3407 1235 3481 (η’.
1255 3410 1312 3468 lloc
1328 3426 1527 3486 argumentum,
1546 3423 1658 3479 tametsi
1674 3439 1756 3480 unum

126 3515 247 3572 auctoris
259 3522 353 3570 sancto
366 3507 494 3567 Ansslmo
505 3509 672 3580 posterioris,
687 3524 747 3579 quae
760 3506 919 3564 Dissertatio
968 3493 1084 3551 1111111111
1094 3496 1127 3553 td
1148 3497 1386 3559 demonstrandam
1398 3505 1479 3564 istius
1497 3510 1590 3582 operis
1608 3514 1756 3584 antiquita·

127 3609 270 3682 posthuma
284 3607 337 3661 boc
346 3603 405 3675 ipso
415 3599 656 3671 annullotbomagi
667 3599 768 3670 prodiit
778 3599 806 3654 in
818 3598 916 3655 lucem.
969 3594 1039 3654 tem;
1055 3587 1082 3643 111
1095 3595 1186 3645 11111111
1200 3590 1469 3665 1111811100111110111,
1485 3601 1558 3670 duod
1569 3617 1605 3658 0⁰
1616 3618 1671 3659 non
1683 3619 1757 3677 oque

65 3710 73 3717 ·
161 3697 252 3753 Lectis
265 3693 431 3768 argumentis
446 3706 506 3764 quac
526 3705 588 3747 cum
608 3691 634 3744 iu
651 3689 835 3745 notationibus
850 3705 919 3761 pra·
966 3681 1757 3760 ῑῐιθιθ111111101111111·011111011111110111110111111111116111ι

128 3785 220 3852 dictis,
238 3791 294 3840 tum
315 3783 343 3839 in
359 3781 450 3837 balian
469 3779 677 3845 Dissertatione,
691 3793 723 3833 ea
737 3778 771 3835 de
787 3792 817 3833 re
830 3777 919 3849 proie-
967 3780 1014 3827 titi
1027 3786 1062 3827 ex
1077 3773 1192 3841 ratione,
1207 3775 1253 3830 sed
1265 3791 1298 3831 ex
1312 3778 1453 3835 oculorum
1464 3782 1568 3852 judicio
1584 3793 1613 3840 et
1625 3783 1756 3842 librorum

126 3885 236 3942 matur,
251 3875 341 3930 visum
354 3881 396 3929 est
408 3871 518 3927 mibica
536 3870 627 3926 omnia
645 3868 716 3924 iacili
732 3869 841 3940 negotio
853 3867 918 3924 dilui
967 3862 1139 3933 antiquorum
1161 3880 1212 3920 usu
1232 3873 1313 3937 atque
1336 3868 1450 3925 scientia
1474 3872 1606 3942 pendeat;
1629 3874 1661 3930 lit
1681 3881 1713 3930 ut
1732 3874 1757 3931 ei

127 3984 160 4026 uc
179 3967 282 4025 revinci
301 3980 391 4038 posse,
412 3963 540 4019 nimirum
559 3961 615 4017 sola
637 3960 801 4032 inspectione
820 3959 919 4016 veteris
967 3953 1048 4010 iidem
1059 3971 1130 4027 aegre
1144 3958 1348 4015 accommodent
1369 3962 1426 4017 sive
1439 3963 1478 4018 rei
1492 3965 1655 4036 antiquariae
1668 3968 1756 4040 periti,

127 4059 230 4116 codicis
247 4059 294 4129 qui
313 4055 448 4115 Cbillletio
468 4055 529 4110 usui
549 4052 600 4108 luit
616 4070 622 4105 :
639 4051 772 4121 siqnidem
791 4066 852 4106 cum
872 4049 918 4104 Al-
966 4047 989 4101 si
1005 4047 1126 4104 codicem
1148 4065 1200 4105 oon
1214 4050 1346 4120 videriut;
1362 4053 1420 4109 sive
1432 4057 1478 4126 qui
1493 4056 1520 4111 in
1532 4057 1668 4128 ejusmodi
1679 4060 1757 4116 rebus

126 4150 199 4208 cuiui
212 4158 292 4206 tante
306 4146 348 4219 (ut
368 4147 426 4219 ipse
443 4144 595 4202 chimelius
613 4143 714 4215 censet)
728 4158 809 4199 mriuu
823 4158 919 4199 exara·
966 4141 1067 4196 versati
1087 4156 1141 4198 nou
1162 4151 1234 4210 sunt,
1250 4145 1356 4202 etiamsi
1376 4147 1503 4204 viderint.
1523 4149 1574 4206 Cui
1597 4152 1699 4223 duplici
1717 4153 1756 4209 iu-

126 4252 198 4309 tnm,
218 4242 339 4313 adeoque
358 4240 444 4309 ipsius
461 4237 569 4294 Alcuini
588 4236 696 4292 nornine
710 4235 837 4307 primitus
852 4235 919 4290 insi·
967 4233 1108 4290 commodo
1131 4244 1160 4290 ιιι
1184 4252 1337 4304 occurram,
1352 4241 1414 4297 unis
1437 4242 1559 4299 codicem
1582 4243 1754 4311 boerianuur,

126 4334 231 4405 guitum
253 4332 337 4388 luisse
359 4337 474 4387 constet.
497 4330 675 4399 Quapropter,
695 4329 759 4399 quia
778 4326 918 4383 Confessio
966 4322 1013 4394 qui
1024 4324 1104 4380 modo
1116 4340 1199 4395 peries
1210 4342 1259 4384 nos
1272 4337 1322 4396 est,
1335 4330 1492 4388 intuendum
1504 4343 1532 4389 et
1544 4337 1753 4393 examinandum

126 4424 178 4481 ista
192 4423 283 4497 magni
302 4420 431 4479 momenti
449 4427 492 4477 est
507 4421 542 4477 ad
556 4418 728 4475 illustrandas
741 4418 917 4475 Eucharistiae
967 4412 1174 4473 olferozalteris
1195 4419 1310 4476 exhibeo
1325 4422 1472 4491 peritorum
1491 4425 1614 4481 virorum
1634 4429 1754 4485 tessimo-

126 4514 337 4580 00ngroversiag‚
356 4512 419 4569 dedi
437 4527 547 4585 operam
568 4520 599 4568 ug
617 4511 776 4584 pradictum
796 4477 956 4568 codioemn
967 4505 1041 4560 nium
1064 4507 1110 4577 qui
1133 4507 1167 4564 de
1189 4508 1274 4579 ipsius
1293 4511 1394 4567 codicis
1417 4513 1579 4583 antiquitate
1599 4517 1755 4592 suffragium

126 4604 246 4660 nancisci
264 4613 292 4661 et
311 4604 446 4676 inspicere
465 4604 530 4660 mibi
546 4603 640 4659 liceret
656 4621 663 4657 ε
683 4602 845 4672 tandemque
859 4601 919 4658 dili-
968 4597 1070 4654 tulere:
1082 4608 1216 4671 quatem
1228 4602 1266 4659 illi
1278 4605 1388 4660 credant
1400 4607 1486 4663 oculis
1498 4609 1571 4677 suis;
1584 4610 1613 4666 bi
1626 4612 1755 4683 gravissi·

126 4695 216 4768 geutia
230 4694 264 4749 il.
281 4694 311 4750 P.
328 4695 429 4752 domini
445 4693 550 4751 Claudii
564 4693 706 4766 Brstagne,
721 4694 748 4749 in
762 4693 917 4750 Divionensi
966 4703 1074 4745 morum
1093 4691 1213 4748 virorum
1235 4695 1391 4752 auctoritati
1407 4699 1591 4768 acquiescant.
1616 4701 1688 4758 Nam
1699 4704 1756 4760 uni·

126 4785 215 4842 sancti
234 4784 346 4856 Benigni
361 4786 485 4841 eoeuobio
497 4786 608 4856 prioris,
629 4793 753 4856 repertus
767 4793 808 4841 est
828 4785 855 4840 in
878 4785 917 4840 in-
965 4782 1064 4852 cuique
1083 4783 1111 4838 iu
1133 4799 1180 4839 sua
1193 4794 1250 4840 arte
1263 4786 1425 4844 credendum
1438 4804 1499 4845 csse
1511 4789 1592 4848 tacite
1608 4794 1755 4851 concedent

125 4873 195 4944 signi
218 4872 382 4930 bibliotheca
406 4874 582 4930 illustrissimi
607 4876 716 4942 Boerii,
741 4876 768 4931 iu
791 4891 916 4947 supremo
965 4873 1035 4944 aequi
1056 4888 1147 4929 rerum
1168 4875 1356 4942 aestimatores,
1370 4878 1468 4948 quibus
1489 4878 1554 4935 solis
1577 4882 1639 4939 brec
1658 4885 1754 4942 scriba

125 4971 221 5020 senatu
233 4963 389 5019 Divionensi
409 4965 541 5033 praesidis,
556 4981 616 5035 quae
630 4967 789 5037 praeclarum
803 4968 855 5024 boe
869 4983 917 5022 an·
967 4962 1095 5035 Utrisque
1108 4980 1174 5021 vero
1184 4965 1293 5038 insuper
1303 4968 1348 5024 bie
1360 4984 1465 5040 appono
1476 4973 1610 5042 quasdam
1619 4978 1755 5050 conjectu·

120 5053 260 5126 tiqnitatis
271 5055 398 5128 stipibus
410 5054 488 5111 nobis
501 5055 648 5111 liberaliter
660 5058 850 5114 commodavit.
966 5068 1011 5109 ras
1033 5055 1240 5127 probabilesque
1264 5059 1398 5127 rationes,
1414 5061 1512 5131 quibus
1528 5061 1658 5134 eiuselem
1670 5067 1756 5142 operia

159 5142 240 5215 371
263 5143 382 5214 Accepto
396 5142 448 5199 boc
458 5143 606 5214 exemplari
620 5160 653 5201 ac
670 5146 813 5218 diligenter
825 5147 916 5217 inspe-
965 5147 1113 5215 antiquitas
1127 5148 1215 5220 magis
1229 5148 1359 5206 illustrari
1374 5154 1469 5224 possit.

125 5243 180 5302 cto,
193 5243 309 5305 quatuor
333 5234 436 5290 adverti
450 5234 517 5290 mibi
538 5235 647 5306 penitus
669 5236 814 5306 conspicua
835 5247 917 5306 atque
1000 5237 1133 5295 Nimirum
1154 5240 1235 5297 istius
1258 5242 1380 5314 opusculi
1406 5244 1522 5316 scriptor
1545 5247 1661 5306 vivebat
1683 5249 1755 5324 largo

124 5324 246 5394 probata.
260 5325 381 5382 Primum
393 5328 565 5391 est,titulum
577 5341 624 5382 seu
637 5326 840 5398 inscriptionem
855 5342 917 5398 opo-
964 5335 1028 5384 ante
1052 5327 1274 5386 scholasiieomm
1299 5339 1417 5400 aemteun
1439 5340 1469 5389 ut
1494 5335 1614 5406 probant
1635 5341 1755 5412 qma

126 5413 174 5481 ris,
188 5424 245 5471 tum
258 5415 286 5470 in
299 5416 388 5486 primo
402 5415 466 5472 lolio
477 5431 574 5479 vacuo,
588 5423 646 5471 tum
660 5417 687 5471 in
702 5414 791 5472 iroute
800 5416 865 5473 libri
875 5417 915 5472 sic
966 5419 1045 5476 istius
1067 5421 1208 5477 sententia
1219 5437 1272 5477 non
1285 5423 1352 5479 satis
1367 5439 1418 5495 pro
1436 5426 1666 5488 scholasticorum
1679 5440 1754 5503 captu

125 5518 156 5562 te
179 5506 297 5564 babere:
309 5509 398 5565 Albini
419 5507 556 5580 Confessio
575 5507 664 5566 Fidei.
691 5510 827 5585 Alterum„
843 5512 915 5566 bunc
966 5521 1108 5569 accuratae.
1131 5513 1226 5582 Qualis
1239 5523 1281 5571 cst
1298 5516 1325 5570 in
1340 5517 1426 5587 partis
1439 5519 1534 5588 primae
1548 5523 1644 5594 cap.2
1665 5525 1754 5580 iniret

161 5614 904 5693 ·llisannuntionumsignisrevocaturleotoralani
1004 5641 1048 5680 am
1071 5627 1105 5682 ad
1128 5626 1229 5684 calcem
1254 5627 1334 5700 buius
1357 5628 1560 5700 bisquieitionis
1585 5635 1751 5692 exhibemus.

116 5683 339 5744 madversionem
351 5690 479 5750 Frobenii
490 5692 620 5749 adversus
634 5694 769 5751 censuras
778 5693 914 5763 basnagii,
990 5711 1047 5751 ura.
