3780 6120
130 253 184 311 tlt
611 251 905 312 illotootthi‘ltlcn.
926 285 963 294 -
980 254 1060 311 viti
1082 254 1110 312 S.
1134 253 1293 313 venisti.
1715 261 1768 318 678

130 368 210 423 berto
223 376 252 421 et
271 366 424 421 haidoniaro
439 366 574 438 episcopis
588 366 658 423 lelici
679 368 828 423 mutatione
841 369 967 429 trans-‘A
1019 370 1098 441 172
1117 369 1213 425 llllll'.
1226 368 1311 425 Porro
1328 377 1419 425 autem
1435 371 1576 437 miracula,
1591 387 1649 442 qiiae
1664 382 1692 429 et
1705 386 1771 431 tune

129 458 214 516 latus.
977 469 1053 531 gesta
1063 460 1250 529 perhibentur,
1262 468 1290 515 et
1300 475 1359 530 quim
1367 460 1424 531 jem
1437 475 1486 530 per
1505 476 1590 516 annos
1609 460 1694 518 lerme
1706 479 1772 521 een·

164 550 251 606 xxti.
270 549 543 622 hircinamque
567 553 593 608 iii
612 555 708 610 eodem
727 555 853 625 episcopo
867 560 928 625 post
978 559 1035 605 tum
1062 552 1204 622 sexaginta
1232 567 1281 622 per
1307 552 1405 606 merita
1431 553 1503 609 beati
1528 553 1637 608 vedasti
1661 565 1770 625 patrata

124 643 190 714 ejus
200 644 490 702 excessomvisumest
499 644 609 716 dignuin
620 648 769 713 memoriae,
781 645 925 701 reseratur.
960 624 1049 705 'sunt
1074 640 1147 696 nullo
1175 649 1239 695 sunt
1261 640 1331 710 stylo
1355 641 1493 696 memorie
1520 642 1632 707 tradita,
1657 652 1771 714 eicepto

125 734 347 807 Superveniente
372 735 455 806 igitur
477 744 615 806 tempore,
629 736 799 802 domuncula,
822 736 850 792 in
874 750 927 806 qua
978 732 1049 802 quod
1068 732 1180 787 vocibus
1193 739 1335 786 cantorum
1346 731 1499 801 hujusmodi
1519 733 1625 787 canitur
1638 734 1771 803 Antipho·

126 828 187 884 Deo
198 828 315 884 dilectus
325 827 397 882 diem
410 827 488 893 obiit,
503 825 618 882 flammis
637 835 745 898 arrepta
760 827 856 883 ardere
873 841 928 882 ece
977 836 1011 875 na
1026 840 1032 874 :
1049 818 1100 874 Hic
1124 830 1161 875 eet
1182 819 1272 875 beatus
1302 818 1441 886 Vedium,
1456 822 1499 875 αεὶ
1515 821 1639 892 implum
1659 822 1718 892 fiett'
1737 823 1770 876 ab

126 921 180 990 pit.
195 918 250 974 Sed
266 919 378 977 vidente
398 919 514 988 quadam
530 918 655 988 religiosa
671 903 771 975 semina
785 918 866 973 Abita
880 934 928 973 no·
977 912 1076 984 angelis
1088 913 1193 985 jussam
1208 922 1245 968 eit
1268 913 1425 968 bominibus.
1442 913 1491 968 Est
1510 923 1601 969 autem
1622 915 1698 970 locus
1713 916 1771 984 ipse

129 1011 216 1078 nune,
232 1019 342 1067 sanctus
366 1010 513 1065 adveniens
527 1009 928 1075 tedastus,llammasaooiii0
977 1021 1030 1059 non
1055 1004 1133 1076 longe
1151 1006 1185 1061 ab
1209 1005 1303 1060 eadem
1327 1006 1404 1071 urbe,
1420 1007 1466 1075 quii
1489 1021 1537 1076 pro
1562 1007 1703 1063 nobilitate
1724 1008 1768 1065 sui

130 1104 269 1170 discussit,
284 1104 363 1158 etita
385 1101 529 1157 incolumis
542 1101 676 1156 remansit
691 1116 753 1156 eum
777 1099 886 1165 lectulo,
900 1100 927 1154 in
977 1093 1130 1151 Nobiliacus
1144 1096 1158 1135 b
1173 1097 1261 1168 primo
1281 1105 1322 1151 est
1346 1098 1495 1168 appellatos
1513 1117 1518 1151 :
1537 1100 1584 1155 sed
1605 1102 1771 1170 procedente

132 1213 187 1269 (pio
199 1197 243 1252 vii·
257 1195 365 1252 Domini
379 1203 502 1251 sanctam
518 1195 551 1249 ad
566 1195 689 1250 coelestia
705 1209 788 1265 regna
809 1193 927 1248 animam
978 1193 1164 1256 temporetam
1179 1188 1292 1260 insignis
1302 1187 1425 1255 effectus,
1441 1197 1472 1244 ut
1484 1190 1559 1246 urbis
1571 1192 1689 1257 nomino,
1710 1207 1771 1263 quae

132 1290 224 1346 emisit
244 1308 251 1343 ε
269 1296 298 1343 ut
316 1303 412 1343 omnes
432 1293 610 1359 agnoscerent
629 1293 730 1356 quanta
756 1286 828 1341 illius
856 1292 927 1340 esset
974 1277 1031 1348 jam
1043 1278 1129 1334 ruinis
1149 1279 1334 1334 crebrioribus
1351 1294 1420 1349 peric
1434 1281 1614 1348 obsoleverat,
1626 1283 1768 1342 vocitetur.

132 1380 273 1437 beatitudo
286 1379 314 1433 in
329 1378 416 1444 coelis,
429 1377 506 1447 cujus
515 1377 607 1433 lectuli
623 1377 790 1432 domicilium
805 1377 832 1431 iii
848 1375 927 1430 terris
976 1369 1024 1424 Est
1046 1385 1162 1440 namque
1181 1380 1208 1425 et
1228 1371 1372 1443 largitione
1396 1372 1514 1426 fidelium
1541 1372 1717 1438 sublimatus,
1743 1381 1772 1430 et

132 1476 229 1532 ardere
248 1491 301 1530 non
316 1474 414 1545 potuit.
977 1463 1082 1534 agmine
1112 1465 1319 1528 monachorum,
1335 1473 1364 1518 et
1388 1465 1504 1519 aliorum
1532 1465 1589 1520 lieo
1610 1467 1768 1521 devotorum

435 1565 549 1623 cgpgp
574 1567 607 1622 p,
976 1568 1056 1624 grege
1076 1552 1217 1608 crefertus
1242 1572 1247 1606 :
1271 1553 1315 1608 ubi
1343 1554 1509 1611 incessanter
1530 1555 1651 1624 quotidie
1679 1557 1770 1611 divina

264 1656 416 1712 Tronalotio
435 1658 552 1724 corporis
569 1657 653 1711 sancti
673 1653 787 1711 vedasti.
976 1643 1149 1699 celebrantur
1170 1643 1314 1711 praeconia,
1333 1651 1360 1697 et
1379 1641 1535 1712 frequenter
1555 1643 1675 1699 coelestia
1700 1644 1769 1700 lacta

165 1749 261 1806 lllllll.
272 1748 362 1804 lacuit
375 1757 466 1803 autem
484 1749 512 1802 in
529 1748 589 1803 loeo
602 1748 696 1803 eodem
710 1747 839 1817 usquead
853 1756 923 1804 tem·
937 1717 962 1777 B
975 1741 1039 1790 ⁵⁰³²
1052 1733 1362 1823 01fl⁰ss²fflil³⁰¹¹l⁰s¹¹¹¹¹
1375 1734 1464 1804 signi,
1478 1735 1600 1804 quaelssm
1616 1736 1702 1806 magis
1711 1751 1772 1790 ⁰⁴³¹·

131 1854 183 1909 pus
204 1838 278 1893 beati
291 1836 427 1902 riutberti,
442 1837 489 1906 qui
508 1837 638 1908 septimus
664 1836 689 1891 ei
713 1836 818 1892 insede
836 1839 924 1907 ponti.
974 1825 1096 1881 nentium
1113 1839 1162 1881 ore
1185 1832 1345 1891 narrantur,
1369 1840 1451 1894 quam
1474 1823 1603 1880 dictantis
1617 1825 1686 1897 stylo
1700 1826 1769 1881 scri·

133 1929 205 1987 tlcali
217 1928 348 1986 successit
359 1929 512 1999 episcopus.
526 1929 552 1986 ls
565 1937 668 1994 autem,
683 1937 714 1984 ut
732 1927 867 1998 maiorum
881 1944 924 1985 ro-
973 1916 1082 1974 bantur.
1095 1917 1174 1974 Felix
1188 1918 1314 1988 equidem
1329 1916 1491 1973 Atrebatum
1508 1918 1626 1985 civitas,
1653 1927 1705 1973 tam
1720 1935 1770 1974 ex-

131 2024 234 2082 latione
243 2025 427 2095 eognovimus,
441 2029 469 2075 et
480 2029 509 2075 ut
524 2010 762 2076 innumerabilium
784 2022 924 2077 hominum
974 2009 1081 2065 cellenti
1096 2010 1199 2064 munita
1225 2016 1354 2079 patrono,
1380 2009 1431 2063 etsi
1458 2024 1597 2064 murorum
1620 2010 1707 2065 ruinis
1733 2011 1772 2066 vi·

129 2122 333 2179 memmius,
349 2113 462 2183 01q00d
485 2111 571 2169 0011}ss
595 2113 678 2167 eitam
703 2111 805 2168 sacrum
826 2117 924 2183 propa.
974 2100 1070 2166 lescat,
1085 2100 1157 2154 illius
1182 2108 1273 2154 tamen
1288 2100 1447 2154 meritorum
1468 2099 1611 2154 nobilitate
1633 2100 1769 2156 clarescit.

131 2223 201 2272 mus,
215 2206 279 2261 duni
300 2205 417 2274 quadmn
440 2203 484 2258 die
509 2212 571 2274 post
593 2205 708 2274 hymnos
732 2205 881 2260 matutinos
895 2205 923 2260 in
975 2192 1111 2262 Totnsque
1124 2207 1174 2260 pro
1188 2190 1246 2260 ejus
1261 2191 1417 2246 sanctitatis
1438 2191 1632 2246 intercessione
1652 2192 1770 2262 gaudeat

130 2297 257 2355 humanis
281 2295 383 2368 thoti,
407 2296 434 2350 in
459 2295 618 2360 moenianis;
643 2292 786 2350 buttem·
811 2295 839 2349 t'n
863 2293 924 2349 Vtra
974 2280 1344 2353 tl⁰l³¹¹¹¹¹³2⁰1¹³¹¹lll(³¹¹‘2¹¹¹i(l¹¹e
1358 2280 1538 2335 Dfflaelefflds
1552 2279 1768 2348 fefefallaudssst

132 2385 161 2444 S.
177 2385 309 2450 notberti,
322 2393 399 2441 stans
413 2385 440 2439 in
459 2383 606 2455 moenibus]
621 2384 784 2449 consistens,
810 2381 924 2437 rubente
974 2375 1020 2445 qvi
1033 2381 1086 2428 tam
1106 2373 1209 2429 clarum
1219 2373 1258 2428 illi
1270 2374 1429 2442 perdonavit
1442 2375 1591 2438 doctorem,
1607 2371 1683 2442 cujus
1696 2390 1767 2446 prae-

130 2493 245 2543 aumra,
271 2477 410 2533 Orientem
425 2490 519 2530 versus
538 2475 705 2539 intenderet;
726 2474 796 2529 vidit
817 2473 923 2529 eminus
974 2466 1109 2521 dicatiooe
1121 2464 1193 2518 viam
1213 2463 1324 2534 agnovit
1343 2463 1476 2518 veritatis.
1492 2463 1576 2534 Cujus
1590 2465 1727 2535 precibus,
1745 2464 1770 2520 si

130 2567 366 2634 transfluviolum,
382 2566 429 2637 qui
441 2565 561 2621 Crientio
571 2574 694 2630 vocatur,
712 2565 800 2619 virum
812 2562 924 2635 praelul-
974 2557 1001 2611 io
1027 2556 1088 2611 sulci
1109 2555 1236 2610 firmitate
1259 2560 1287 2610 et
1312 2555 1374 2610 vitae
1394 2547 1539 2610 sanctitate
1563 2555 1706 2622 consistit,
1735 2555 1770 2609 ab

131 2658 223 2731 gidum
236 2658 341 2729 virgam
361 2672 442 2711 manu
466 2663 619 2719 tenentem,
634 2654 752 2709 basilicae
764 2654 855 2710 locum
867 2668 923 2708 me-
974 2647 1048 2704 omni
1073 2645 1239 2703 adversitate
1263 2660 1359 2700 secura
1381 2645 1561 2714 permanebit,
1574 2653 1602 2700 0²
1625 2659 1710 2715 usque
1735 2645 1771 2699 ad

131 2751 189 2808 tiri.
212 2749 289 2816 Quod
301 2749 346 2804 ille
361 2764 485 2810 cernens,
500 2746 637 2802 revelante
651 2747 716 2813 Deo,
732 2747 864 2802 visionem
878 2761 924 2804 co-
973 2736 1121 2812 perlectam
1129 2737 1306 2792 beatitudinis
1326 2734 1439 2805 gloriam
1458 2735 1608 2806 perveniet,
1623 2742 1770 2804 praestante

130 2842 226 2914 gnovit
240 2840 411 2912 angelicam:
434 2848 627 2908 ostensumque
643 2845 686 2892 est
706 2837 745 2891 illi
758 2836 868 2893 beatum
891 2836 925 2895 it.
974 2827 1090 2883 llomino
1111 2834 1205 2881 nostro
1218 2825 1282 2880 lesu
1292 2825 1411 2891 Christo,
1429 2827 1476 2897 quii
1491 2842 1552 2881 cum
1567 2826 1647 2881 Patre
1663 2837 1691 2881 ct
1706 2825 1768 2896 Spi-

130 2935 176 2990 loc
191 2934 348 2998 vedastum,
366 2942 502 2987 annuente
524 2931 643 2997 Christo,
659 2931 718 2987 sine
731 2932 812 2988 dubio
835 2939 924 2988 trans-
974 2920 1027 2975 ¹5¹⁰
1043 2927 1137 2975 ⁵³¹¹C²⁰
1158 2919 1226 2973 lilii
1242 2927 1269 2973 ⁰²
1293 2926 1387 2989 regnat
1406 2919 1488 2986 ⁰0³⁸,
1501 2935 1549 2989 l)er
1562 2918 1654 2974 ⁰fflnl³
1668 2916 1767 2974 &⁰⁰¹³

129 3024 282 3083 ferendum.
304 3023 361 3092 Qua
381 3024 544 3079 revelatione
563 3023 663 3078 certior
685 3022 783 3088 iaetus,
799 3022 923 3077 invitavit
937 3058 960 3120 c
975 3010 1146 3067 mulorum·
1167 3009 1254 3064 Amen
1268 3009 1292 3063 ‘¹-

130 3118 287 3174 adtentum
309 3132 377 3186 opus
400 3118 511 3173 beatum
531 3116 727 3184 audomarum,
743 3117 789 3188 qni
802 3132 833 3172 ea
855 3124 924 3172 tein-
1181 3137 1193 3164 e
1208 3131 1546 3213 ADHORTATIO

130 3218 237 3282 pestate
248 3208 398 3264 Tarvennae
408 3208 573 3264 llorinomm
588 3209 662 3265 urbis
672 3210 824 3280 episcopus,
838 3208 924 3265 inlici

131 3301 215 3356 rebus
237 3298 397 3370 magnillcos
423 3299 583 3353 habebatur.
608 3299 659 3366 Qui
681 3299 746 3354 licet
764 3297 823 3367 jani
846 3299 925 3355 senio

130 3403 257 3461 pressos,
283 3396 310 3444 et
329 3389 474 3446 amissione
498 3389 631 3443 luminum
653 3389 792 3445 videretur
810 3389 925 3444 debilior
1219 3384 1245 3422 ΙΝ
1264 3382 1341 3422 *cns
1360 3379 1529 3430 ⁰⁸⁸⁰⁸¹m⁸2

131 3481 231 3547 iactus,
253 3480 375 3535 animum
394 3488 487 3536 tamen
511 3488 542 3535 ut
565 3495 658 3535 areum
684 3480 789 3535 habens
808 3479 924 3550 spiritali
1097 3478 1282 3541 AUCTORE
1302 3477 1444 3541 EODEM
1468 3474 1643 3538 ALCUlNO

132 3570 223 3628 ituoto
242 3571 388 3636 intentum,
411 3570 484 3627 illico
507 3580 658 3642 pmrnptus,
682 3570 791 3627 Christo
814 3587 924 3642 gressus

132 3670 261 3734 tegente,
288 3661 402 3717 festinus
428 3662 461 3717 ad
485 3661 668 3717 venerabilem
704 3663 831 3730 pervenit
856 3660 925 3715 hut·
1209 3725 1215 3737 ‚
1272 3725 1277 3737 ⁸
1310 3724 1316 3736 ‚
1349 3724 1355 3736 ‚
1486 3723 1491 3734 ¹
1604 3722 1610 3733 ,
1710 3723 1716 3733 ,

132 3755 251 3811 benum·
264 3752 299 3809 At
315 3753 359 3808 ille
372 3754 437 3824 quid
458 3754 549 3810 animo
563 3760 679 3823 gereret,
693 3762 722 3808 α
737 3752 801 3823 quid
816 3754 867 3808 sibi
883 3753 923 3807 di,
1009 3725 1029 3779 l.
1045 3724 1176 3789 Gaudete,
1190 3724 1356 3779 dilectissimi
1371 3722 1470 3777 lratres
1485 3739 1512 3776 in
1534 3721 1658 3825 Divinum,
1672 3736 1717 3790 qui
1730 3723 1764 3776 nil

132 3843 235 3900 ,initus
251 3851 325 3900 esset
342 3851 495 3908 ostensum,
520 3844 649 3908 reserens,
678 3844 737 3914 pari
761 3851 824 3898 νοω
850 3857 924 3896 com,
976 3815 1141 3871 sanctissimi
1156 3815 1245 3869 Patris
1258 3823 1285 3868 et
1307 3815 1471 3884 protectoris
1493 3820 1592 3878 nostri,
1607 3813 1692 3866 sancti
1714 3814 1767 3868 sci-

133 3936 264 4008 munique
292 3937 406 3993 consilio
430 3952 492 3992 cum
520 3937 790 4008 magnopopulomm
806 3935 922 4006 gaudio,
974 3906 1170 3971 licetlledasti,
1197 3906 1328 3961 solemnia
1350 3905 1526 3970 convenistis,
1551 3911 1578 3957 et
1600 3904 1714 3974 spiritali
1725 3904 1769 3973 jii-

133 4026 181 4096 qui
205 4028 325 4098 undique
345 4027 551 4093 confluxerant,
581 4029 615 4082 ad
636 4028 724 4083 locum
753 4026 923 4098 designatum
975 3998 1113 4053 canditate
1130 3996 1268 4062 letamini,
1285 4003 1357 4050 etei
1376 3995 1472 4050 intimo
1484 3995 1576 4049 cordis
1597 3993 1693 4049 affectu
1714 3994 1769 4051 elc-

132 4117 320 4174 beatissimum
333 4119 531 4174 transtulerum
543 4118 698 4174 pedanum¹
713 4117 743 4172 1„
758 4132 811 4185 qua
835 4126 924 4172 grans,
974 4092 1104 4148 mentium
1130 4093 1235 4147 Domini
1263 4093 1348 4148 nostri
1375 4090 1440 4147 Jesu
1467 4091 1568 4147 Christi
1593 4091 1766 4159 collaudate,

132 4206 235 4264 latione
248 4209 406 4278 perhibemr
430 4210 525 4264 beatus
551 4209 721 4264 Audomms
745 4208 835 4262 lumen
850 4223 924 4264 rece,
975 4183 1021 4254 qui
1039 4199 1088 4238 nos
1109 4184 1143 4238 ab
1158 4183 1319 4239 idololatriae
1334 4182 1473 4239 erroribus
1488 4183 1522 4237 ad
1546 4182 1711 4253 agnitionem
1726 4185 1768 4239 sui

132 4300 207 4371 pisse
221 4300 371 4367 oculorum,
389 4302 435 4356 sed
458 4302 529 4356 iflico
543 4301 669 4371 precibus
691 4301 826 4366 eamdem,
842 4317 923 4370 quam
975 4272 1061 4328 sancti
1076 4272 1193 4327 nominis
1206 4287 1256 4341 per
1270 4272 1351 4344 hujus
1373 4273 1458 4328 sancti
1475 4272 1623 4327 sacerdotis
1636 4272 1768 4341 praedica·

131 4388 274 4445 „promus
296 4389 412 4455 serebat,
438 4391 627 4458 reimpetrasse
650 4389 810 4444 caecimoem·
826 4389 922 4444 Parvi,
939 4365 1076 4468 ¹,tionem
1089 4366 1236 4435 perducere
1256 4365 1449 4436 dignatusest.
1466 4364 1618 4434 Seqnnmur
1632 4358 1767 4419 unanimi-

131 4479 268 4552 mdeb„
285 4481 383 4549 quippe
407 4480 506 4534 lumen·
525 4479 674 4535 carnalium
696 4479 851 4546 oculorum,
876 4481 922 4551 qui
975 4448 1085 4509 tertam
1109 4455 1195 4510 saneti
1219 4455 1339 4511 doctoris
1352 4455 1467 4526 vestigia
1484 4472 1491 4509 :
1508 4470 1561 4510 non
1590 4453 1675 4509 simus
1698 4455 1766 4510 tanti

133 4567 337 4625 mmmmm„
350 4570 448 4625 civium
471 4584 650 4641 supernorum
668 4583 691 4624 .,
972 4545 1062 4603 Patris
1089 4548 1237 4620 degeneres
1254 4548 1316 4615 lilii;
1344 4548 1391 4604 sed
1416 4548 1587 4603 sanctitatem
1608 4547 1670 4601 vitae
1693 4546 1773 4635 illius¹

1018 3269 1059 3329 Al)
1088 3286 1259 3329 tuitionis
1288 3284 1442 3329 vlumus
1465 3283 1574 3326 stricti
1600 3282 1732 3326 vnonsri

1054 3603 1107 3663 Eae
1123 3621 1195 3664 mss.
1214 3601 1377 3664 Vedcstt‘no
1394 3608 1422 3661 et
1436 3600 1673 3679 Antwcrpiensi.

168 4694 182 4723 ¹
193 4681 340 4737 Bollandus
350 4682 500 4737 Comment.
515 4683 616 4752 praevio
629 4698 704 4736 num.
717 4682 752 4737 56
769 4683 923 4752 suspicatur
972 4685 1122 4739 etiamnum
1136 4684 1340 4740 celeberrimum
1354 4702 1361 4738 ε
1383 4681 1460 4752 eujus
1474 4683 1665 4753 inscriptiones
1686 4683 1763 4739 dabi-

130 4764 167 4807 ω
180 4768 241 4822 guae
252 4757 375 4822 sequenti
385 4768 497 4807 numero
507 4753 541 4806 dl
556 4753 718 4817 reseruntur,
735 4754 825 4807 addita
840 4752 922 4809 sitisse
973 4770 1034 4810 iiius
1048 4756 1119 4810 inter
1138 4754 1191 4809 alia
1205 4756 1277 4810 beati
1290 4753 1397 4808 Alcuini
1412 4763 1548 4821 poemata.

130 4830 195 4891 post
208 4823 312 4878 obitum
323 4822 439 4885 illenim,
462 4824 496 4878 ob
512 4824 569 4878 haec
582 4825 675 4885 verba,
690 4837 750 4892 qum
774 4823 811 4877 ibi
830 4822 923 4892 legun·
1009 4837 1020 4864 ο
1040 4824 1076 4878 Et
1089 4823 1204 4879 otiorum
1229 4825 1380 4878 devotorum
1393 4839 1485 4894 grege.
1505 4821 1639 4877 Nimirum
1663 4831 1764 4892 praeter

131 4898 199 4946 tur:
219 4909 228 4942 i
247 4891 332 4949 Porro
347 4901 375 4948 et
394 4891 533 4956 miracula,
552 4908 612 4964 quae
626 4903 653 4947 et
667 4900 730 4947 tunc
752 4888 790 4957 (in
809 4892 922 4946 transiri·
972 4895 1129 4949 monachos.
1144 4893 1267 4949 b‘otanda
1282 4900 1345 4947 sunt
1366 4894 1425 4948 haec
1438 4892 1545 4948 dlcoini
1564 4893 1665 4957 verba,
1680 4903 1762 4963 prout

131 4961 216 5034 tione)
232 4971 311 5086 gesta
325 4970 397 5027 sunt,
418 4969 445 5016 et
462 4977 522 5032 quae
542 4961 598 5031 jam
612 4962 656 5033 (ab
677 4978 707 5016 eo
729 4961 859 5032 ternpore)
871 4978 923 5089 Ger
972 4971 1064 5020 monet
1076 4963 1175 5020 blabill.
1203 4972 1268 5018 tom.
1281 4964 1291 5017 l
1304 4963 1401 5018 Annal.
1419 4962 1482 5018 libr.
1494 4979 1540 5028 xv,
1560 4977 1636 5017 num.
1650 4962 1695 5027 ts,
1710 4978 1765 5032 quio

129 5046 221 5157 w
219 5112 326 5173 patrata
347 5111 421 5169 sunt,
432 5111 485 5159 ete.
506 5122 515 5154 i
541 5103 591 5171 Qui
606 5103 680 5169 anui,
706 5103 744 5158 ait
764 5102 920 5168 Bollandus,
972 5104 1168 5175 gualespostea
1180 5104 1254 5160 lucre
1269 5105 1369 5160 iratres
1381 5098 1462 5159 oblati
1474 5119 1522 5159 seu
1534 5104 1635 5167 donati,
1648 5103 1693 5172 qui
1706 5119 1764 5158 mo-

131 5171 213 5227 abea
230 5172 416 5240 translatione,
433 5188 503 5228 anno
514 5173 563 5228 tot
580 5173 660 5236 lacta,
687 5174 721 5229 ad
735 5188 834 5227 annum
858 5174 920 5239 eoi,
972 5176 1123 5231 nachorum
1139 5177 1248 5230 nomine
1259 5191 1346 5245 nequa
1366 5191 1428 5230 uam
1448 5173 1639 5229 censebantur.

130 5256 189 5313 quo
202 5244 270 5299 obiit
281 5244 428 5306 Alcuinus,
446 5258 500 5298 non
520 5244 699 5299 intercedunt.
724 5242 817 5313 Neque
839 5245 921 5299 etiam
1010 5244 1114 5315 dllpud
1128 5245 1287 5300 bollandum
1303 5247 1339 5300 ita
1349 5190 1413 5301 ‘Lace
1428 5245 1489 5300 Vita
1505 5243 1640 5298 clauditur
1655 5258 1662 5296 :
1676 5260 1766 5314 perve-

130 5312 170 5367 ab
184 5313 261 5369 obitu
289 5315 375 5371 sancti
396 5314 507 5370 bledasti
523 5315 616 5397 iidem·
628 5315 691 5369 anni
707 5314 845 5395 numerari
863 5330 922 5397 pos·
973 5316 1036 5371 niet.
1044 5314 1116 5370 Obiit
1130 5326 1217 5397 natent
1228 5316 1298 5369 idem
1309 5315 1431 5370 sacerdot
1438 5313 1543 5396 'Ginai
1560 5311 1690 5368 vedastus
1713 5330 1763 5396 viii

129 5391 210 5449 suot,
220 5385 292 5456 quod
304 5388 339 5440 ab
352 5399 423 5441 anno
435 5383 488 5439 sto
500 5385 584 5454 elapsi
594 5393 650 5439 sint
663 5384 771 5439 ducenti
783 5396 922 5455 sexaginta
972 5385 1039 5441 ldae
1054 5383 1206 5447 Februarii,
1225 5394 1349 5456 regnante
1367 5385 1479 5440 bonane
1503 5394 1592 5438 inostro
1608 5383 1672 5438 lesu
1686 5381 1765 5440 Clari-

130 5455 215 5518 anni,
240 5464 270 5538 tit
295 5456 648 5536 annus'octingentesimus
671 5455 821 5536 habeatur,
849 5456 922 5511 circa
973 5466 1024 5518 ito,
1040 5463 1106 5520 etc,
1120 5464 1257 5537 utsupra.
1522 5523 1528 5536 ι
1721 5525 1727 5538 ·

130 5523 862 5652 ‘lihttbbtlililthttlllt.hitto...
878 5610 922 5665 n
973 5526 1075 5653 ...tlt
1090 5526 1288 5668 stillet:
1310 5525 1381 5657 tell
1404 5522 1791 5652 littltssltbtttlh

133 5671 196 5721 stea
221 5666 330 5722 nomine
344 5711 345 5714 η
359 5667 447 5724 sancti
472 5667 581 5723 vedasti
614 5666 664 5722 luit
689 5674 864 5739 insignitum,
889 5682 922 5723 ae
973 5666 1056 5724 octob
1068 5667 1154 5723 eoacti
1173 5664 1277 5723 Vedasti
1294 5666 1424 5740 pontificis
1443 5667 1478 5722 ad
1500 5665 1625 5738 populum
1641 5667 1764 5723 dicenda.

243 5048 318 5088 erme
331 5042 440 5089 centum
454 5034 594 5103 sexaginta
611 5032 770 5103 permerito
790 5031 859 5087 beati
894 5049 923 5088 e-
972 5035 1082 5090 noiiiine
1102 5035 1214 5090 secundi
1237 5034 1341 5089 ordinis
1368 5034 1509 5091 retiriosos
1534 5035 1608 5089 viros
1627 5033 1763 5103 intelligit,
