<?xml version="1.0" encoding="UTF-8"?>
<!DOCTYPE html PUBLIC "-//W3C//DTD XHTML 1.0 Transitional//EN"
    "http://www.w3.org/TR/xhtml1/DTD/xhtml1-transitional.dtd">
<html xmlns="http://www.w3.org/1999/xhtml" xml:lang="en" lang="en">
 <head>
  <title>
</title>
<meta http-equiv="Content-Type" content="text/html;charset=utf-8" />
  <meta name='ocr-system' content='tesseract 3.04.00' />
  <meta name='ocr-capabilities' content='ocr_page ocr_carea ocr_par ocr_line ocrx_word'/>
</head>
<body>
  <div class='ocr_page' id='page_1' title='image "./patrologiaecurs25goog_0064.png"; bbox 0 0 3780 6120; ppageno 0'>
   <div class='ocr_carea' id='block_1_1' title="bbox 97 279 1744 346">
    <p class='ocr_par' dir='ltr' id='par_1_1' title="bbox 97 279 1744 346">
     <span class='ocr_line' id='line_1_1' title="bbox 97 279 1744 346; baseline 0.004 -7"><span class='ocrx_word' id='word_1_1' title='bbox 97 279 152 339; x_wconf 80' lang='lat' dir='ltr'>tta</span> <span class='ocrx_word' id='word_1_2' title='bbox 418 285 421 290; x_wconf 90' lang='lat'>&#39;</span> <span class='ocrx_word' id='word_1_3' title='bbox 520 279 729 341; x_wconf 76' lang='lat' dir='ltr'>bodmttma.</span> <span class='ocrx_word' id='word_1_4' title='bbox 749 314 785 325; x_wconf 94' lang='lat'><em>-</em></span> <span class='ocrx_word' id='word_1_5' title='bbox 804 283 868 339; x_wconf 79' lang='lat' dir='ltr'>tm.</span> <span class='ocrx_word' id='word_1_6' title='bbox 887 282 968 341; x_wconf 77' lang='lat' dir='ltr'>abt.</span> <span class='ocrx_word' id='word_1_7' title='bbox 990 282 1153 340; x_wconf 68' lang='lat' dir='ltr'>leilESiN</span> <span class='ocrx_word' id='word_1_8' title='bbox 1172 283 1314 341; x_wconf 78' lang='lat' dir='ltr'>FELICIS.</span> <span class='ocrx_word' id='word_1_9' title='bbox 1690 287 1744 346; x_wconf 73' lang='lat' dir='ltr'>lid</span> 
     </span>
    </p>
   </div>
   <div class='ocr_carea' id='block_1_2' title="bbox 93 390 1745 5690">
    <p class='ocr_par' dir='ltr' id='par_1_2' title="bbox 93 390 1745 5690">
     <span class='ocr_line' id='line_1_2' title="bbox 95 390 1744 474; baseline 0.005 -23"><span class='ocrx_word' id='word_1_10' title='bbox 95 399 250 466; x_wconf 86' lang='lat' dir='ltr'>conceptus</span> <span class='ocrx_word' id='word_1_11' title='bbox 273 400 331 458; x_wconf 84' lang='lat' dir='ltr'>est;</span> <span class='ocrx_word' id='word_1_12' title='bbox 360 400 388 448; x_wconf 91' lang='lat' dir='ltr'>et</span> <span class='ocrx_word' id='word_1_13' title='bbox 411 390 444 448; x_wconf 85' lang='lat' dir='ltr'>dd</span> <span class='ocrx_word' id='word_1_14' title='bbox 458 394 662 468; x_wconf 78' lang='lat' dir='ltr'>uterouirqiuis</span> <span class='ocrx_word' id='word_1_15' title='bbox 684 397 754 453; x_wconf 88' lang='lat' dir='ltr'>beas</span> <span class='ocrx_word' id='word_1_16' title='bbox 774 413 854 454; x_wconf 86' lang='lat' dir='ltr'>uertrs</span> <span class='ocrx_word' id='word_1_17' title='bbox 865 406 893 453; x_wconf 91' lang='grc' dir='ltr'>ει</span> <span class='ocrx_word' id='word_1_18' title='bbox 906 401 931 460; x_wconf 74' lang='lat' dir='ltr'>A</span> <span class='ocrx_word' id='word_1_19' title='bbox 945 397 1079 467; x_wconf 89' lang='lat' dir='ltr'>quomodo</span> <span class='ocrx_word' id='word_1_20' title='bbox 1094 398 1174 455; x_wconf 86' lang='lat' dir='ltr'>lieret</span> <span class='ocrx_word' id='word_1_21' title='bbox 1191 400 1264 470; x_wconf 91' lang='lat' dir='ltr'>qnod</span> <span class='ocrx_word' id='word_1_22' title='bbox 1287 399 1312 454; x_wconf 91' lang='lat' dir='ltr'>ci</span> <span class='ocrx_word' id='word_1_23' title='bbox 1340 399 1491 464; x_wconf 74' lang='lat' dir='ltr'>nuntiabat,</span> <span class='ocrx_word' id='word_1_24' title='bbox 1519 400 1744 474; x_wconf 88' lang='lat' dir='ltr'>quandoquidem</span> 
     </span>
     <span class='ocr_line' id='line_1_3' title="bbox 95 482 1744 564; baseline 0.003 -20"><span class='ocrx_word' id='word_1_25' title='bbox 95 487 181 544; x_wconf 85' lang='lat' dir='ltr'>bomo</span> <span class='ocrx_word' id='word_1_26' title='bbox 192 500 274 541; x_wconf 83' lang='lat' dir='ltr'>uerus</span> <span class='ocrx_word' id='word_1_27' title='bbox 286 493 378 550; x_wconf 92' lang='lat' dir='ltr'>natus,</span> <span class='ocrx_word' id='word_1_28' title='bbox 394 482 464 542; x_wconf 88' lang='lat' dir='ltr'>sicut</span> <span class='ocrx_word' id='word_1_29' title='bbox 475 488 760 560; x_wconf 79' lang='lat' dir='ltr'>sanctustugustiuus</span> <span class='ocrx_word' id='word_1_30' title='bbox 771 488 799 545; x_wconf 91' lang='lat' dir='ltr'>iu</span> <span class='ocrx_word' id='word_1_31' title='bbox 813 488 893 555; x_wconf 90' lang='lat' dir='ltr'>libro,</span> <span class='ocrx_word' id='word_1_32' title='bbox 946 487 990 543; x_wconf 90' lang='lat' dir='ltr'>illa</span> <span class='ocrx_word' id='word_1_33' title='bbox 1009 490 1097 545; x_wconf 87' lang='lat' dir='ltr'>virum</span> <span class='ocrx_word' id='word_1_34' title='bbox 1110 507 1162 546; x_wconf 93' lang='lat' dir='ltr'>non</span> <span class='ocrx_word' id='word_1_35' title='bbox 1178 499 1366 563; x_wconf 73' lang='lat' dir='ltr'>cognosceret,</span> <span class='ocrx_word' id='word_1_36' title='bbox 1383 491 1521 562; x_wconf 85' lang='lat' dir='ltr'>respoudit</span> <span class='ocrx_word' id='word_1_37' title='bbox 1536 493 1666 564; x_wconf 78' lang='lat' dir='ltr'><strong>angelus:</strong></span> <span class='ocrx_word' id='word_1_38' title='bbox 1682 492 1744 562; x_wconf 85' lang='lat' dir='ltr'>Spi-</span> 
     </span>
     <span class='ocr_line' id='line_1_4' title="bbox 94 577 1742 654; baseline 0.003 -16"><span class='ocrx_word' id='word_1_39' title='bbox 94 595 180 653; x_wconf 85' lang='lat' dir='ltr'>quem</span> <span class='ocrx_word' id='word_1_40' title='bbox 189 577 367 635; x_wconf 84' lang='lat' dir='ltr'>Eachiridiou</span> <span class='ocrx_word' id='word_1_41' title='bbox 390 578 428 634; x_wconf 93' lang='lat' dir='ltr'>illi</span> <span class='ocrx_word' id='word_1_42' title='bbox 441 577 543 651; x_wconf 75' lang='lat' dir='ltr'>placuit</span> <span class='ocrx_word' id='word_1_43' title='bbox 555 580 706 647; x_wconf 88' lang='lat' dir='ltr'>nominare,</span> <span class='ocrx_word' id='word_1_44' title='bbox 725 584 896 654; x_wconf 87' lang='lat' dir='ltr'>apertissime</span> <span class='ocrx_word' id='word_1_45' title='bbox 946 580 1012 636; x_wconf 83' lang='lat' dir='ltr'>ritae</span> <span class='ocrx_word' id='word_1_46' title='bbox 1023 591 1130 637; x_wconf 79' lang='lat' dir='ltr'>sauctus</span> <span class='ocrx_word' id='word_1_47' title='bbox 1144 583 1304 653; x_wconf 71' lang='lat' dir='ltr'>superveniet</span> <span class='ocrx_word' id='word_1_48' title='bbox 1315 582 1386 647; x_wconf 85' lang='lat' dir='ltr'>iate,</span> <span class='ocrx_word' id='word_1_49' title='bbox 1409 592 1433 638; x_wconf 88' lang='lat' dir='ltr'>et</span> <span class='ocrx_word' id='word_1_50' title='bbox 1450 584 1532 638; x_wconf 81' lang='lat' dir='ltr'>cirtae</span> <span class='ocrx_word' id='word_1_51' title='bbox 1546 582 1676 639; x_wconf 78' lang='lat' dir='ltr'>ditissimi</span> <span class='ocrx_word' id='word_1_52' title='bbox 1697 583 1742 642; x_wconf 79' lang='lat' dir='ltr'>al·</span> 
     </span>
     <span class='ocr_line' id='line_1_5' title="bbox 95 669 1742 747; baseline 0.002 -18"><span class='ocrx_word' id='word_1_53' title='bbox 95 679 228 737; x_wconf 80' lang='lat' dir='ltr'>testatur,</span> <span class='ocrx_word' id='word_1_54' title='bbox 254 669 372 726; x_wconf 77' lang='lat' dir='ltr'>dicenst</span> <span class='ocrx_word' id='word_1_55' title='bbox 391 687 397 725; x_wconf 93' lang='lat'>:</span> <span class='ocrx_word' id='word_1_56' title='bbox 420 687 429 722; x_wconf 86' lang='lat' dir='ltr'>r</span> <span class='ocrx_word' id='word_1_57' title='bbox 447 669 497 727; x_wconf 86' lang='lat' dir='ltr'>iiic</span> <span class='ocrx_word' id='word_1_58' title='bbox 514 671 625 730; x_wconf 91' lang='lat' dir='ltr'>omniuo</span> <span class='ocrx_word' id='word_1_59' title='bbox 641 673 781 744; x_wconf 77' lang='lat' dir='ltr'>granditer</span> <span class='ocrx_word' id='word_1_60' title='bbox 793 682 822 731; x_wconf 87' lang='lat' dir='ltr'>et</span> <span class='ocrx_word' id='word_1_61' title='bbox 839 675 896 732; x_wconf 87' lang='lat' dir='ltr'>evi·</span> <span class='ocrx_word' id='word_1_62' title='bbox 946 673 1147 741; x_wconf 83' lang='lat' dir='ltr'>uarirabittiln&#39;,</span> <span class='ocrx_word' id='word_1_63' title='bbox 1159 674 1303 747; x_wconf 84' lang='lat' dir='ltr'>idcoqaeet</span> <span class='ocrx_word' id='word_1_64' title='bbox 1314 675 1383 747; x_wconf 81' lang='lat' dir='ltr'>qaod</span> <span class='ocrx_word' id='word_1_65' title='bbox 1403 685 1525 732; x_wconf 78' lang='lat' dir='ltr'>nascetur</span> <span class='ocrx_word' id='word_1_66' title='bbox 1536 692 1568 730; x_wconf 82' lang='lat' dir='ltr'>ee</span> <span class='ocrx_word' id='word_1_67' title='bbox 1580 685 1604 731; x_wconf 80' lang='lat' dir='ltr'>tc</span> <span class='ocrx_word' id='word_1_68' title='bbox 1618 685 1742 734; x_wconf 76' lang='lat' dir='ltr'>ranetam</span> 
     </span>
     <span class='ocr_line' id='line_1_6' title="bbox 93 762 1741 839; baseline 0.001 -19"><span class='ocrx_word' id='word_1_69' title='bbox 93 764 195 820; x_wconf 87' lang='lat' dir='ltr'>denter</span> <span class='ocrx_word' id='word_1_70' title='bbox 219 762 269 818; x_wconf 89' lang='lat' dir='ltr'>Ilei</span> <span class='ocrx_word' id='word_1_71' title='bbox 281 763 367 834; x_wconf 73' lang='lat' dir='ltr'>gratia</span> <span class='ocrx_word' id='word_1_72' title='bbox 381 765 596 820; x_wconf 87' lang='lat' dir='ltr'>commendatur.</span> <span class='ocrx_word' id='word_1_73' title='bbox 620 762 691 835; x_wconf 84' lang='lat' dir='ltr'>Quid</span> <span class='ocrx_word' id='word_1_74' title='bbox 700 765 773 821; x_wconf 87' lang='lat' dir='ltr'>enim</span> <span class='ocrx_word' id='word_1_75' title='bbox 797 775 894 823; x_wconf 87' lang='lat' dir='ltr'>natura</span> <span class='ocrx_word' id='word_1_76' title='bbox 946 762 1079 819; x_wconf 81' lang='lat' dir='ltr'>uocabitur</span> <span class='ocrx_word' id='word_1_77' title='bbox 1098 763 1187 820; x_wconf 82' lang='lat' dir='ltr'>Filias</span> <span class='ocrx_word' id='word_1_78' title='bbox 1199 764 1270 819; x_wconf 83' lang='lat' dir='ltr'>bair</span> <span class='ocrx_word' id='word_1_79' title='bbox 1290 763 1366 838; x_wconf 84' lang='lat' dir='ltr'>(buc.</span> <span class='ocrx_word' id='word_1_80' title='bbox 1378 783 1400 832; x_wconf 91' lang='lat' dir='ltr'>r,</span> <span class='ocrx_word' id='word_1_81' title='bbox 1412 766 1469 839; x_wconf 76' lang='lat'><strong>35).</strong></span> <span class='ocrx_word' id='word_1_82' title='bbox 1485 768 1520 823; x_wconf 88' lang='lat' dir='ltr'>Et</span> <span class='ocrx_word' id='word_1_83' title='bbox 1530 777 1592 838; x_wconf 90' lang='lat' dir='ltr'>post</span> <span class='ocrx_word' id='word_1_84' title='bbox 1612 783 1699 839; x_wconf 89' lang='lat' dir='ltr'>panca</span> <span class='ocrx_word' id='word_1_85' title='bbox 1713 767 1741 825; x_wconf 93' lang='lat' dir='ltr'>in</span> 
     </span>
     <span class='ocr_line' id='line_1_7' title="bbox 96 851 1742 926; baseline 0.001 -14"><span class='ocrx_word' id='word_1_86' title='bbox 96 856 218 911; x_wconf 88' lang='lat' dir='ltr'>bumana</span> <span class='ocrx_word' id='word_1_87' title='bbox 232 853 260 909; x_wconf 90' lang='lat' dir='ltr'>in</span> <span class='ocrx_word' id='word_1_88' title='bbox 283 851 395 909; x_wconf 88' lang='lat' dir='ltr'>bomine</span> <span class='ocrx_word' id='word_1_89' title='bbox 415 851 526 910; x_wconf 83' lang='lat' dir='ltr'>Christo</span> <span class='ocrx_word' id='word_1_90' title='bbox 540 855 650 922; x_wconf 88' lang='lat' dir='ltr'>memit,</span> <span class='ocrx_word' id='word_1_91' title='bbox 672 865 703 911; x_wconf 91' lang='lat' dir='ltr'>ut</span> <span class='ocrx_word' id='word_1_92' title='bbox 715 855 742 910; x_wconf 93' lang='lat' dir='ltr'>iu</span> <span class='ocrx_word' id='word_1_93' title='bbox 764 857 896 914; x_wconf 89' lang='lat' dir='ltr'>unitatem</span> <span class='ocrx_word' id='word_1_94' title='bbox 945 853 1041 909; x_wconf 80' lang='lat' dir='ltr'>eodem</span> <span class='ocrx_word' id='word_1_95' title='bbox 1069 855 1204 926; x_wconf 84' lang='lat' dir='ltr'>capituto:</span> <span class='ocrx_word' id='word_1_96' title='bbox 1221 873 1231 908; x_wconf 88' lang='lat' dir='ltr'>r</span> <span class='ocrx_word' id='word_1_97' title='bbox 1249 855 1379 923; x_wconf 82' lang='lat' dir='ltr'>Proinde,</span> <span class='ocrx_word' id='word_1_98' title='bbox 1405 856 1476 913; x_wconf 89' lang='lat' dir='ltr'>sicut</span> <span class='ocrx_word' id='word_1_99' title='bbox 1495 857 1667 926; x_wconf 82' lang='lat' dir='ltr'>eonfitemur,</span> <span class='ocrx_word' id='word_1_100' title='bbox 1687 858 1742 916; x_wconf 83' lang='lat' dir='ltr'>ba·</span> 
     </span>
     <span class='ocr_line' id='line_1_8' title="bbox 94 944 1742 1020; baseline 0.002 -16"><span class='ocrx_word' id='word_1_101' title='bbox 94 963 224 1019; x_wconf 80' lang='lat' dir='ltr'>personae</span> <span class='ocrx_word' id='word_1_102' title='bbox 242 945 315 1002; x_wconf 88' lang='lat' dir='ltr'>unici</span> <span class='ocrx_word' id='word_1_103' title='bbox 339 944 401 1001; x_wconf 80' lang='lat' dir='ltr'>Filii</span> <span class='ocrx_word' id='word_1_104' title='bbox 429 946 478 1003; x_wconf 86' lang='lat' dir='ltr'>Ilei</span> <span class='ocrx_word' id='word_1_105' title='bbox 502 947 675 1020; x_wconf 77' lang='lat' dir='ltr'>singulariter</span> <span class='ocrx_word' id='word_1_106' title='bbox 697 957 770 1005; x_wconf 88' lang='lat' dir='ltr'>esset</span> <span class='ocrx_word' id='word_1_107' title='bbox 791 964 896 1006; x_wconf 87' lang='lat' dir='ltr'>assum-</span> <span class='ocrx_word' id='word_1_108' title='bbox 945 944 1377 1014; x_wconf 88' lang='lat' dir='ltr'>minusnosterlesustristus,</span> <span class='ocrx_word' id='word_1_109' title='bbox 1390 947 1436 1017; x_wconf 93' lang='lat' dir='ltr'>qui</span> <span class='ocrx_word' id='word_1_110' title='bbox 1453 948 1552 1005; x_wconf 85' lang='lat' dir='ltr'>debeo</span> <span class='ocrx_word' id='word_1_111' title='bbox 1566 948 1742 1017; x_wconf 68' lang='lat' dir='ltr'>bausleno</span> 
     </span>
     <span class='ocr_line' id='line_1_9' title="bbox 94 1036 1741 1112; baseline 0.002 -18"><span class='ocrx_word' id='word_1_112' title='bbox 94 1041 160 1111; x_wconf 81' lang='lat' dir='ltr'>pta?</span> <span class='ocrx_word' id='word_1_113' title='bbox 178 1039 245 1107; x_wconf 76' lang='lat' dir='ltr'>Qum</span> <span class='ocrx_word' id='word_1_114' title='bbox 260 1039 330 1094; x_wconf 91' lang='lat' dir='ltr'>bona</span> <span class='ocrx_word' id='word_1_115' title='bbox 353 1036 489 1104; x_wconf 86' lang='lat' dir='ltr'>uoluntas,</span> <span class='ocrx_word' id='word_1_116' title='bbox 505 1038 582 1108; x_wconf 87' lang='lat' dir='ltr'>eujus</span> <span class='ocrx_word' id='word_1_117' title='bbox 602 1040 667 1096; x_wconf 92' lang='lat' dir='ltr'>boni</span> <span class='ocrx_word' id='word_1_118' title='bbox 692 1040 824 1112; x_wconf 76' lang='lat' dir='ltr'>propositi</span> <span class='ocrx_word' id='word_1_119' title='bbox 839 1048 896 1097; x_wconf 90' lang='lat' dir='ltr'>stu-</span> <span class='ocrx_word' id='word_1_120' title='bbox 946 1044 1036 1093; x_wconf 87' lang='lat' dir='ltr'>autern</span> <span class='ocrx_word' id='word_1_121' title='bbox 1050 1044 1130 1093; x_wconf 89' lang='lat' dir='ltr'>natus</span> <span class='ocrx_word' id='word_1_122' title='bbox 1142 1046 1185 1094; x_wconf 87' lang='lat' dir='ltr'>est</span> <span class='ocrx_word' id='word_1_123' title='bbox 1197 1038 1231 1095; x_wconf 90' lang='lat' dir='ltr'>de</span> <span class='ocrx_word' id='word_1_124' title='bbox 1247 1037 1350 1109; x_wconf 87' lang='lat' dir='ltr'>Spiritu</span> <span class='ocrx_word' id='word_1_125' title='bbox 1373 1046 1468 1094; x_wconf 88' lang='lat' dir='ltr'>sancto</span> <span class='ocrx_word' id='word_1_126' title='bbox 1482 1047 1510 1095; x_wconf 89' lang='grc' dir='ltr'>ει</span> <span class='ocrx_word' id='word_1_127' title='bbox 1522 1040 1628 1111; x_wconf 80' lang='lat' dir='ltr'>uirgine</span> <span class='ocrx_word' id='word_1_128' title='bbox 1643 1037 1741 1107; x_wconf 78' lang='lat' dir='ltr'>Maria,</span> 
     </span>
     <span class='ocr_line' id='line_1_10' title="bbox 96 1129 1739 1202; baseline -0.001 -15"><span class='ocrx_word' id='word_1_129' title='bbox 96 1131 185 1196; x_wconf 73' lang='lat' dir='ltr'>dum,</span> <span class='ocrx_word' id='word_1_130' title='bbox 202 1145 265 1200; x_wconf 78' lang='lat' dir='ltr'>qum</span> <span class='ocrx_word' id='word_1_131' title='bbox 286 1129 356 1184; x_wconf 83' lang='lat' dir='ltr'>botta</span> <span class='ocrx_word' id='word_1_132' title='bbox 369 1142 453 1199; x_wconf 90' lang='lat' dir='ltr'>opera</span> <span class='ocrx_word' id='word_1_133' title='bbox 466 1139 674 1198; x_wconf 78' lang='lat' dir='ltr'>precesserunt,</span> <span class='ocrx_word' id='word_1_134' title='bbox 694 1131 793 1202; x_wconf 88' lang='lat' dir='ltr'>quibus</span> <span class='ocrx_word' id='word_1_135' title='bbox 805 1146 894 1187; x_wconf 89' lang='lat' dir='ltr'>mere-</span> <span class='ocrx_word' id='word_1_136' title='bbox 945 1137 1059 1200; x_wconf 92' lang='lat' dir='ltr'>utraque</span> <span class='ocrx_word' id='word_1_137' title='bbox 1072 1129 1232 1193; x_wconf 78' lang='lat' dir='ltr'>substantia,</span> <span class='ocrx_word' id='word_1_138' title='bbox 1259 1130 1349 1186; x_wconf 86' lang='lat' dir='ltr'>diuina</span> <span class='ocrx_word' id='word_1_139' title='bbox 1367 1129 1472 1186; x_wconf 89' lang='lat' dir='ltr'>scilicet</span> <span class='ocrx_word' id='word_1_140' title='bbox 1497 1140 1579 1202; x_wconf 89' lang='lat' dir='ltr'>atque</span> <span class='ocrx_word' id='word_1_141' title='bbox 1603 1131 1739 1196; x_wconf 88' lang='lat' dir='ltr'>bumaua;</span> 
     </span>
     <span class='ocr_line' id='line_1_11' title="bbox 96 1218 1741 1296; baseline 0.002 -19"><span class='ocrx_word' id='word_1_142' title='bbox 96 1229 175 1279; x_wconf 85' lang='lat' dir='ltr'>retur</span> <span class='ocrx_word' id='word_1_143' title='bbox 196 1221 249 1276; x_wconf 87' lang='lat' dir='ltr'>iste</span> <span class='ocrx_word' id='word_1_144' title='bbox 268 1219 350 1274; x_wconf 86' lang='lat' dir='ltr'>homo</span> <span class='ocrx_word' id='word_1_145' title='bbox 365 1235 418 1274; x_wconf 93' lang='lat' dir='ltr'>una</span> <span class='ocrx_word' id='word_1_146' title='bbox 433 1218 493 1275; x_wconf 89' lang='lat' dir='ltr'>ileri</span> <span class='ocrx_word' id='word_1_147' title='bbox 514 1234 713 1289; x_wconf 77' lang='lat' dir='ltr'>personarum</span> <span class='ocrx_word' id='word_1_148' title='bbox 737 1220 896 1277; x_wconf 80' lang='lat' dir='ltr'>DeolNun-</span> <span class='ocrx_word' id='word_1_149' title='bbox 946 1221 1030 1278; x_wconf 83' lang='lat' dir='ltr'>Filius</span> <span class='ocrx_word' id='word_1_150' title='bbox 1043 1231 1085 1278; x_wconf 90' lang='lat' dir='ltr'>est</span> <span class='ocrx_word' id='word_1_151' title='bbox 1098 1223 1193 1278; x_wconf 91' lang='lat' dir='ltr'>unicus</span> <span class='ocrx_word' id='word_1_152' title='bbox 1216 1221 1264 1278; x_wconf 86' lang='lat' dir='ltr'>bei</span> <span class='ocrx_word' id='word_1_153' title='bbox 1286 1222 1376 1278; x_wconf 88' lang='lat' dir='ltr'>Patris</span> <span class='ocrx_word' id='word_1_154' title='bbox 1401 1223 1605 1296; x_wconf 86' lang='lat' dir='ltr'>omnipotentis,</span> <span class='ocrx_word' id='word_1_155' title='bbox 1629 1223 1664 1279; x_wconf 90' lang='lat' dir='ltr'>de</span> <span class='ocrx_word' id='word_1_156' title='bbox 1687 1236 1741 1295; x_wconf 88' lang='lat' dir='ltr'>quo</span> 
     </span>
     <span class='ocr_line' id='line_1_12' title="bbox 95 1309 1736 1391; baseline 0.003 -23"><span class='ocrx_word' id='word_1_157' title='bbox 95 1313 165 1391; x_wconf 85' lang='lat' dir='ltr'>quid</span> <span class='ocrx_word' id='word_1_158' title='bbox 188 1320 270 1367; x_wconf 88' lang='lat' dir='ltr'>antea</span> <span class='ocrx_word' id='word_1_159' title='bbox 291 1309 344 1366; x_wconf 84' lang='lat' dir='ltr'>init</span> <span class='ocrx_word' id='word_1_160' title='bbox 365 1310 457 1376; x_wconf 89' lang='lat' dir='ltr'>homo,</span> <span class='ocrx_word' id='word_1_161' title='bbox 485 1319 512 1366; x_wconf 91' lang='grc' dir='ltr'>ει</span> <span class='ocrx_word' id='word_1_162' title='bbox 535 1310 588 1367; x_wconf 79' lang='grc' dir='ltr'>Ιιεε</span> <span class='ocrx_word' id='word_1_163' title='bbox 601 1312 626 1367; x_wconf 88' lang='grc' dir='ltr'>εἰ</span> <span class='ocrx_word' id='word_1_164' title='bbox 642 1310 778 1383; x_wconf 76' lang='lat' dir='ltr'>singulare</span> <span class='ocrx_word' id='word_1_165' title='bbox 796 1311 897 1369; x_wconf 87' lang='lat' dir='ltr'>bened-</span> <span class='ocrx_word' id='word_1_166' title='bbox 945 1316 1068 1384; x_wconf 91' lang='lat' dir='ltr'>procedit</span> <span class='ocrx_word' id='word_1_167' title='bbox 1094 1315 1211 1386; x_wconf 90' lang='lat' dir='ltr'>Spiritus</span> <span class='ocrx_word' id='word_1_168' title='bbox 1226 1325 1346 1373; x_wconf 87' lang='lat' dir='ltr'>sauctus.</span> <span class='ocrx_word' id='word_1_169' title='bbox 1366 1337 1375 1370; x_wconf 83' lang='lat' dir='ltr'>r</span> <span class='ocrx_word' id='word_1_170' title='bbox 1393 1316 1455 1373; x_wconf 78' lang='lat' dir='ltr'>llos</span> <span class='ocrx_word' id='word_1_171' title='bbox 1481 1318 1681 1387; x_wconf 80' lang='lat' dir='ltr'>subsequenter</span> <span class='ocrx_word' id='word_1_172' title='bbox 1702 1318 1736 1373; x_wconf 83' lang='lat' dir='ltr'>de</span> 
     </span>
     <span class='ocr_line' id='line_1_13' title="bbox 96 1401 1742 1480; baseline 0.004 -18"><span class='ocrx_word' id='word_1_173' title='bbox 96 1405 172 1462; x_wconf 75' lang='lat' dir='ltr'>mum</span> <span class='ocrx_word' id='word_1_174' title='bbox 190 1401 343 1474; x_wconf 74' lang='lat' dir='ltr'>praestitum</span> <span class='ocrx_word' id='word_1_175' title='bbox 357 1408 409 1468; x_wconf 89' lang='lat' dir='ltr'>est,</span> <span class='ocrx_word' id='word_1_176' title='bbox 428 1416 490 1457; x_wconf 91' lang='lat' dir='ltr'>cum</span> <span class='ocrx_word' id='word_1_177' title='bbox 507 1401 683 1473; x_wconf 77' lang='lat' dir='ltr'>singulariter</span> <span class='ocrx_word' id='word_1_178' title='bbox 693 1410 896 1473; x_wconf 82' lang='lat' dir='ltr'>promereretur</span> <span class='ocrx_word' id='word_1_179' title='bbox 945 1409 1040 1464; x_wconf 88' lang='lat' dir='ltr'>eadem</span> <span class='ocrx_word' id='word_1_180' title='bbox 1054 1409 1140 1480; x_wconf 75' lang='lat' dir='ltr'>gratia</span> <span class='ocrx_word' id='word_1_181' title='bbox 1155 1417 1264 1465; x_wconf 87' lang='lat' dir='ltr'>secutus</span> <span class='ocrx_word' id='word_1_182' title='bbox 1276 1410 1331 1465; x_wconf 88' lang='lat' dir='ltr'>ait:</span> <span class='ocrx_word' id='word_1_183' title='bbox 1348 1430 1357 1461; x_wconf 89' lang='lat' dir='ltr'>r</span> <span class='ocrx_word' id='word_1_184' title='bbox 1380 1410 1420 1467; x_wconf 82' lang='lat' dir='ltr'>tic</span> <span class='ocrx_word' id='word_1_185' title='bbox 1434 1412 1474 1467; x_wconf 91' lang='lat' dir='ltr'>sic</span> <span class='ocrx_word' id='word_1_186' title='bbox 1490 1412 1517 1466; x_wconf 95' lang='lat' dir='ltr'>in</span> <span class='ocrx_word' id='word_1_187' title='bbox 1530 1413 1742 1468; x_wconf 81' lang='lat' dir='ltr'>uaturaebuma·</span> 
     </span>
     <span class='ocr_line' id='line_1_14' title="bbox 96 1493 1738 1574; baseline 0.002 -23"><span class='ocrx_word' id='word_1_188' title='bbox 96 1498 181 1568; x_wconf 71' lang='lat'>781</span> <span class='ocrx_word' id='word_1_189' title='bbox 205 1496 314 1551; x_wconf 66' lang='lat' dir='ltr'>Mum?</span> <span class='ocrx_word' id='word_1_190' title='bbox 340 1493 442 1566; x_wconf 84' lang='lat' dir='ltr'>Nempe</span> <span class='ocrx_word' id='word_1_191' title='bbox 455 1509 552 1564; x_wconf 82' lang='lat' dir='ltr'>euque</span> <span class='ocrx_word' id='word_1_192' title='bbox 571 1496 828 1567; x_wconf 86' lang='lat' dir='ltr'>homoessecmpit,</span> <span class='ocrx_word' id='word_1_193' title='bbox 840 1510 895 1551; x_wconf 92' lang='lat' dir='ltr'>uon</span> <span class='ocrx_word' id='word_1_194' title='bbox 945 1516 987 1555; x_wconf 82' lang='lat' dir='ltr'>nm</span> <span class='ocrx_word' id='word_1_195' title='bbox 1002 1500 1174 1570; x_wconf 84' lang='lat' dir='ltr'>susceptione</span> <span class='ocrx_word' id='word_1_196' title='bbox 1194 1500 1271 1556; x_wconf 85' lang='lat' dir='ltr'>beret</span> <span class='ocrx_word' id='word_1_197' title='bbox 1291 1502 1491 1571; x_wconf 89' lang='lat' dir='ltr'>quodammodo</span> <span class='ocrx_word' id='word_1_198' title='bbox 1512 1502 1570 1571; x_wconf 88' lang='lat' dir='ltr'>ipsa</span> <span class='ocrx_word' id='word_1_199' title='bbox 1593 1501 1681 1574; x_wconf 72' lang='lat' dir='ltr'>gratia</span> <span class='ocrx_word' id='word_1_200' title='bbox 1700 1498 1738 1556; x_wconf 90' lang='lat' dir='ltr'>illi</span> 
     </span>
     <span class='ocr_line' id='line_1_15' title="bbox 97 1586 1741 1664; baseline 0.002 -18"><span class='ocrx_word' id='word_1_201' title='bbox 97 1589 174 1646; x_wconf 88' lang='lat' dir='ltr'>aliud</span> <span class='ocrx_word' id='word_1_202' title='bbox 189 1589 352 1660; x_wconf 86' lang='lat' dir='ltr'>coepitcsse,</span> <span class='ocrx_word' id='word_1_203' title='bbox 368 1602 449 1658; x_wconf 85' lang='lat' dir='ltr'>quam</span> <span class='ocrx_word' id='word_1_204' title='bbox 463 1587 511 1642; x_wconf 86' lang='lat' dir='ltr'>[lei</span> <span class='ocrx_word' id='word_1_205' title='bbox 538 1586 634 1653; x_wconf 85' lang='lat' dir='ltr'>Filius,</span> <span class='ocrx_word' id='word_1_206' title='bbox 660 1595 688 1642; x_wconf 91' lang='lat' dir='ltr'>et</span> <span class='ocrx_word' id='word_1_207' title='bbox 706 1587 759 1644; x_wconf 88' lang='lat' dir='ltr'>boe</span> <span class='ocrx_word' id='word_1_208' title='bbox 781 1588 893 1658; x_wconf 91' lang='lat' dir='ltr'>uuicus;</span> <span class='ocrx_word' id='word_1_209' title='bbox 946 1592 1048 1647; x_wconf 85' lang='lat' dir='ltr'>homiui</span> <span class='ocrx_word' id='word_1_210' title='bbox 1065 1592 1207 1658; x_wconf 86' lang='lat' dir='ltr'>naturalis,</span> <span class='ocrx_word' id='word_1_211' title='bbox 1235 1609 1296 1664; x_wconf 87' lang='lat' dir='ltr'>quae</span> <span class='ocrx_word' id='word_1_212' title='bbox 1317 1593 1421 1648; x_wconf 89' lang='lat' dir='ltr'>uallum</span> <span class='ocrx_word' id='word_1_213' title='bbox 1436 1602 1578 1664; x_wconf 89' lang='lat' dir='ltr'>peecatum</span> <span class='ocrx_word' id='word_1_214' title='bbox 1589 1593 1677 1664; x_wconf 80' lang='lat' dir='ltr'>possit</span> <span class='ocrx_word' id='word_1_215' title='bbox 1691 1593 1741 1649; x_wconf 88' lang='lat' dir='ltr'>ad·</span> 
     </span>
     <span class='ocr_line' id='line_1_16' title="bbox 95 1673 1742 1756; baseline 0.001 -19"><span class='ocrx_word' id='word_1_216' title='bbox 95 1689 127 1737; x_wconf 91' lang='grc' dir='ltr'>ει</span> <span class='ocrx_word' id='word_1_217' title='bbox 137 1690 247 1753; x_wconf 90' lang='lat' dir='ltr'>propter</span> <span class='ocrx_word' id='word_1_218' title='bbox 270 1680 356 1736; x_wconf 83' lang='lat' dir='ltr'>ileum</span> <span class='ocrx_word' id='word_1_219' title='bbox 372 1680 503 1744; x_wconf 89' lang='lat' dir='ltr'>Verbum,</span> <span class='ocrx_word' id='word_1_220' title='bbox 530 1679 604 1750; x_wconf 92' lang='lat' dir='ltr'>quod</span> <span class='ocrx_word' id='word_1_221' title='bbox 619 1673 664 1734; x_wconf 88' lang='lat' dir='ltr'>ilio</span> <span class='ocrx_word' id='word_1_222' title='bbox 685 1688 812 1750; x_wconf 88' lang='lat' dir='ltr'>suscepto</span> <span class='ocrx_word' id='word_1_223' title='bbox 827 1694 894 1736; x_wconf 91' lang='lat' dir='ltr'>earo</span> <span class='ocrx_word' id='word_1_224' title='bbox 948 1683 1056 1738; x_wconf 85' lang='lat' dir='ltr'>mittere</span> <span class='ocrx_word' id='word_1_225' title='bbox 1070 1702 1076 1737; x_wconf 94' lang='lat'>:</span> <span class='ocrx_word' id='word_1_226' title='bbox 1090 1698 1150 1752; x_wconf 78' lang='lat' dir='ltr'>quae</span> <span class='ocrx_word' id='word_1_227' title='bbox 1160 1684 1246 1755; x_wconf 79' lang='lat' dir='ltr'>gratia</span> <span class='ocrx_word' id='word_1_228' title='bbox 1260 1693 1404 1756; x_wconf 89' lang='lat' dir='ltr'>propterea</span> <span class='ocrx_word' id='word_1_229' title='bbox 1418 1700 1468 1755; x_wconf 90' lang='lat' dir='ltr'>per</span> <span class='ocrx_word' id='word_1_230' title='bbox 1478 1685 1608 1756; x_wconf 89' lang='lat' dir='ltr'>Spiritum</span> <span class='ocrx_word' id='word_1_231' title='bbox 1617 1691 1742 1739; x_wconf 88' lang='lat' dir='ltr'>sanctum</span> 
     </span>
     <span class='ocr_line' id='line_1_17' title="bbox 96 1745 1740 1846; baseline -0.002 -16"><span class='ocrx_word' id='word_1_232' title='bbox 96 1775 203 1832; x_wconf 84' lang='lat' dir='ltr'>iactum</span> <span class='ocrx_word' id='word_1_233' title='bbox 220 1785 271 1837; x_wconf 88' lang='lat' dir='ltr'>cst,</span> <span class='ocrx_word' id='word_1_234' title='bbox 285 1775 380 1843; x_wconf 89' lang='lat' dir='ltr'>utique</span> <span class='ocrx_word' id='word_1_235' title='bbox 393 1774 465 1828; x_wconf 88' lang='lat' dir='ltr'>Deus</span> <span class='ocrx_word' id='word_1_236' title='bbox 479 1787 485 1827; x_wconf 93' lang='lat'><strong>:</strong></span> <span class='ocrx_word' id='word_1_237' title='bbox 500 1782 529 1828; x_wconf 93' lang='lat' dir='ltr'>ut</span> <span class='ocrx_word' id='word_1_238' title='bbox 544 1772 771 1842; x_wconf 85' lang='lat' dir='ltr'>quemadmodum</span> <span class='ocrx_word' id='word_1_239' title='bbox 780 1781 823 1828; x_wconf 88' lang='lat' dir='ltr'>est</span> <span class='ocrx_word' id='word_1_240' title='bbox 840 1788 895 1828; x_wconf 90' lang='lat' dir='ltr'>una</span> <span class='ocrx_word' id='word_1_241' title='bbox 910 1745 933 1806; x_wconf 75' lang='lat' dir='ltr'>B</span> <span class='ocrx_word' id='word_1_242' title='bbox 947 1771 1037 1828; x_wconf 83' lang='lat' dir='ltr'>luerat</span> <span class='ocrx_word' id='word_1_243' title='bbox 1057 1773 1245 1845; x_wconf 76' lang='lat' dir='ltr'>significanda,</span> <span class='ocrx_word' id='word_1_244' title='bbox 1271 1775 1334 1844; x_wconf 91' lang='lat' dir='ltr'>quia</span> <span class='ocrx_word' id='word_1_245' title='bbox 1347 1775 1404 1844; x_wconf 91' lang='lat' dir='ltr'>ipse</span> <span class='ocrx_word' id='word_1_246' title='bbox 1416 1776 1525 1846; x_wconf 89' lang='lat' dir='ltr'>proprie</span> <span class='ocrx_word' id='word_1_247' title='bbox 1539 1774 1580 1830; x_wconf 90' lang='lat' dir='ltr'>sic</span> <span class='ocrx_word' id='word_1_248' title='bbox 1602 1781 1645 1830; x_wconf 87' lang='lat' dir='ltr'>est</span> <span class='ocrx_word' id='word_1_249' title='bbox 1659 1772 1740 1839; x_wconf 86' lang='lat' dir='ltr'>bens,</span> 
     </span>
     <span class='ocr_line' id='line_1_18' title="bbox 94 1863 1403 1940; baseline -0.006 -14"><span class='ocrx_word' id='word_1_250' title='bbox 94 1884 214 1940; x_wconf 78' lang='lat' dir='ltr'>qmrsona</span> <span class='ocrx_word' id='word_1_251' title='bbox 236 1868 351 1939; x_wconf 83' lang='lat' dir='ltr'>quilibet</span> <span class='ocrx_word' id='word_1_252' title='bbox 374 1868 465 1930; x_wconf 88' lang='lat' dir='ltr'>homo,</span> <span class='ocrx_word' id='word_1_253' title='bbox 490 1868 579 1921; x_wconf 89' lang='lat' dir='ltr'>anima</span> <span class='ocrx_word' id='word_1_254' title='bbox 594 1865 698 1921; x_wconf 87' lang='lat' dir='ltr'>scilicet</span> <span class='ocrx_word' id='word_1_255' title='bbox 713 1866 855 1921; x_wconf 89' lang='lat' dir='ltr'>rationalis</span> <span class='ocrx_word' id='word_1_256' title='bbox 868 1875 896 1922; x_wconf 92' lang='grc' dir='ltr'>ει</span> <span class='ocrx_word' id='word_1_257' title='bbox 945 1872 975 1919; x_wconf 93' lang='lat' dir='ltr'>ut</span> <span class='ocrx_word' id='word_1_258' title='bbox 993 1864 1100 1919; x_wconf 89' lang='lat' dir='ltr'>dicutur</span> <span class='ocrx_word' id='word_1_259' title='bbox 1111 1864 1194 1919; x_wconf 87' lang='lat' dir='ltr'>etiam</span> <span class='ocrx_word' id='word_1_260' title='bbox 1205 1863 1254 1919; x_wconf 87' lang='lat' dir='ltr'>[lei</span> <span class='ocrx_word' id='word_1_261' title='bbox 1266 1865 1377 1920; x_wconf 82' lang='lat' dir='ltr'>dentum.</span> <span class='ocrx_word' id='word_1_262' title='bbox 1394 1885 1403 1918; x_wconf 85' lang='lat' dir='ltr'>r</span> 
     </span>
     <span class='ocr_line' id='line_1_19' title="bbox 94 1952 1742 2029; baseline -0.002 -14"><span class='ocrx_word' id='word_1_263' title='bbox 94 1974 173 2023; x_wconf 88' lang='lat' dir='ltr'>earo,</span> <span class='ocrx_word' id='word_1_264' title='bbox 188 1960 226 2014; x_wconf 87' lang='lat' dir='ltr'>ita</span> <span class='ocrx_word' id='word_1_265' title='bbox 239 1959 275 2014; x_wconf 90' lang='lat' dir='ltr'>sit</span> <span class='ocrx_word' id='word_1_266' title='bbox 287 1957 412 2014; x_wconf 85' lang='lat' dir='ltr'>Christus</span> <span class='ocrx_word' id='word_1_267' title='bbox 422 1972 476 2011; x_wconf 88' lang='lat' dir='ltr'>una</span> <span class='ocrx_word' id='word_1_268' title='bbox 485 1971 610 2026; x_wconf 88' lang='lat' dir='ltr'>persona,</span> <span class='ocrx_word' id='word_1_269' title='bbox 628 1956 746 2012; x_wconf 76' lang='lat' dir='ltr'>Verbum</span> <span class='ocrx_word' id='word_1_270' title='bbox 760 1964 789 2012; x_wconf 89' lang='lat' dir='ltr'>et</span> <span class='ocrx_word' id='word_1_271' title='bbox 802 1956 895 2013; x_wconf 73' lang='lat' dir='ltr'>brimo.</span> <span class='ocrx_word' id='word_1_272' title='bbox 980 1952 1073 2008; x_wconf 82' lang='lat' dir='ltr'>txxt.</span> <span class='ocrx_word' id='word_1_273' title='bbox 1083 1955 1166 2026; x_wconf 80' lang='lat' dir='ltr'>lgitur</span> <span class='ocrx_word' id='word_1_274' title='bbox 1181 1954 1205 2010; x_wconf 86' lang='lat' dir='ltr'>ei</span> <span class='ocrx_word' id='word_1_275' title='bbox 1216 1955 1303 2010; x_wconf 90' lang='lat' dir='ltr'>sancti</span> <span class='ocrx_word' id='word_1_276' title='bbox 1319 1953 1424 2027; x_wconf 63' lang='lat' dir='ltr'>[Forte</span> <span class='ocrx_word' id='word_1_277' title='bbox 1438 1954 1559 2029; x_wconf 88' lang='lat' dir='ltr'>sanctus]</span> <span class='ocrx_word' id='word_1_278' title='bbox 1572 1955 1700 2027; x_wconf 86' lang='lat' dir='ltr'>Spiritus,</span> <span class='ocrx_word' id='word_1_279' title='bbox 1711 1964 1742 2012; x_wconf 90' lang='lat' dir='ltr'>ut</span> 
     </span>
     <span class='ocr_line' id='line_1_20' title="bbox 95 2044 1740 2120; baseline -0.003 -13"><span class='ocrx_word' id='word_1_280' title='bbox 95 2048 176 2109; x_wconf 83' lang='lat' dir='ltr'>Unde</span> <span class='ocrx_word' id='word_1_281' title='bbox 195 2057 302 2104; x_wconf 74' lang='lat' dir='ltr'>naturae</span> <span class='ocrx_word' id='word_1_282' title='bbox 327 2048 453 2103; x_wconf 81' lang='lat' dir='ltr'>humanae</span> <span class='ocrx_word' id='word_1_283' title='bbox 475 2055 551 2102; x_wconf 91' lang='lat' dir='ltr'>tanta</span> <span class='ocrx_word' id='word_1_284' title='bbox 574 2046 670 2120; x_wconf 80' lang='lat' dir='ltr'>gloria,</span> <span class='ocrx_word' id='word_1_285' title='bbox 690 2047 772 2103; x_wconf 92' lang='lat' dir='ltr'>nullis</span> <span class='ocrx_word' id='word_1_286' title='bbox 795 2062 897 2118; x_wconf 81' lang='lat' dir='ltr'>praece-</span> <span class='ocrx_word' id='word_1_287' title='bbox 947 2044 999 2100; x_wconf 88' lang='lat' dir='ltr'>iste</span> <span class='ocrx_word' id='word_1_288' title='bbox 1011 2045 1201 2101; x_wconf 89' lang='lat' dir='ltr'>sanctissimas</span> <span class='ocrx_word' id='word_1_289' title='bbox 1220 2044 1301 2102; x_wconf 87' lang='lat' dir='ltr'>Pater</span> <span class='ocrx_word' id='word_1_290' title='bbox 1311 2054 1488 2117; x_wconf 91' lang='lat' dir='ltr'>protestatur,</span> <span class='ocrx_word' id='word_1_291' title='bbox 1504 2046 1551 2101; x_wconf 85' lang='lat' dir='ltr'>bei</span> <span class='ocrx_word' id='word_1_292' title='bbox 1562 2046 1663 2102; x_wconf 88' lang='lat' dir='ltr'>rionmn</span> <span class='ocrx_word' id='word_1_293' title='bbox 1688 2055 1740 2115; x_wconf 89' lang='lat' dir='ltr'>est,</span> 
     </span>
     <span class='ocr_line' id='line_1_21' title="bbox 95 2124 1742 2211; baseline 0.003 -15"><span class='ocrx_word' id='word_1_294' title='bbox 95 2141 227 2196; x_wconf 89' lang='lat' dir='ltr'>dentibus</span> <span class='ocrx_word' id='word_1_295' title='bbox 238 2139 351 2204; x_wconf 87' lang='lat' dir='ltr'>meritis,</span> <span class='ocrx_word' id='word_1_296' title='bbox 365 2139 424 2194; x_wconf 91' lang='lat' dir='ltr'>sine</span> <span class='ocrx_word' id='word_1_297' title='bbox 436 2138 603 2194; x_wconf 85' lang='lat' dir='ltr'>dubitatione</span> <span class='ocrx_word' id='word_1_298' title='bbox 618 2139 748 2210; x_wconf 71' lang='lat' dir='ltr'>gratuita,</span> <span class='ocrx_word' id='word_1_299' title='bbox 767 2139 820 2195; x_wconf 92' lang='lat' dir='ltr'>nisi</span> <span class='ocrx_word' id='word_1_300' title='bbox 833 2141 897 2211; x_wconf 91' lang='lat' dir='ltr'>quia</span> <span class='ocrx_word' id='word_1_301' title='bbox 947 2134 1081 2192; x_wconf 81' lang='lat' dir='ltr'>etdeuue</span> <span class='ocrx_word' id='word_1_302' title='bbox 1094 2124 1166 2194; x_wconf 88' lang='lat' dir='ltr'>dono</span> <span class='ocrx_word' id='word_1_303' title='bbox 1179 2137 1311 2194; x_wconf 77' lang='lat' dir='ltr'>saliaria</span> <span class='ocrx_word' id='word_1_304' title='bbox 1325 2139 1431 2210; x_wconf 81' lang='lat' dir='ltr'>uirgine</span> <span class='ocrx_word' id='word_1_305' title='bbox 1453 2151 1586 2198; x_wconf 86' lang='lat' dir='ltr'>natusest</span> <span class='ocrx_word' id='word_1_306' title='bbox 1611 2143 1742 2201; x_wconf 82' lang='lat' dir='ltr'>Dominus</span> 
     </span>
     <span class='ocr_line' id='line_1_22' title="bbox 94 2225 1741 2304; baseline 0.001 -16"><span class='ocrx_word' id='word_1_307' title='bbox 94 2248 200 2302; x_wconf 77' lang='lat' dir='ltr'>magna</span> <span class='ocrx_word' id='word_1_308' title='bbox 212 2232 296 2287; x_wconf 87' lang='lat' dir='ltr'>hicet</span> <span class='ocrx_word' id='word_1_309' title='bbox 309 2229 419 2286; x_wconf 84' lang='lat' dir='ltr'>sulabci</span> <span class='ocrx_word' id='word_1_310' title='bbox 431 2231 529 2300; x_wconf 79' lang='lat' dir='ltr'>gratia,</span> <span class='ocrx_word' id='word_1_311' title='bbox 551 2230 666 2285; x_wconf 88' lang='lat' dir='ltr'>ildeliter</span> <span class='ocrx_word' id='word_1_312' title='bbox 681 2237 709 2284; x_wconf 91' lang='grc' dir='ltr'>ει</span> <span class='ocrx_word' id='word_1_313' title='bbox 728 2229 819 2286; x_wconf 92' lang='lat' dir='ltr'>sobrie</span> <span class='ocrx_word' id='word_1_314' title='bbox 832 2246 897 2285; x_wconf 90' lang='lat' dir='ltr'>con-</span> <span class='ocrx_word' id='word_1_315' title='bbox 947 2234 1040 2282; x_wconf 89' lang='lat' dir='ltr'>noster</span> <span class='ocrx_word' id='word_1_316' title='bbox 1053 2225 1132 2283; x_wconf 83' lang='lat' dir='ltr'>lesus</span> <span class='ocrx_word' id='word_1_317' title='bbox 1142 2227 1276 2294; x_wconf 89' lang='lat' dir='ltr'>Christus,</span> <span class='ocrx_word' id='word_1_318' title='bbox 1298 2244 1379 2300; x_wconf 90' lang='lat' dir='ltr'>quem</span> <span class='ocrx_word' id='word_1_319' title='bbox 1404 2231 1550 2302; x_wconf 79' lang='lat' dir='ltr'>Apostolus</span> <span class='ocrx_word' id='word_1_320' title='bbox 1566 2234 1681 2304; x_wconf 79' lang='lat' dir='ltr'>gratiam</span> <span class='ocrx_word' id='word_1_321' title='bbox 1693 2233 1741 2290; x_wconf 84' lang='lat' dir='ltr'>bei</span> 
     </span>
     <span class='ocr_line' id='line_1_23' title="bbox 95 2318 1741 2394; baseline 0 -14"><span class='ocrx_word' id='word_1_322' title='bbox 95 2323 284 2381; x_wconf 83' lang='lat' dir='ltr'>siderantibns</span> <span class='ocrx_word' id='word_1_323' title='bbox 307 2323 445 2378; x_wconf 82' lang='lat' dir='ltr'>evidenter</span> <span class='ocrx_word' id='word_1_324' title='bbox 457 2321 619 2388; x_wconf 84' lang='lat' dir='ltr'>ostenditur,</span> <span class='ocrx_word' id='word_1_325' title='bbox 639 2331 669 2376; x_wconf 92' lang='lat' dir='ltr'>ut</span> <span class='ocrx_word' id='word_1_326' title='bbox 683 2322 836 2392; x_wconf 80' lang='lat' dir='ltr'>intelligant</span> <span class='ocrx_word' id='word_1_327' title='bbox 848 2322 898 2377; x_wconf 90' lang='lat' dir='ltr'>ho-</span> <span class='ocrx_word' id='word_1_328' title='bbox 947 2332 1001 2374; x_wconf 90' lang='lat' dir='ltr'>nou</span> <span class='ocrx_word' id='word_1_329' title='bbox 1027 2318 1160 2374; x_wconf 86' lang='lat' dir='ltr'>dubitavit</span> <span class='ocrx_word' id='word_1_330' title='bbox 1188 2321 1338 2387; x_wconf 89' lang='lat' dir='ltr'>nominare,</span> <span class='ocrx_word' id='word_1_331' title='bbox 1363 2321 1436 2376; x_wconf 91' lang='lat' dir='ltr'>unde</span> <span class='ocrx_word' id='word_1_332' title='bbox 1458 2321 1503 2377; x_wconf 89' lang='lat' dir='ltr'>hic</span> <span class='ocrx_word' id='word_1_333' title='bbox 1526 2321 1634 2392; x_wconf 91' lang='lat' dir='ltr'>adoptio</span> <span class='ocrx_word' id='word_1_334' title='bbox 1652 2332 1741 2394; x_wconf 88' lang='lat' dir='ltr'>potest</span> 
     </span>
     <span class='ocr_line' id='line_1_24' title="bbox 97 2408 1740 2485; baseline -0.001 -14"><span class='ocrx_word' id='word_1_335' title='bbox 97 2416 185 2471; x_wconf 89' lang='lat' dir='ltr'>mines</span> <span class='ocrx_word' id='word_1_336' title='bbox 197 2431 248 2485; x_wconf 90' lang='lat' dir='ltr'>per</span> <span class='ocrx_word' id='word_1_337' title='bbox 262 2415 386 2469; x_wconf 82' lang='lat' dir='ltr'>eamdem</span> <span class='ocrx_word' id='word_1_338' title='bbox 402 2413 516 2484; x_wconf 79' lang='lat' dir='ltr'>gratiam</span> <span class='ocrx_word' id='word_1_339' title='bbox 532 2428 561 2469; x_wconf 89' lang='lat' dir='ltr'>se</span> <span class='ocrx_word' id='word_1_340' title='bbox 572 2412 717 2483; x_wconf 83' lang='lat' dir='ltr'>justificari</span> <span class='ocrx_word' id='word_1_341' title='bbox 732 2427 748 2467; x_wconf 89' lang='lat' dir='ltr'>a</span> <span class='ocrx_word' id='word_1_342' title='bbox 764 2414 896 2482; x_wconf 85' lang='lat' dir='ltr'>peccatis,</span> <span class='ocrx_word' id='word_1_343' title='bbox 947 2408 1088 2473; x_wconf 80' lang='lat' dir='ltr'>accedere,</span> <span class='ocrx_word' id='word_1_344' title='bbox 1102 2408 1217 2465; x_wconf 88' lang='lat' dir='ltr'>dumille</span> <span class='ocrx_word' id='word_1_345' title='bbox 1227 2419 1373 2480; x_wconf 87' lang='lat' dir='ltr'>conceptus</span> <span class='ocrx_word' id='word_1_346' title='bbox 1382 2411 1415 2465; x_wconf 91' lang='lat' dir='ltr'>de</span> <span class='ocrx_word' id='word_1_347' title='bbox 1425 2410 1481 2466; x_wconf 87' lang='lat' dir='ltr'>Deo</span> <span class='ocrx_word' id='word_1_348' title='bbox 1494 2411 1611 2467; x_wconf 84' lang='lat' dir='ltr'>iubeam</span> <span class='ocrx_word' id='word_1_349' title='bbox 1619 2413 1740 2482; x_wconf 86' lang='lat' dir='ltr'>prolicie-</span> 
     </span>
     <span class='ocr_line' id='line_1_25' title="bbox 97 2497 1740 2577; baseline 0.002 -19"><span class='ocrx_word' id='word_1_350' title='bbox 97 2519 148 2577; x_wconf 87' lang='lat' dir='ltr'>per</span> <span class='ocrx_word' id='word_1_351' title='bbox 160 2520 243 2575; x_wconf 91' lang='lat' dir='ltr'>quam</span> <span class='ocrx_word' id='word_1_352' title='bbox 256 2503 357 2559; x_wconf 83' lang='lat' dir='ltr'>iactum</span> <span class='ocrx_word' id='word_1_353' title='bbox 371 2511 412 2559; x_wconf 79' lang='lat' dir='ltr'>est</span> <span class='ocrx_word' id='word_1_354' title='bbox 427 2511 456 2557; x_wconf 90' lang='lat' dir='ltr'>ut</span> <span class='ocrx_word' id='word_1_355' title='bbox 465 2503 548 2558; x_wconf 87' lang='lat' dir='ltr'>bomo</span> <span class='ocrx_word' id='word_1_356' title='bbox 557 2500 682 2558; x_wconf 87' lang='lat' dir='ltr'>Christus</span> <span class='ocrx_word' id='word_1_357' title='bbox 692 2501 796 2557; x_wconf 90' lang='lat' dir='ltr'>nullum</span> <span class='ocrx_word' id='word_1_358' title='bbox 807 2510 899 2572; x_wconf 89' lang='lat' dir='ltr'>posset</span> <span class='ocrx_word' id='word_1_359' title='bbox 946 2498 1010 2554; x_wconf 84' lang='lat' dir='ltr'>bat?</span> <span class='ocrx_word' id='word_1_360' title='bbox 1019 2497 1087 2555; x_wconf 85' lang='lat' dir='ltr'>Cum</span> <span class='ocrx_word' id='word_1_361' title='bbox 1099 2498 1171 2557; x_wconf 84' lang='lat' dir='ltr'>Deus</span> <span class='ocrx_word' id='word_1_362' title='bbox 1180 2509 1223 2556; x_wconf 89' lang='lat' dir='ltr'>est</span> <span class='ocrx_word' id='word_1_363' title='bbox 1238 2499 1356 2572; x_wconf 89' lang='lat' dir='ltr'>Spiritus</span> <span class='ocrx_word' id='word_1_364' title='bbox 1367 2511 1487 2568; x_wconf 86' lang='lat' dir='ltr'>sanctus,</span> <span class='ocrx_word' id='word_1_365' title='bbox 1508 2518 1562 2557; x_wconf 90' lang='lat' dir='ltr'>una</span> <span class='ocrx_word' id='word_1_366' title='bbox 1576 2503 1635 2559; x_wconf 85' lang='lat' dir='ltr'>baec</span> <span class='ocrx_word' id='word_1_367' title='bbox 1650 2502 1740 2576; x_wconf 78' lang='lat' dir='ltr'>[Forte</span> 
     </span>
     <span class='ocr_line' id='line_1_26' title="bbox 101 2589 1740 2666; baseline -0.001 -14"><span class='ocrx_word' id='word_1_368' title='bbox 101 2596 204 2652; x_wconf 86' lang='lat' dir='ltr'>habere</span> <span class='ocrx_word' id='word_1_369' title='bbox 216 2602 371 2666; x_wconf 85' lang='lat' dir='ltr'>peccatum.</span> <span class='ocrx_word' id='word_1_370' title='bbox 391 2613 401 2646; x_wconf 86' lang='lat' dir='ltr'>r</span> <span class='ocrx_word' id='word_1_371' title='bbox 947 2589 1121 2663; x_wconf 78' lang='lat' dir='ltr'>supplendam</span> <span class='ocrx_word' id='word_1_372' title='bbox 1136 2591 1176 2666; x_wconf 87' lang='lat' dir='ltr'>in]</span> <span class='ocrx_word' id='word_1_373' title='bbox 1192 2602 1286 2648; x_wconf 88' lang='lat' dir='ltr'>sancta</span> <span class='ocrx_word' id='word_1_374' title='bbox 1299 2594 1432 2649; x_wconf 84' lang='lat' dir='ltr'>Trinitate</span> <span class='ocrx_word' id='word_1_375' title='bbox 1450 2609 1568 2665; x_wconf 88' lang='lat' dir='ltr'>persona</span> <span class='ocrx_word' id='word_1_376' title='bbox 1592 2596 1704 2666; x_wconf 78' lang='lat' dir='ltr'>equalis</span> <span class='ocrx_word' id='word_1_377' title='bbox 1715 2605 1740 2653; x_wconf 90' lang='grc' dir='ltr'>ει</span> 
     </span>
     <span class='ocr_line' id='line_1_27' title="bbox 134 2684 1737 2758; baseline 0.001 -17"><span class='ocrx_word' id='word_1_378' title='bbox 134 2685 433 2742; x_wconf 80' lang='lat' dir='ltr'>bliX.Noueumante</span> <span class='ocrx_word' id='word_1_379' title='bbox 445 2684 897 2754; x_wconf 74' lang='lat' dir='ltr'>diritrclcouceptumaelnotum,</span> <span class='ocrx_word' id='word_1_380' title='bbox 947 2685 1187 2741; x_wconf 86' lang='lat' dir='ltr'>consubstantialis</span> <span class='ocrx_word' id='word_1_381' title='bbox 1207 2686 1281 2742; x_wconf 86' lang='lat' dir='ltr'>Patri</span> <span class='ocrx_word' id='word_1_382' title='bbox 1296 2694 1325 2741; x_wconf 88' lang='lat' dir='ltr'>et</span> <span class='ocrx_word' id='word_1_383' title='bbox 1335 2686 1405 2742; x_wconf 84' lang='lat' dir='ltr'>Filio</span> <span class='ocrx_word' id='word_1_384' title='bbox 1426 2702 1475 2758; x_wconf 87' lang='lat' dir='ltr'>per</span> <span class='ocrx_word' id='word_1_385' title='bbox 1489 2687 1590 2742; x_wconf 89' lang='lat' dir='ltr'>omnia.</span> <span class='ocrx_word' id='word_1_386' title='bbox 1616 2687 1672 2745; x_wconf 87' lang='lat' dir='ltr'>Nec</span> <span class='ocrx_word' id='word_1_387' title='bbox 1694 2688 1737 2743; x_wconf 92' lang='lat' dir='ltr'>ali·</span> 
     </span>
     <span class='ocr_line' id='line_1_28' title="bbox 97 2774 1738 2848; baseline 0.001 -14"><span class='ocrx_word' id='word_1_388' title='bbox 97 2788 126 2834; x_wconf 84' lang='lat' dir='ltr'>et</span> <span class='ocrx_word' id='word_1_389' title='bbox 139 2786 205 2834; x_wconf 84' lang='lat' dir='ltr'>tuoe</span> <span class='ocrx_word' id='word_1_390' title='bbox 219 2778 397 2848; x_wconf 79' lang='lat' dir='ltr'>pergratiam</span> <span class='ocrx_word' id='word_1_391' title='bbox 413 2775 585 2846; x_wconf 89' lang='lat' dir='ltr'>adoptionem</span> <span class='ocrx_word' id='word_1_392' title='bbox 599 2777 747 2846; x_wconf 87' lang='lat' dir='ltr'>accepisse,</span> <span class='ocrx_word' id='word_1_393' title='bbox 763 2785 794 2832; x_wconf 89' lang='lat' dir='ltr'>ut</span> <span class='ocrx_word' id='word_1_394' title='bbox 812 2776 898 2833; x_wconf 81' lang='lat' dir='ltr'>Filius</span> <span class='ocrx_word' id='word_1_395' title='bbox 948 2774 1014 2842; x_wconf 92' lang='lat' dir='ltr'>quid</span> <span class='ocrx_word' id='word_1_396' title='bbox 1034 2784 1097 2830; x_wconf 89' lang='lat' dir='ltr'>aute</span> <span class='ocrx_word' id='word_1_397' title='bbox 1115 2774 1166 2831; x_wconf 87' lang='lat' dir='ltr'>tuit</span> <span class='ocrx_word' id='word_1_398' title='bbox 1179 2777 1261 2834; x_wconf 89' lang='lat' dir='ltr'>bomo</span> <span class='ocrx_word' id='word_1_399' title='bbox 1277 2776 1332 2843; x_wconf 87' lang='lat' dir='ltr'>ille,</span> <span class='ocrx_word' id='word_1_400' title='bbox 1357 2785 1502 2848; x_wconf 86' lang='lat' dir='ltr'>autequam</span> <span class='ocrx_word' id='word_1_401' title='bbox 1520 2777 1602 2844; x_wconf 87' lang='lat' dir='ltr'>beas,</span> <span class='ocrx_word' id='word_1_402' title='bbox 1624 2786 1652 2833; x_wconf 91' lang='lat' dir='ltr'>ut</span> <span class='ocrx_word' id='word_1_403' title='bbox 1678 2782 1738 2835; x_wconf 88' lang='lat' dir='ltr'>ado</span> 
     </span>
     <span class='ocr_line' id='line_1_29' title="bbox 99 2865 1739 2936; baseline 0.004 -14"><span class='ocrx_word' id='word_1_404' title='bbox 99 2868 152 2922; x_wconf 84' lang='lat' dir='ltr'>bei</span> <span class='ocrx_word' id='word_1_405' title='bbox 170 2876 254 2934; x_wconf 63' lang='lat' dir='ltr'>essem</span> <span class='ocrx_word' id='word_1_406' title='bbox 269 2867 319 2924; x_wconf 88' lang='lat' dir='ltr'>sed</span> <span class='ocrx_word' id='word_1_407' title='bbox 333 2881 396 2922; x_wconf 82' lang='lat' dir='ltr'>mor</span> <span class='ocrx_word' id='word_1_408' title='bbox 411 2866 438 2920; x_wconf 93' lang='lat' dir='ltr'>in</span> <span class='ocrx_word' id='word_1_409' title='bbox 453 2866 512 2935; x_wconf 92' lang='lat' dir='ltr'>ipso</span> <span class='ocrx_word' id='word_1_410' title='bbox 530 2866 804 2936; x_wconf 84' lang='lat' dir='ltr'>conceptuetiuipso</span> <span class='ocrx_word' id='word_1_411' title='bbox 817 2875 898 2936; x_wconf 88' lang='lat' dir='ltr'>partu</span> <span class='ocrx_word' id='word_1_412' title='bbox 948 2865 1018 2935; x_wconf 89' lang='lat' dir='ltr'>ptari</span> <span class='ocrx_word' id='word_1_413' title='bbox 1031 2866 1118 2935; x_wconf 93' lang='lat' dir='ltr'>possit</span> <span class='ocrx_word' id='word_1_414' title='bbox 1136 2866 1164 2922; x_wconf 93' lang='lat' dir='ltr'>ia</span> <span class='ocrx_word' id='word_1_415' title='bbox 1188 2866 1236 2925; x_wconf 85' lang='lat' dir='ltr'>Ilei</span> <span class='ocrx_word' id='word_1_416' title='bbox 1249 2866 1348 2923; x_wconf 83' lang='lat' dir='ltr'>Filium</span> <span class='ocrx_word' id='word_1_417' title='bbox 1364 2887 1370 2922; x_wconf 94' lang='lat'>:</span> <span class='ocrx_word' id='word_1_418' title='bbox 1384 2868 1468 2924; x_wconf 84' lang='lat' dir='ltr'>ueluti</span> <span class='ocrx_word' id='word_1_419' title='bbox 1482 2884 1533 2925; x_wconf 92' lang='lat' dir='ltr'>uos</span> <span class='ocrx_word' id='word_1_420' title='bbox 1555 2878 1619 2928; x_wconf 84' lang='lat' dir='ltr'>aute</span> <span class='ocrx_word' id='word_1_421' title='bbox 1640 2869 1739 2928; x_wconf 87' lang='lat' dir='ltr'>iuimut</span> 
     </span>
     <span class='ocr_line' id='line_1_30' title="bbox 101 2955 1739 3032; baseline 0.004 -20"><span class='ocrx_word' id='word_1_422' title='bbox 101 2957 188 3012; x_wconf 82' lang='lat' dir='ltr'>Deum</span> <span class='ocrx_word' id='word_1_423' title='bbox 215 2972 276 3013; x_wconf 80' lang='lat' dir='ltr'>esse</span> <span class='ocrx_word' id='word_1_424' title='bbox 299 2971 394 3012; x_wconf 80' lang='lat' dir='ltr'>uenam</span> <span class='ocrx_word' id='word_1_425' title='bbox 411 2964 440 3010; x_wconf 89' lang='lat' dir='ltr'>et</span> <span class='ocrx_word' id='word_1_426' title='bbox 465 2955 604 3010; x_wconf 89' lang='lat' dir='ltr'>bominem</span> <span class='ocrx_word' id='word_1_427' title='bbox 630 2968 726 3010; x_wconf 86' lang='lat' dir='ltr'>uerum</span> <span class='ocrx_word' id='word_1_428' title='bbox 750 2964 854 3022; x_wconf 88' lang='lat' dir='ltr'>natum,</span> <span class='ocrx_word' id='word_1_429' title='bbox 871 2964 899 3012; x_wconf 91' lang='lat' dir='ltr'>et</span> <span class='ocrx_word' id='word_1_430' title='bbox 949 2956 996 3011; x_wconf 80' lang='lat' dir='ltr'>sulii</span> <span class='ocrx_word' id='word_1_431' title='bbox 1010 2958 1067 3022; x_wconf 85' lang='lat' dir='ltr'>irae,</span> <span class='ocrx_word' id='word_1_432' title='bbox 1081 2960 1168 3030; x_wconf 81' lang='lat' dir='ltr'>gratia</span> <span class='ocrx_word' id='word_1_433' title='bbox 1192 2959 1281 3015; x_wconf 83' lang='lat' dir='ltr'>diviua</span> <span class='ocrx_word' id='word_1_434' title='bbox 1299 2961 1481 3030; x_wconf 74' lang='lat' dir='ltr'>praeveniente</span> <span class='ocrx_word' id='word_1_435' title='bbox 1506 2960 1571 3016; x_wconf 84' lang='lat' dir='ltr'>iacti</span> <span class='ocrx_word' id='word_1_436' title='bbox 1586 2977 1739 3032; x_wconf 90' lang='lat' dir='ltr'>samusper</span> 
     </span>
     <span class='ocr_line' id='line_1_31' title="bbox 98 3046 1742 3123; baseline 0.002 -18"><span class='ocrx_word' id='word_1_437' title='bbox 98 3050 200 3106; x_wconf 79' lang='lat' dir='ltr'>Filium</span> <span class='ocrx_word' id='word_1_438' title='bbox 214 3050 298 3106; x_wconf 62' lang='lat' dir='ltr'>Mum</span> <span class='ocrx_word' id='word_1_439' title='bbox 312 3049 417 3123; x_wconf 85' lang='lat' dir='ltr'>[Forte.</span> <span class='ocrx_word' id='word_1_440' title='bbox 437 3047 497 3121; x_wconf 88' lang='lat' dir='ltr'>Dei]</span> <span class='ocrx_word' id='word_1_441' title='bbox 524 3064 629 3116; x_wconf 86' lang='lat' dir='ltr'>uemm,</span> <span class='ocrx_word' id='word_1_442' title='bbox 650 3055 678 3104; x_wconf 91' lang='lat' dir='ltr'>et</span> <span class='ocrx_word' id='word_1_443' title='bbox 696 3047 749 3105; x_wconf 86' lang='lat' dir='ltr'>hoe</span> <span class='ocrx_word' id='word_1_444' title='bbox 775 3048 895 3104; x_wconf 87' lang='lat' dir='ltr'>unicum.</span> <span class='ocrx_word' id='word_1_445' title='bbox 949 3046 1121 3118; x_wconf 89' lang='lat' dir='ltr'>adoptionem</span> <span class='ocrx_word' id='word_1_446' title='bbox 1134 3049 1181 3104; x_wconf 85' lang='lat' dir='ltr'>lilii</span> <span class='ocrx_word' id='word_1_447' title='bbox 1199 3049 1264 3116; x_wconf 62' lang='grc' dir='ltr'>θεὴ</span> <span class='ocrx_word' id='word_1_448' title='bbox 1284 3051 1333 3106; x_wconf 92' lang='lat' dir='ltr'>sed</span> <span class='ocrx_word' id='word_1_449' title='bbox 1345 3051 1396 3107; x_wconf 90' lang='lat' dir='ltr'>iste</span> <span class='ocrx_word' id='word_1_450' title='bbox 1406 3052 1499 3107; x_wconf 90' lang='lat' dir='ltr'>statim</span> <span class='ocrx_word' id='word_1_451' title='bbox 1518 3052 1566 3106; x_wconf 86' lang='lat' dir='ltr'>Dei</span> <span class='ocrx_word' id='word_1_452' title='bbox 1581 3051 1742 3110; x_wconf 82' lang='lat' dir='ltr'>Filiuscon·</span> 
     </span>
     <span class='ocr_line' id='line_1_32' title="bbox 97 3139 1744 3212; baseline 0.001 -13"><span class='ocrx_word' id='word_1_453' title='bbox 97 3145 192 3211; x_wconf 80' lang='lat' dir='ltr'>Quare</span> <span class='ocrx_word' id='word_1_454' title='bbox 209 3145 331 3209; x_wconf 89' lang='lat' dir='ltr'>unicum,</span> <span class='ocrx_word' id='word_1_455' title='bbox 354 3142 376 3198; x_wconf 92' lang='lat' dir='ltr'>si</span> <span class='ocrx_word' id='word_1_456' title='bbox 395 3142 599 3212; x_wconf 88' lang='lat' dir='ltr'>adoptiuusest,</span> <span class='ocrx_word' id='word_1_457' title='bbox 613 3141 724 3197; x_wconf 86' lang='lat' dir='ltr'>sieutet</span> <span class='ocrx_word' id='word_1_458' title='bbox 747 3141 819 3196; x_wconf 87' lang='lat' dir='ltr'>nusi</span> <span class='ocrx_word' id='word_1_459' title='bbox 838 3140 898 3197; x_wconf 87' lang='lat' dir='ltr'>Uti-</span> <span class='ocrx_word' id='word_1_460' title='bbox 950 3145 1044 3206; x_wconf 90' lang='lat' dir='ltr'>ceptus</span> <span class='ocrx_word' id='word_1_461' title='bbox 1070 3145 1113 3193; x_wconf 92' lang='lat' dir='ltr'>est</span> <span class='ocrx_word' id='word_1_462' title='bbox 1134 3139 1162 3194; x_wconf 92' lang='lat' dir='ltr'>in</span> <span class='ocrx_word' id='word_1_463' title='bbox 1187 3148 1303 3210; x_wconf 89' lang='lat' dir='ltr'>utraque</span> <span class='ocrx_word' id='word_1_464' title='bbox 1317 3148 1425 3206; x_wconf 89' lang='lat' dir='ltr'>natura,</span> <span class='ocrx_word' id='word_1_465' title='bbox 1448 3141 1519 3196; x_wconf 87' lang='lat' dir='ltr'>sieut</span> <span class='ocrx_word' id='word_1_466' title='bbox 1543 3142 1744 3201; x_wconf 82' lang='lat' dir='ltr'>euidentissime</span> 
     </span>
     <span class='ocr_line' id='line_1_33' title="bbox 96 3230 1742 3311; baseline -0.002 -17"><span class='ocrx_word' id='word_1_467' title='bbox 96 3256 153 3311; x_wconf 82' lang='lat' dir='ltr'>que</span> <span class='ocrx_word' id='word_1_468' title='bbox 168 3240 235 3310; x_wconf 84' lang='lat' dir='ltr'>quia</span> <span class='ocrx_word' id='word_1_469' title='bbox 251 3237 354 3307; x_wconf 84' lang='lat' dir='ltr'>maiore</span> <span class='ocrx_word' id='word_1_470' title='bbox 372 3237 538 3307; x_wconf 86' lang='lat' dir='ltr'>proprietate</span> <span class='ocrx_word' id='word_1_471' title='bbox 563 3235 648 3291; x_wconf 81' lang='lat' dir='ltr'>Filius</span> <span class='ocrx_word' id='word_1_472' title='bbox 672 3244 714 3291; x_wconf 86' lang='lat' dir='ltr'>est</span> <span class='ocrx_word' id='word_1_473' title='bbox 741 3234 802 3301; x_wconf 87' lang='lat' dir='ltr'>Dei,</span> <span class='ocrx_word' id='word_1_474' title='bbox 814 3251 895 3306; x_wconf 88' lang='lat' dir='ltr'>quam</span> <span class='ocrx_word' id='word_1_475' title='bbox 949 3230 1000 3285; x_wconf 89' lang='lat' dir='ltr'>iste</span> <span class='ocrx_word' id='word_1_476' title='bbox 1026 3230 1154 3302; x_wconf 79' lang='lat' dir='ltr'>praetatus</span> <span class='ocrx_word' id='word_1_477' title='bbox 1181 3232 1275 3288; x_wconf 90' lang='lat' dir='ltr'>doctor</span> <span class='ocrx_word' id='word_1_478' title='bbox 1291 3240 1406 3288; x_wconf 89' lang='lat' dir='ltr'>testatus</span> <span class='ocrx_word' id='word_1_479' title='bbox 1424 3241 1482 3299; x_wconf 88' lang='lat' dir='ltr'>est;</span> <span class='ocrx_word' id='word_1_480' title='bbox 1499 3242 1529 3289; x_wconf 92' lang='lat' dir='ltr'>ut</span> <span class='ocrx_word' id='word_1_481' title='bbox 1538 3233 1691 3290; x_wconf 87' lang='lat' dir='ltr'>certissime</span> <span class='ocrx_word' id='word_1_482' title='bbox 1699 3235 1742 3291; x_wconf 92' lang='lat' dir='ltr'>in-</span> 
     </span>
     <span class='ocr_line' id='line_1_34' title="bbox 97 3321 1742 3401; baseline -0.004 -14"><span class='ocrx_word' id='word_1_483' title='bbox 97 3347 158 3397; x_wconf 88' lang='lat' dir='ltr'>aas,</span> <span class='ocrx_word' id='word_1_484' title='bbox 172 3333 221 3401; x_wconf 91' lang='lat' dir='ltr'>qui</span> <span class='ocrx_word' id='word_1_485' title='bbox 233 3330 516 3400; x_wconf 84' lang='lat' dir='ltr'>sumusprmuenieute</span> <span class='ocrx_word' id='word_1_486' title='bbox 527 3329 613 3400; x_wconf 74' lang='lat' dir='ltr'>gratia</span> <span class='ocrx_word' id='word_1_487' title='bbox 631 3328 752 3398; x_wconf 86' lang='lat' dir='ltr'>adoptivi</span> <span class='ocrx_word' id='word_1_488' title='bbox 763 3328 824 3385; x_wconf 80' lang='lat' dir='ltr'>Filii</span> <span class='ocrx_word' id='word_1_489' title='bbox 837 3329 896 3385; x_wconf 84' lang='lat' dir='ltr'>Dei.</span> <span class='ocrx_word' id='word_1_490' title='bbox 949 3321 1086 3394; x_wconf 81' lang='lat' dir='ltr'>telligatur</span> <span class='ocrx_word' id='word_1_491' title='bbox 1112 3337 1166 3378; x_wconf 92' lang='lat' dir='ltr'>uon</span> <span class='ocrx_word' id='word_1_492' title='bbox 1189 3324 1279 3379; x_wconf 88' lang='lat' dir='ltr'>omnia</span> <span class='ocrx_word' id='word_1_493' title='bbox 1301 3325 1424 3395; x_wconf 90' lang='lat' dir='ltr'>adoptari</span> <span class='ocrx_word' id='word_1_494' title='bbox 1448 3325 1476 3379; x_wconf 90' lang='lat' dir='ltr'>iu</span> <span class='ocrx_word' id='word_1_495' title='bbox 1495 3324 1595 3380; x_wconf 83' lang='lat' dir='ltr'>Filium</span> <span class='ocrx_word' id='word_1_496' title='bbox 1610 3339 1671 3396; x_wconf 82' lang='lat' dir='ltr'>quae</span> <span class='ocrx_word' id='word_1_497' title='bbox 1692 3342 1742 3397; x_wconf 89' lang='lat' dir='ltr'>per</span> 
     </span>
     <span class='ocr_line' id='line_1_35' title="bbox 97 3415 1741 3490; baseline -0.001 -14"><span class='ocrx_word' id='word_1_498' title='bbox 97 3421 160 3476; x_wconf 76' lang='lat' dir='ltr'>ttox</span> <span class='ocrx_word' id='word_1_499' title='bbox 172 3422 245 3476; x_wconf 88' lang='lat' dir='ltr'>idem</span> <span class='ocrx_word' id='word_1_500' title='bbox 259 3420 341 3476; x_wconf 88' lang='lat' dir='ltr'>Pater</span> <span class='ocrx_word' id='word_1_501' title='bbox 359 3421 386 3475; x_wconf 92' lang='lat' dir='ltr'>in</span> <span class='ocrx_word' id='word_1_502' title='bbox 409 3421 504 3475; x_wconf 87' lang='lat' dir='ltr'>eodem</span> <span class='ocrx_word' id='word_1_503' title='bbox 522 3419 641 3490; x_wconf 87' lang='lat' dir='ltr'>capitulo</span> <span class='ocrx_word' id='word_1_504' title='bbox 663 3419 825 3475; x_wconf 88' lang='lat' dir='ltr'>subsecutus</span> <span class='ocrx_word' id='word_1_505' title='bbox 840 3419 897 3473; x_wconf 86' lang='lat' dir='ltr'>ait:</span> <span class='ocrx_word' id='word_1_506' title='bbox 949 3415 1064 3486; x_wconf 80' lang='lat' dir='ltr'>gratiam</span> <span class='ocrx_word' id='word_1_507' title='bbox 1083 3415 1238 3483; x_wconf 83' lang='lat' dir='ltr'>adveniant,</span> <span class='ocrx_word' id='word_1_508' title='bbox 1265 3431 1317 3472; x_wconf 88' lang='lat' dir='ltr'>nec</span> <span class='ocrx_word' id='word_1_509' title='bbox 1340 3416 1411 3472; x_wconf 90' lang='lat' dir='ltr'>idern</span> <span class='ocrx_word' id='word_1_510' title='bbox 1425 3432 1486 3474; x_wconf 87' lang='lat' dir='ltr'>esse</span> <span class='ocrx_word' id='word_1_511' title='bbox 1500 3418 1615 3488; x_wconf 77' lang='lat' dir='ltr'>gratiam</span> <span class='ocrx_word' id='word_1_512' title='bbox 1629 3426 1658 3473; x_wconf 91' lang='grc' dir='ltr'>ει</span> <span class='ocrx_word' id='word_1_513' title='bbox 1674 3419 1741 3474; x_wconf 89' lang='lat' dir='ltr'>ado·</span> 
     </span>
     <span class='ocr_line' id='line_1_36' title="bbox 102 3502 1743 3580; baseline -0.005 -14"><span class='ocrx_word' id='word_1_514' title='bbox 102 3530 113 3563; x_wconf 81' lang='lat' dir='ltr'>a</span> <span class='ocrx_word' id='word_1_515' title='bbox 137 3511 185 3566; x_wconf 89' lang='lat' dir='ltr'>Sic</span> <span class='ocrx_word' id='word_1_516' title='bbox 196 3519 223 3566; x_wconf 90' lang='lat' dir='ltr'>et</span> <span class='ocrx_word' id='word_1_517' title='bbox 237 3508 297 3578; x_wconf 84' lang='lat' dir='ltr'>ejus</span> <span class='ocrx_word' id='word_1_518' title='bbox 320 3518 436 3564; x_wconf 89' lang='lat' dir='ltr'>matrem</span> <span class='ocrx_word' id='word_1_519' title='bbox 454 3509 566 3580; x_wconf 80' lang='lat' dir='ltr'>angelus</span> <span class='ocrx_word' id='word_1_520' title='bbox 589 3509 725 3574; x_wconf 88' lang='lat' dir='ltr'>salutauit,</span> <span class='ocrx_word' id='word_1_521' title='bbox 751 3508 859 3579; x_wconf 89' lang='lat' dir='ltr'>quaudo</span> <span class='ocrx_word' id='word_1_522' title='bbox 871 3509 898 3564; x_wconf 89' lang='lat' dir='ltr'>ei</span> <span class='ocrx_word' id='word_1_523' title='bbox 949 3504 1068 3573; x_wconf 88' lang='lat' dir='ltr'>ptioaem</span> <span class='ocrx_word' id='word_1_524' title='bbox 1078 3518 1128 3572; x_wconf 91' lang='lat' dir='ltr'>per</span> <span class='ocrx_word' id='word_1_525' title='bbox 1141 3503 1242 3558; x_wconf 86' lang='lat' dir='ltr'>omnia.</span> <span class='ocrx_word' id='word_1_526' title='bbox 1256 3502 1325 3558; x_wconf 89' lang='lat' dir='ltr'>Nam</span> <span class='ocrx_word' id='word_1_527' title='bbox 1339 3504 1451 3574; x_wconf 86' lang='lat' dir='ltr'>quilibet</span> <span class='ocrx_word' id='word_1_528' title='bbox 1466 3505 1548 3560; x_wconf 92' lang='lat' dir='ltr'>bomo</span> <span class='ocrx_word' id='word_1_529' title='bbox 1562 3505 1629 3561; x_wconf 91' lang='lat' dir='ltr'>duos</span> <span class='ocrx_word' id='word_1_530' title='bbox 1638 3504 1743 3560; x_wconf 84' lang='lat' dir='ltr'>babens</span> 
     </span>
     <span class='ocr_line' id='line_1_37' title="bbox 98 3592 1744 3669; baseline -0.002 -14"><span class='ocrx_word' id='word_1_531' title='bbox 98 3601 222 3657; x_wconf 84' lang='lat' dir='ltr'>iutururn</span> <span class='ocrx_word' id='word_1_532' title='bbox 234 3601 369 3656; x_wconf 87' lang='lat' dir='ltr'>nuntiarit</span> <span class='ocrx_word' id='word_1_533' title='bbox 384 3601 575 3669; x_wconf 88' lang='lat' dir='ltr'>buuepartum</span> <span class='ocrx_word' id='word_1_534' title='bbox 592 3617 599 3654; x_wconf 92' lang='lat'>:</span> <span class='ocrx_word' id='word_1_535' title='bbox 616 3599 678 3664; x_wconf 79' lang='lat' dir='ltr'>tra,</span> <span class='ocrx_word' id='word_1_536' title='bbox 703 3599 899 3669; x_wconf 75' lang='lat' dir='ltr'>inquit,pratia</span> <span class='ocrx_word' id='word_1_537' title='bbox 950 3592 1019 3649; x_wconf 87' lang='lat' dir='ltr'>lilios</span> <span class='ocrx_word' id='word_1_538' title='bbox 1042 3609 1125 3648; x_wconf 91' lang='lat' dir='ltr'>unum</span> <span class='ocrx_word' id='word_1_539' title='bbox 1144 3599 1233 3662; x_wconf 87' lang='lat' dir='ltr'>potest</span> <span class='ocrx_word' id='word_1_540' title='bbox 1258 3609 1308 3665; x_wconf 91' lang='lat' dir='ltr'>per</span> <span class='ocrx_word' id='word_1_541' title='bbox 1333 3595 1447 3666; x_wconf 78' lang='lat' dir='ltr'>gratiam</span> <span class='ocrx_word' id='word_1_542' title='bbox 1463 3595 1515 3651; x_wconf 91' lang='lat' dir='ltr'>sibi</span> <span class='ocrx_word' id='word_1_543' title='bbox 1541 3595 1632 3650; x_wconf 84' lang='lat' dir='ltr'>iacere</span> <span class='ocrx_word' id='word_1_544' title='bbox 1656 3595 1744 3652; x_wconf 76' lang='lat' dir='ltr'>haere-</span> 
     </span>
     <span class='ocr_line' id='line_1_38' title="bbox 97 3684 1744 3762; baseline -0.002 -16"><span class='ocrx_word' id='word_1_545' title='bbox 97 3691 189 3762; x_wconf 79' lang='lat' dir='ltr'>plcaa.</span> <span class='ocrx_word' id='word_1_546' title='bbox 216 3691 250 3746; x_wconf 85' lang='lat' dir='ltr'>Et</span> <span class='ocrx_word' id='word_1_547' title='bbox 262 3691 415 3762; x_wconf 89' lang='lat' dir='ltr'>paulopost</span> <span class='ocrx_word' id='word_1_548' title='bbox 436 3709 443 3745; x_wconf 77' lang='grc' dir='ltr'>ι</span> <span class='ocrx_word' id='word_1_549' title='bbox 464 3689 591 3745; x_wconf 78' lang='lat' dir='ltr'>lrtoeaiati</span> <span class='ocrx_word' id='word_1_550' title='bbox 605 3730 613 3755; x_wconf 97' lang='lat'>,</span> <span class='ocrx_word' id='word_1_551' title='bbox 628 3690 676 3754; x_wconf 86' lang='lat' dir='ltr'>ait,</span> <span class='ocrx_word' id='word_1_552' title='bbox 696 3690 811 3759; x_wconf 79' lang='lat' dir='ltr'>qratiam</span> <span class='ocrx_word' id='word_1_553' title='bbox 826 3691 898 3761; x_wconf 80' lang='lat' dir='ltr'>apud</span> <span class='ocrx_word' id='word_1_554' title='bbox 950 3685 1026 3750; x_wconf 88' lang='lat' dir='ltr'>dem;</span> <span class='ocrx_word' id='word_1_555' title='bbox 1045 3699 1098 3740; x_wconf 90' lang='lat' dir='ltr'>nou</span> <span class='ocrx_word' id='word_1_556' title='bbox 1125 3696 1214 3740; x_wconf 90' lang='lat' dir='ltr'>tamen</span> <span class='ocrx_word' id='word_1_557' title='bbox 1228 3684 1383 3755; x_wconf 86' lang='lat' dir='ltr'>adoptiuum</span> <span class='ocrx_word' id='word_1_558' title='bbox 1407 3694 1496 3757; x_wconf 86' lang='lat' dir='ltr'>potest</span> <span class='ocrx_word' id='word_1_559' title='bbox 1520 3703 1582 3743; x_wconf 88' lang='lat' dir='ltr'>eum</span> <span class='ocrx_word' id='word_1_560' title='bbox 1605 3685 1696 3742; x_wconf 83' lang='lat' dir='ltr'>iacere</span> <span class='ocrx_word' id='word_1_561' title='bbox 1715 3687 1744 3748; x_wconf 87' lang='lat' dir='ltr'>iu</span> 
     </span>
     <span class='ocr_line' id='line_1_39' title="bbox 98 3770 1745 3854; baseline -0.004 -15"><span class='ocrx_word' id='word_1_562' title='bbox 98 3782 187 3837; x_wconf 83' lang='lat' dir='ltr'>Deum</span> <span class='ocrx_word' id='word_1_563' title='bbox 204 3781 281 3854; x_wconf 72' lang='lat' dir='ltr'>(eac.</span> <span class='ocrx_word' id='word_1_564' title='bbox 304 3799 323 3849; x_wconf 92' lang='lat' dir='ltr'>r,</span> <span class='ocrx_word' id='word_1_565' title='bbox 336 3782 382 3848; x_wconf 67' lang='lat'>28,</span> <span class='ocrx_word' id='word_1_566' title='bbox 402 3783 460 3854; x_wconf 81' lang='lat'><strong>50).</strong></span> <span class='ocrx_word' id='word_1_567' title='bbox 479 3782 513 3836; x_wconf 81' lang='lat' dir='ltr'>Et</span> <span class='ocrx_word' id='word_1_568' title='bbox 534 3779 643 3851; x_wconf 87' lang='lat' dir='ltr'>quidem</span> <span class='ocrx_word' id='word_1_569' title='bbox 663 3778 850 3851; x_wconf 78' lang='lat' dir='ltr'>gratiaplena,</span> <span class='ocrx_word' id='word_1_570' title='bbox 870 3788 899 3836; x_wconf 89' lang='grc' dir='ltr'>ει</span> <span class='ocrx_word' id='word_1_571' title='bbox 950 3773 1047 3841; x_wconf 84' lang='lat' dir='ltr'>filium,</span> <span class='ocrx_word' id='word_1_572' title='bbox 1075 3776 1121 3845; x_wconf 91' lang='lat' dir='ltr'>qui</span> <span class='ocrx_word' id='word_1_573' title='bbox 1148 3770 1229 3846; x_wconf 75' lang='lat'>782</span> <span class='ocrx_word' id='word_1_574' title='bbox 1259 3777 1391 3832; x_wconf 88' lang='lat' dir='ltr'>naturalis</span> <span class='ocrx_word' id='word_1_575' title='bbox 1415 3785 1457 3832; x_wconf 87' lang='lat' dir='ltr'>est</span> <span class='ocrx_word' id='word_1_576' title='bbox 1474 3779 1498 3832; x_wconf 94' lang='lat' dir='ltr'>ei</span> <span class='ocrx_word' id='word_1_577' title='bbox 1523 3778 1604 3832; x_wconf 84' lang='lat' dir='ltr'>illius.</span> <span class='ocrx_word' id='word_1_578' title='bbox 1627 3775 1745 3832; x_wconf 89' lang='lat' dir='ltr'>Sanetus</span> 
     </span>
     <span class='ocr_line' id='line_1_40' title="bbox 97 3862 1744 3946; baseline -0.007 -14"><span class='ocrx_word' id='word_1_579' title='bbox 97 3873 449 3946; x_wconf 79' lang='lat' dir='ltr'>invenissegratiaruapud</span> <span class='ocrx_word' id='word_1_580' title='bbox 464 3873 665 3936; x_wconf 86' lang='lat' dir='ltr'>lleumdicitur,</span> <span class='ocrx_word' id='word_1_581' title='bbox 679 3871 830 3926; x_wconf 86' lang='lat' dir='ltr'>utbomiui</span> <span class='ocrx_word' id='word_1_582' title='bbox 844 3874 897 3938; x_wconf 89' lang='lat' dir='ltr'>sui,</span> <span class='ocrx_word' id='word_1_583' title='bbox 951 3864 1043 3935; x_wconf 85' lang='lat' dir='ltr'>itaque</span> <span class='ocrx_word' id='word_1_584' title='bbox 1065 3862 1150 3919; x_wconf 85' lang='lat' dir='ltr'>David</span> <span class='ocrx_word' id='word_1_585' title='bbox 1178 3864 1278 3921; x_wconf 87' lang='lat' dir='ltr'>urultos</span> <span class='ocrx_word' id='word_1_586' title='bbox 1305 3866 1401 3921; x_wconf 87' lang='lat' dir='ltr'>habuit</span> <span class='ocrx_word' id='word_1_587' title='bbox 1429 3865 1569 3921; x_wconf 86' lang='lat' dir='ltr'>naturales</span> <span class='ocrx_word' id='word_1_588' title='bbox 1592 3864 1672 3930; x_wconf 88' lang='lat' dir='ltr'>lilios,</span> <span class='ocrx_word' id='word_1_589' title='bbox 1695 3864 1744 3921; x_wconf 90' lang='lat' dir='ltr'>sed</span> 
     </span>
     <span class='ocr_line' id='line_1_41' title="bbox 96 3952 1743 4030; baseline -0.005 -10"><span class='ocrx_word' id='word_1_590' title='bbox 96 3962 157 4020; x_wconf 81' lang='lat' dir='ltr'>imo</span> <span class='ocrx_word' id='word_1_591' title='bbox 179 3963 290 4019; x_wconf 87' lang='lat' dir='ltr'>[lamini</span> <span class='ocrx_word' id='word_1_592' title='bbox 310 3964 430 4019; x_wconf 91' lang='lat' dir='ltr'>omnium</span> <span class='ocrx_word' id='word_1_593' title='bbox 447 3971 534 4018; x_wconf 89' lang='lat' dir='ltr'>mater</span> <span class='ocrx_word' id='word_1_594' title='bbox 554 3969 636 4018; x_wconf 86' lang='lat' dir='ltr'>esset.</span> <span class='ocrx_word' id='word_1_595' title='bbox 662 3961 703 4015; x_wconf 86' lang='lat' dir='ltr'>[le</span> <span class='ocrx_word' id='word_1_596' title='bbox 724 3961 783 4030; x_wconf 89' lang='lat' dir='ltr'>ipso</span> <span class='ocrx_word' id='word_1_597' title='bbox 807 3969 898 4017; x_wconf 84' lang='lat' dir='ltr'>autem</span> <span class='ocrx_word' id='word_1_598' title='bbox 951 3952 1137 4008; x_wconf 87' lang='lat' dir='ltr'>tantummodo</span> <span class='ocrx_word' id='word_1_599' title='bbox 1160 3952 1331 4009; x_wconf 88' lang='lat' dir='ltr'>Salomonem</span> <span class='ocrx_word' id='word_1_600' title='bbox 1349 3954 1478 4026; x_wconf 79' lang='lat' dir='ltr'>singrtlari</span> <span class='ocrx_word' id='word_1_601' title='bbox 1495 3955 1583 4026; x_wconf 76' lang='lat' dir='ltr'>gratia</span> <span class='ocrx_word' id='word_1_602' title='bbox 1610 3954 1676 4010; x_wconf 85' lang='lat' dir='ltr'>iecit</span> <span class='ocrx_word' id='word_1_603' title='bbox 1690 3954 1743 4011; x_wconf 91' lang='lat' dir='ltr'>sibi</span> 
     </span>
     <span class='ocr_line' id='line_1_42' title="bbox 97 4042 1743 4128; baseline 0.002 -15"><span class='ocrx_word' id='word_1_604' title='bbox 97 4055 212 4113; x_wconf 85' lang='lat' dir='ltr'>Christo</span> <span class='ocrx_word' id='word_1_605' title='bbox 234 4054 533 4128; x_wconf 76' lang='lat' dir='ltr'>loanncseuaugelista</span> <span class='ocrx_word' id='word_1_606' title='bbox 553 4074 615 4115; x_wconf 90' lang='lat' dir='ltr'>eum</span> <span class='ocrx_word' id='word_1_607' title='bbox 642 4055 754 4112; x_wconf 85' lang='lat' dir='ltr'>dixisset</span> <span class='ocrx_word' id='word_1_608' title='bbox 771 4055 816 4110; x_wconf 81' lang='lat' dir='ltr'>:lit</span> <span class='ocrx_word' id='word_1_609' title='bbox 834 4053 899 4111; x_wconf 83' lang='lat' dir='ltr'>Ver·</span> <span class='ocrx_word' id='word_1_610' title='bbox 950 4042 1085 4099; x_wconf 62' lang='lat' dir='ltr'>haefedem</span> <span class='ocrx_word' id='word_1_611' title='bbox 1108 4044 1194 4114; x_wconf 80' lang='lat' dir='ltr'>regui,</span> <span class='ocrx_word' id='word_1_612' title='bbox 1223 4060 1276 4099; x_wconf 68' lang='lat'>¹¹⁰⁰</span> <span class='ocrx_word' id='word_1_613' title='bbox 1291 4059 1339 4114; x_wconf 90' lang='lat' dir='ltr'>per</span> <span class='ocrx_word' id='word_1_614' title='bbox 1365 4044 1536 4114; x_wconf 65' lang='lat' dir='ltr'>³¹¹⁰ll²5⁰¹¹effl</span> <span class='ocrx_word' id='word_1_615' title='bbox 1559 4044 1654 4111; x_wconf 65' lang='lat' dir='ltr'>filium,</span> <span class='ocrx_word' id='word_1_616' title='bbox 1678 4045 1743 4117; x_wconf 70' lang='lat' dir='ltr'>(iuia</span> 
     </span>
     <span class='ocr_line' id='line_1_43' title="bbox 98 4133 1742 4218; baseline 0.004 -17"><span class='ocrx_word' id='word_1_617' title='bbox 98 4148 164 4202; x_wconf 78' lang='lat' dir='ltr'>bam</span> <span class='ocrx_word' id='word_1_618' title='bbox 179 4165 240 4202; x_wconf 87' lang='lat' dir='ltr'>care</span> <span class='ocrx_word' id='word_1_619' title='bbox 254 4149 414 4218; x_wconf 70' lang='lat' dir='ltr'>factumest,</span> <span class='ocrx_word' id='word_1_620' title='bbox 425 4159 449 4204; x_wconf 85' lang='lat' dir='ltr'>et</span> <span class='ocrx_word' id='word_1_621' title='bbox 464 4149 628 4204; x_wconf 75' lang='lat' dir='ltr'>habitauitia</span> <span class='ocrx_word' id='word_1_622' title='bbox 639 4148 724 4214; x_wconf 82' lang='lat' dir='ltr'>aelia,</span> <span class='ocrx_word' id='word_1_623' title='bbox 740 4147 897 4213; x_wconf 83' lang='lat' dir='ltr'>etoidimaa,</span> <span class='ocrx_word' id='word_1_624' title='bbox 951 4134 1077 4205; x_wconf 65' lang='lat' dir='ltr'>implius</span> <span class='ocrx_word' id='word_1_625' title='bbox 1096 4134 1120 4188; x_wconf 63' lang='lat' dir='ltr'>el</span> <span class='ocrx_word' id='word_1_626' title='bbox 1131 4135 1236 4188; x_wconf 58' lang='lat' dir='ltr'>exsistit</span> <span class='ocrx_word' id='word_1_627' title='bbox 1246 4133 1325 4191; x_wconf 64' lang='lat' dir='ltr'>filius·</span> <span class='ocrx_word' id='word_1_628' title='bbox 1351 4135 1418 4190; x_wconf 62' lang='lat' dir='ltr'>stem</span> <span class='ocrx_word' id='word_1_629' title='bbox 1431 4145 1521 4205; x_wconf 57' lang='lat' dir='ltr'>illies*</span> <span class='ocrx_word' id='word_1_630' title='bbox 1533 4136 1646 4208; x_wconf 90' lang='lat' dir='ltr'>quilibet</span> <span class='ocrx_word' id='word_1_631' title='bbox 1660 4139 1742 4195; x_wconf 78' lang='lat'>¹¹⁰¹¹¹⁰</span> 
     </span>
     <span class='ocr_line' id='line_1_44' title="bbox 99 4224 1740 4313; baseline 0.004 -36"><span class='ocrx_word' id='word_1_632' title='bbox 99 4240 206 4308; x_wconf 53' lang='lat' dir='ltr'>inqua,</span> <span class='ocrx_word' id='word_1_633' title='bbox 226 4241 335 4309; x_wconf 41' lang='lat' dir='ltr'><em>don-am</em></span> <span class='ocrx_word' id='word_1_634' title='bbox 350 4243 419 4312; x_wconf 44' lang='lat' dir='ltr'>eja,</span> <span class='ocrx_word' id='word_1_635' title='bbox 432 4242 545 4312; x_wconf 57' lang='lat' dir='ltr'>qim-,m</span> <span class='ocrx_word' id='word_1_636' title='bbox 559 4242 636 4313; x_wconf 59' lang='lat' dir='ltr'>qm</span> <span class='ocrx_word' id='word_1_637' title='bbox 663 4239 792 4310; x_wconf 56' lang='lat' dir='ltr'>„mmm</span> <span class='ocrx_word' id='word_1_638' title='bbox 809 4256 827 4293; x_wconf 64' lang='lat' dir='ltr'>a</span> <span class='ocrx_word' id='word_1_639' title='bbox 844 4237 900 4293; x_wconf 64' lang='lat' dir='ltr'>pa.</span> <span class='ocrx_word' id='word_1_640' title='bbox 951 4240 1036 4281; x_wconf 80' lang='lat' dir='ltr'>arnum</span> <span class='ocrx_word' id='word_1_641' title='bbox 1049 4224 1149 4280; x_wconf 87' lang='lat' dir='ltr'>habere</span> <span class='ocrx_word' id='word_1_642' title='bbox 1162 4226 1301 4297; x_wconf 87' lang='lat' dir='ltr'>proprium</span> <span class='ocrx_word' id='word_1_643' title='bbox 1316 4225 1411 4295; x_wconf 88' lang='lat' dir='ltr'>tilium,</span> <span class='ocrx_word' id='word_1_644' title='bbox 1427 4229 1740 4298; x_wconf 79' lang='lat' dir='ltr'>ethuncurrigeuituu13</span> 
     </span>
     <span class='ocr_line' id='line_1_45' title="bbox 97 4321 1740 4403; baseline 0.005 -23"><span class='ocrx_word' id='word_1_645' title='bbox 97 4339 155 4392; x_wconf 82' lang='lat' dir='ltr'>tre,</span> <span class='ocrx_word' id='word_1_646' title='bbox 182 4326 286 4398; x_wconf 78' lang='lat' dir='ltr'>picarum</span> <span class='ocrx_word' id='word_1_647' title='bbox 302 4331 394 4401; x_wconf 76' lang='lat' dir='ltr'>qratiae</span> <span class='ocrx_word' id='word_1_648' title='bbox 413 4342 437 4385; x_wconf 89' lang='lat' dir='ltr'>et</span> <span class='ocrx_word' id='word_1_649' title='bbox 452 4332 568 4387; x_wconf 82' lang='lat' dir='ltr'>ueritatis</span> <span class='ocrx_word' id='word_1_650' title='bbox 583 4329 679 4403; x_wconf 69' lang='lat' dir='ltr'>(luae.</span> <span class='ocrx_word' id='word_1_651' title='bbox 696 4347 717 4395; x_wconf 90' lang='lat' dir='ltr'>t,</span> <span class='ocrx_word' id='word_1_652' title='bbox 740 4327 795 4401; x_wconf 76' lang='lat' dir='ltr'>il).</span> <span class='ocrx_word' id='word_1_653' title='bbox 821 4328 898 4396; x_wconf 82' lang='lat' dir='ltr'>Quod</span> <span class='ocrx_word' id='word_1_654' title='bbox 950 4321 1114 4391; x_wconf 65' lang='lat' dir='ltr'>pluresvelss</span> <span class='ocrx_word' id='word_1_655' title='bbox 1127 4336 1176 4392; x_wconf 68' lang='lat'>90¹¹</span> <span class='ocrx_word' id='word_1_656' title='bbox 1199 4323 1371 4394; x_wconf 63' lang='lat' dir='ltr'>ssllOilllossdffl</span> <span class='ocrx_word' id='word_1_657' title='bbox 1397 4323 1467 4380; x_wconf 71' lang='lat' dir='ltr'>filios</span> <span class='ocrx_word' id='word_1_658' title='bbox 1495 4324 1596 4380; x_wconf 66' lang='lat' dir='ltr'>habere</span> <span class='ocrx_word' id='word_1_659' title='bbox 1629 4331 1740 4395; x_wconf 63' lang='grc' dir='ltr'>Ρθίθδῑῑ</span> 
     </span>
     <span class='ocr_line' id='line_1_46' title="bbox 96 4413 1741 4507; baseline 0.004 -33"><span class='ocrx_word' id='word_1_660' title='bbox 96 4420 162 4474; x_wconf 74' lang='lat' dir='ltr'>air:</span> <span class='ocrx_word' id='word_1_661' title='bbox 184 4417 363 4479; x_wconf 74' lang='lat' dir='ltr'>Vertomaro</span> <span class='ocrx_word' id='word_1_662' title='bbox 379 4425 481 4495; x_wconf 68' lang='lat' dir='ltr'>[aarum</span> <span class='ocrx_word' id='word_1_663' title='bbox 492 4434 540 4488; x_wconf 79' lang='lat' dir='ltr'>eu,</span> <span class='ocrx_word' id='word_1_664' title='bbox 553 4425 605 4479; x_wconf 75' lang='lat' dir='ltr'>trac</span> <span class='ocrx_word' id='word_1_665' title='bbox 616 4431 658 4479; x_wconf 87' lang='lat' dir='ltr'>est</span> <span class='ocrx_word' id='word_1_666' title='bbox 667 4424 776 4494; x_wconf 78' lang='lat' dir='ltr'>pteram</span> <span class='ocrx_word' id='word_1_667' title='bbox 792 4421 896 4493; x_wconf 78' lang='lat' dir='ltr'>gratie.</span> <span class='ocrx_word' id='word_1_668' title='bbox 914 4413 1025 4507; x_wconf 69' lang='lat' dir='ltr'>„illum</span> <span class='ocrx_word' id='word_1_669' title='bbox 1041 4431 1135 4480; x_wconf 85' lang='lat' dir='ltr'>uuum,</span> <span class='ocrx_word' id='word_1_670' title='bbox 1149 4416 1195 4487; x_wconf 77' lang='lat' dir='ltr'>qur</span> <span class='ocrx_word' id='word_1_671' title='bbox 1209 4425 1251 4474; x_wconf 80' lang='lat' dir='ltr'>cst</span> <span class='ocrx_word' id='word_1_672' title='bbox 1267 4417 1421 4489; x_wconf 76' lang='lat' dir='ltr'>unigenitus</span> <span class='ocrx_word' id='word_1_673' title='bbox 1431 4427 1459 4473; x_wconf 87' lang='lat' dir='ltr'>et</span> <span class='ocrx_word' id='word_1_674' title='bbox 1477 4418 1585 4483; x_wconf 68' lang='lat' dir='ltr'>truncus,</span> <span class='ocrx_word' id='word_1_675' title='bbox 1606 4417 1741 4481; x_wconf 66' lang='lat' dir='ltr'>ueremur</span> 
     </span>
     <span class='ocr_line' id='line_1_47' title="bbox 98 4507 1741 4585; baseline 0.005 -21"><span class='ocrx_word' id='word_1_676' title='bbox 98 4509 180 4578; x_wconf 84' lang='lat' dir='ltr'>Quod</span> <span class='ocrx_word' id='word_1_677' title='bbox 192 4510 232 4564; x_wconf 84' lang='lat' dir='ltr'>ait</span> <span class='ocrx_word' id='word_1_678' title='bbox 243 4529 249 4564; x_wconf 90' lang='lat'>:</span> <span class='ocrx_word' id='word_1_679' title='bbox 260 4508 376 4569; x_wconf 83' lang='lat' dir='ltr'>Gloriam</span> <span class='ocrx_word' id='word_1_680' title='bbox 387 4514 514 4585; x_wconf 78' lang='lat' dir='ltr'>arrriqeaiti</span> <span class='ocrx_word' id='word_1_681' title='bbox 533 4533 548 4569; x_wconf 91' lang='lat' dir='ltr'>a</span> <span class='ocrx_word' id='word_1_682' title='bbox 564 4513 653 4577; x_wconf 83' lang='lat' dir='ltr'>Patre,</span> <span class='ocrx_word' id='word_1_683' title='bbox 666 4515 717 4570; x_wconf 90' lang='lat' dir='ltr'>boc</span> <span class='ocrx_word' id='word_1_684' title='bbox 737 4512 846 4583; x_wconf 86' lang='lat' dir='ltr'>plenum</span> <span class='ocrx_word' id='word_1_685' title='bbox 857 4519 900 4568; x_wconf 83' lang='lat' dir='ltr'>est</span> <span class='ocrx_word' id='word_1_686' title='bbox 950 4507 1001 4565; x_wconf 92' lang='lat' dir='ltr'>sibi</span> <span class='ocrx_word' id='word_1_687' title='bbox 1025 4507 1128 4564; x_wconf 86' lang='lat' dir='ltr'>iaciens</span> <span class='ocrx_word' id='word_1_688' title='bbox 1148 4509 1265 4580; x_wconf 88' lang='lat' dir='ltr'>quadam</span> <span class='ocrx_word' id='word_1_689' title='bbox 1289 4508 1405 4566; x_wconf 90' lang='lat' dir='ltr'>naturali</span> <span class='ocrx_word' id='word_1_690' title='bbox 1428 4508 1577 4564; x_wconf 87' lang='lat' dir='ltr'>directione</span> <span class='ocrx_word' id='word_1_691' title='bbox 1588 4515 1616 4563; x_wconf 88' lang='lat' dir='ltr'>et</span> <span class='ocrx_word' id='word_1_692' title='bbox 1643 4508 1741 4579; x_wconf 69' lang='lat' dir='ltr'>gratia,</span> 
     </span>
     <span class='ocr_line' id='line_1_48' title="bbox 99 4597 1742 4677; baseline 0.001 -23"><span class='ocrx_word' id='word_1_693' title='bbox 99 4601 238 4657; x_wconf 80' lang='lat' dir='ltr'>ueritatis.</span> <span class='ocrx_word' id='word_1_694' title='bbox 263 4604 370 4660; x_wconf 76' lang='lat' dir='ltr'>Veritas</span> <span class='ocrx_word' id='word_1_695' title='bbox 385 4606 484 4676; x_wconf 89' lang='lat' dir='ltr'>quippe</span> <span class='ocrx_word' id='word_1_696' title='bbox 498 4607 556 4674; x_wconf 84' lang='lat' dir='ltr'>ipsa</span> <span class='ocrx_word' id='word_1_697' title='bbox 574 4605 727 4677; x_wconf 75' lang='lat' dir='ltr'>unigenitus</span> <span class='ocrx_word' id='word_1_698' title='bbox 740 4603 789 4659; x_wconf 84' lang='lat' dir='ltr'>Dei</span> <span class='ocrx_word' id='word_1_699' title='bbox 814 4602 898 4658; x_wconf 82' lang='lat' dir='ltr'>Filius</span> <span class='ocrx_word' id='word_1_700' title='bbox 950 4597 1022 4653; x_wconf 90' lang='lat' dir='ltr'>nulla</span> <span class='ocrx_word' id='word_1_701' title='bbox 1051 4613 1116 4654; x_wconf 86' lang='lat' dir='ltr'>uero</span> <span class='ocrx_word' id='word_1_702' title='bbox 1140 4601 1292 4671; x_wconf 88' lang='lat' dir='ltr'>adoptione,</span> <span class='ocrx_word' id='word_1_703' title='bbox 1316 4600 1387 4654; x_wconf 90' lang='lat' dir='ltr'>sicut</span> <span class='ocrx_word' id='word_1_704' title='bbox 1413 4608 1536 4654; x_wconf 80' lang='lat' dir='ltr'>cataros.</span> <span class='ocrx_word' id='word_1_705' title='bbox 1558 4599 1597 4654; x_wconf 84' lang='lat' dir='ltr'>lta</span> <span class='ocrx_word' id='word_1_706' title='bbox 1620 4600 1742 4671; x_wconf 85' lang='lat' dir='ltr'>omnipo-</span> 
     </span>
     <span class='ocr_line' id='line_1_49' title="bbox 99 4687 1742 4766; baseline -0.001 -20"><span class='ocrx_word' id='word_1_707' title='bbox 99 4707 155 4747; x_wconf 93' lang='lat' dir='ltr'>nou</span> <span class='ocrx_word' id='word_1_708' title='bbox 183 4693 284 4763; x_wconf 77' lang='lat' dir='ltr'>gratia,</span> <span class='ocrx_word' id='word_1_709' title='bbox 310 4696 358 4752; x_wconf 88' lang='lat' dir='ltr'>sed</span> <span class='ocrx_word' id='word_1_710' title='bbox 381 4706 488 4752; x_wconf 88' lang='lat' dir='ltr'>natura.</span> <span class='ocrx_word' id='word_1_711' title='bbox 507 4695 600 4752; x_wconf 87' lang='lat' dir='ltr'>Gratia</span> <span class='ocrx_word' id='word_1_712' title='bbox 623 4695 739 4766; x_wconf 91' lang='lat' dir='ltr'>suscipit</span> <span class='ocrx_word' id='word_1_713' title='bbox 761 4694 899 4750; x_wconf 88' lang='lat' dir='ltr'>bominem</span> <span class='ocrx_word' id='word_1_714' title='bbox 951 4698 1010 4745; x_wconf 89' lang='lat' dir='ltr'>tens</span> <span class='ocrx_word' id='word_1_715' title='bbox 1024 4689 1105 4745; x_wconf 87' lang='lat' dir='ltr'>Pater</span> <span class='ocrx_word' id='word_1_716' title='bbox 1119 4689 1395 4745; x_wconf 87' lang='lat' dir='ltr'>Dominumnostrum</span> <span class='ocrx_word' id='word_1_717' title='bbox 1413 4687 1505 4744; x_wconf 83' lang='lat' dir='ltr'>lesum</span> <span class='ocrx_word' id='word_1_718' title='bbox 1527 4689 1664 4748; x_wconf 83' lang='lat' dir='ltr'>Christum</span> <span class='ocrx_word' id='word_1_719' title='bbox 1679 4691 1742 4747; x_wconf 89' lang='lat' dir='ltr'>uni-</span> 
     </span>
     <span class='ocr_line' id='line_1_50' title="bbox 100 4780 1740 4858; baseline 0.002 -23"><span class='ocrx_word' id='word_1_720' title='bbox 100 4789 176 4837; x_wconf 84' lang='lat' dir='ltr'>tanta</span> <span class='ocrx_word' id='word_1_721' title='bbox 191 4785 297 4840; x_wconf 88' lang='lat' dir='ltr'>unitate</span> <span class='ocrx_word' id='word_1_722' title='bbox 309 4802 442 4857; x_wconf 72' lang='lat' dir='ltr'>personae,</span> <span class='ocrx_word' id='word_1_723' title='bbox 463 4795 493 4842; x_wconf 92' lang='lat' dir='ltr'>ut</span> <span class='ocrx_word' id='word_1_724' title='bbox 514 4788 584 4843; x_wconf 90' lang='lat' dir='ltr'>idem</span> <span class='ocrx_word' id='word_1_725' title='bbox 595 4788 653 4858; x_wconf 91' lang='lat' dir='ltr'>ipse</span> <span class='ocrx_word' id='word_1_726' title='bbox 667 4794 739 4842; x_wconf 86' lang='lat' dir='ltr'>esset</span> <span class='ocrx_word' id='word_1_727' title='bbox 751 4786 834 4840; x_wconf 90' lang='lat' dir='ltr'>etiam</span> <span class='ocrx_word' id='word_1_728' title='bbox 850 4784 899 4838; x_wconf 88' lang='lat' dir='ltr'>lto-</span> <span class='ocrx_word' id='word_1_729' title='bbox 950 4795 1012 4835; x_wconf 90' lang='lat' dir='ltr'>cum</span> <span class='ocrx_word' id='word_1_730' title='bbox 1024 4781 1105 4839; x_wconf 87' lang='lat' dir='ltr'>lrabet</span> <span class='ocrx_word' id='word_1_731' title='bbox 1116 4780 1213 4835; x_wconf 89' lang='lat' dir='ltr'>Filium</span> <span class='ocrx_word' id='word_1_732' title='bbox 1224 4787 1252 4835; x_wconf 90' lang='grc' dir='ltr'>ει</span> <span class='ocrx_word' id='word_1_733' title='bbox 1261 4780 1439 4850; x_wconf 80' lang='lat' dir='ltr'>unigenitum,</span> <span class='ocrx_word' id='word_1_734' title='bbox 1451 4781 1740 4854; x_wconf 84' lang='lat' dir='ltr'>haeredcmproprium,</span> 
     </span>
     <span class='ocr_line' id='line_1_51' title="bbox 98 4869 1741 4947; baseline -0.001 -19"><span class='ocrx_word' id='word_1_735' title='bbox 98 4872 185 4928; x_wconf 90' lang='lat' dir='ltr'>minis</span> <span class='ocrx_word' id='word_1_736' title='bbox 204 4874 300 4931; x_wconf 86' lang='lat' dir='ltr'>Filius.</span> <span class='ocrx_word' id='word_1_737' title='bbox 328 4876 401 4933; x_wconf 88' lang='lat' dir='ltr'>idem</span> <span class='ocrx_word' id='word_1_738' title='bbox 416 4893 532 4947; x_wconf 81' lang='lat' dir='ltr'>armaque</span> <span class='ocrx_word' id='word_1_739' title='bbox 562 4875 642 4932; x_wconf 80' lang='lat' dir='ltr'>lesus</span> <span class='ocrx_word' id='word_1_740' title='bbox 665 4875 791 4932; x_wconf 85' lang='lat' dir='ltr'>Christus</span> <span class='ocrx_word' id='word_1_741' title='bbox 813 4873 898 4929; x_wconf 81' lang='lat' dir='ltr'>Filius</span> <span class='ocrx_word' id='word_1_742' title='bbox 951 4875 985 4931; x_wconf 91' lang='lat' dir='ltr'>ad</span> <span class='ocrx_word' id='word_1_743' title='bbox 997 4889 1077 4944; x_wconf 85' lang='lat' dir='ltr'>quern</span> <span class='ocrx_word' id='word_1_744' title='bbox 1087 4874 1190 4928; x_wconf 85' lang='lat' dir='ltr'>dictum</span> <span class='ocrx_word' id='word_1_745' title='bbox 1207 4878 1249 4926; x_wconf 88' lang='lat' dir='ltr'>cst</span> <span class='ocrx_word' id='word_1_746' title='bbox 1262 4889 1269 4902; x_wconf 95' lang='lat'><strong>·</strong></span> <span class='ocrx_word' id='word_1_747' title='bbox 1282 4869 1395 4926; x_wconf 81' lang='lat' dir='ltr'>Postula</span> <span class='ocrx_word' id='word_1_748' title='bbox 1407 4890 1423 4927; x_wconf 94' lang='lat' dir='ltr'>a</span> <span class='ocrx_word' id='word_1_749' title='bbox 1434 4890 1485 4940; x_wconf 85' lang='lat' dir='ltr'>me,</span> <span class='ocrx_word' id='word_1_750' title='bbox 1501 4874 1602 4929; x_wconf 85' lang='lat' dir='ltr'>etdalm</span> <span class='ocrx_word' id='word_1_751' title='bbox 1617 4873 1664 4927; x_wconf 81' lang='lat' dir='ltr'>tibi</span> <span class='ocrx_word' id='word_1_752' title='bbox 1679 4890 1741 4942; x_wconf 75' lang='lat' dir='ltr'>perr-</span> 
     </span>
     <span class='ocr_line' id='line_1_52' title="bbox 99 4962 1741 5039; baseline -0.002 -19"><span class='ocrx_word' id='word_1_753' title='bbox 99 4962 149 5020; x_wconf 81' lang='lat' dir='ltr'>uer</span> <span class='ocrx_word' id='word_1_754' title='bbox 173 4966 340 5039; x_wconf 80' lang='lat' dir='ltr'>unigenitus,</span> <span class='ocrx_word' id='word_1_755' title='bbox 358 4970 429 5025; x_wconf 89' lang='lat' dir='ltr'>idem</span> <span class='ocrx_word' id='word_1_756' title='bbox 443 4971 539 5026; x_wconf 89' lang='lat' dir='ltr'>unicus</span> <span class='ocrx_word' id='word_1_757' title='bbox 553 4969 685 5024; x_wconf 85' lang='lat' dir='ltr'>Dominus</span> <span class='ocrx_word' id='word_1_758' title='bbox 706 4976 798 5023; x_wconf 89' lang='lat' dir='ltr'>noster</span> <span class='ocrx_word' id='word_1_759' title='bbox 820 4974 900 5021; x_wconf 86' lang='lat' dir='ltr'>natus</span> <span class='ocrx_word' id='word_1_760' title='bbox 950 4975 987 5019; x_wconf 83' lang='lat' dir='ltr'>tes</span> <span class='ocrx_word' id='word_1_761' title='bbox 1004 4962 1183 5018; x_wconf 74' lang='lat' dir='ltr'>hereditatem</span> <span class='ocrx_word' id='word_1_762' title='bbox 1197 4973 1270 5016; x_wconf 87' lang='lat' dir='ltr'>tuam</span> <span class='ocrx_word' id='word_1_763' title='bbox 1284 4972 1308 5016; x_wconf 87' lang='lat' dir='ltr'>et</span> <span class='ocrx_word' id='word_1_764' title='bbox 1320 4963 1508 5033; x_wconf 79' lang='lat' dir='ltr'>possessiouem</span> <span class='ocrx_word' id='word_1_765' title='bbox 1521 4973 1593 5020; x_wconf 85' lang='lat' dir='ltr'>tuam</span> <span class='ocrx_word' id='word_1_766' title='bbox 1616 4963 1741 5020; x_wconf 83' lang='lat' dir='ltr'>terminas</span> 
     </span>
     <span class='ocr_line' id='line_1_53' title="bbox 101 5049 1741 5135; baseline 0.001 -20"><span class='ocrx_word' id='word_1_767' title='bbox 101 5066 144 5115; x_wconf 86' lang='lat' dir='ltr'>cst</span> <span class='ocrx_word' id='word_1_768' title='bbox 157 5059 192 5115; x_wconf 89' lang='lat' dir='ltr'>de</span> <span class='ocrx_word' id='word_1_769' title='bbox 220 5058 324 5130; x_wconf 90' lang='lat' dir='ltr'>Spiritu</span> <span class='ocrx_word' id='word_1_770' title='bbox 349 5072 445 5119; x_wconf 87' lang='lat' dir='ltr'>sancto</span> <span class='ocrx_word' id='word_1_771' title='bbox 467 5078 501 5119; x_wconf 86' lang='lat' dir='ltr'>ex</span> <span class='ocrx_word' id='word_1_772' title='bbox 515 5063 620 5135; x_wconf 79' lang='lat' dir='ltr'>virgine</span> <span class='ocrx_word' id='word_1_773' title='bbox 633 5061 727 5117; x_wconf 85' lang='lat' dir='ltr'>Maria.</span> <span class='ocrx_word' id='word_1_774' title='bbox 754 5061 788 5117; x_wconf 84' lang='lat' dir='ltr'>Et</span> <span class='ocrx_word' id='word_1_775' title='bbox 805 5061 899 5131; x_wconf 89' lang='lat' dir='ltr'>utique</span> <span class='ocrx_word' id='word_1_776' title='bbox 951 5061 1029 5108; x_wconf 75' lang='lat' dir='ltr'>lertoe</span> <span class='ocrx_word' id='word_1_777' title='bbox 1043 5050 1130 5125; x_wconf 67' lang='lat' dir='ltr'>(Pati-</span> <span class='ocrx_word' id='word_1_778' title='bbox 1151 5067 1181 5117; x_wconf 80' lang='lat'>¹1,</span> <span class='ocrx_word' id='word_1_779' title='bbox 1208 5050 1246 5123; x_wconf 83' lang='lat'>8).</span> <span class='ocrx_word' id='word_1_780' title='bbox 1272 5050 1327 5106; x_wconf 78' lang='lat' dir='ltr'>NOS</span> <span class='ocrx_word' id='word_1_781' title='bbox 1342 5067 1406 5108; x_wconf 78' lang='lat' dir='ltr'>l&#39;01&#39;0</span> <span class='ocrx_word' id='word_1_782' title='bbox 1433 5052 1588 5108; x_wconf 65' lang='lat' dir='ltr'>cdhffifedess</span> <span class='ocrx_word' id='word_1_783' title='bbox 1602 5049 1741 5120; x_wconf 68' lang='lat' dir='ltr'>unldessiltl</span> 
     </span>
     <span class='ocr_line' id='line_1_54' title="bbox 102 5141 1740 5226; baseline -0.004 -22"><span class='ocrx_word' id='word_1_784' title='bbox 102 5151 222 5222; x_wconf 88' lang='lat' dir='ltr'>Spiritus</span> <span class='ocrx_word' id='word_1_785' title='bbox 249 5164 361 5212; x_wconf 89' lang='lat' dir='ltr'>sauctus</span> <span class='ocrx_word' id='word_1_786' title='bbox 378 5157 427 5212; x_wconf 85' lang='lat' dir='ltr'>bei</span> <span class='ocrx_word' id='word_1_787' title='bbox 454 5157 556 5213; x_wconf 89' lang='lat' dir='ltr'>donum</span> <span class='ocrx_word' id='word_1_788' title='bbox 572 5164 623 5222; x_wconf 91' lang='lat' dir='ltr'>est,</span> <span class='ocrx_word' id='word_1_789' title='bbox 643 5155 715 5226; x_wconf 92' lang='lat' dir='ltr'>quod</span> <span class='ocrx_word' id='word_1_790' title='bbox 739 5153 848 5225; x_wconf 90' lang='lat' dir='ltr'>quidem</span> <span class='ocrx_word' id='word_1_791' title='bbox 869 5159 898 5206; x_wconf 93' lang='grc' dir='ltr'>ει</span> <span class='ocrx_word' id='word_1_792' title='bbox 951 5160 1000 5201; x_wconf 93' lang='lat' dir='ltr'>suo</span> <span class='ocrx_word' id='word_1_793' title='bbox 1031 5143 1103 5206; x_wconf 85' lang='lat' dir='ltr'>iecit,</span> <span class='ocrx_word' id='word_1_794' title='bbox 1122 5142 1242 5198; x_wconf 89' lang='lat' dir='ltr'>sicutait</span> <span class='ocrx_word' id='word_1_795' title='bbox 1262 5141 1638 5212; x_wconf 74' lang='lat' dir='ltr'>Apostoluszllaratesbci,</span> <span class='ocrx_word' id='word_1_796' title='bbox 1658 5143 1740 5204; x_wconf 74' lang='lat' dir='ltr'>calm.</span> 
     </span>
     <span class='ocr_line' id='line_1_55' title="bbox 101 5231 1741 5320; baseline -0.002 -30"><span class='ocrx_word' id='word_1_797' title='bbox 101 5242 724 5320; x_wconf 54' lang='lat' dir='ltr'>ipsumesraeqqateq0n20q3011q00peug</span> <span class='ocrx_word' id='word_1_798' title='bbox 751 5254 793 5304; x_wconf 66' lang='lat' dir='ltr'>est</span> <span class='ocrx_word' id='word_1_799' title='bbox 815 5245 898 5300; x_wconf 70' lang='lat' dir='ltr'>etiam</span> <span class='ocrx_word' id='word_1_800' title='bbox 951 5237 1024 5293; x_wconf 82' lang='lat' dir='ltr'>cedes</span> <span class='ocrx_word' id='word_1_801' title='bbox 1048 5245 1135 5290; x_wconf 76' lang='lat' dir='ltr'>artmm</span> <span class='ocrx_word' id='word_1_802' title='bbox 1164 5233 1260 5290; x_wconf 82' lang='lat' dir='ltr'>Glrriati</span> <span class='ocrx_word' id='word_1_803' title='bbox 1276 5233 1362 5306; x_wconf 83' lang='lat' dir='ltr'>(Rom.</span> <span class='ocrx_word' id='word_1_804' title='bbox 1388 5250 1448 5298; x_wconf 82' lang='lat' dir='ltr'>utra,</span> <span class='ocrx_word' id='word_1_805' title='bbox 1473 5231 1528 5303; x_wconf 75' lang='lat' dir='ltr'>ll),</span> <span class='ocrx_word' id='word_1_806' title='bbox 1553 5231 1624 5287; x_wconf 86' lang='lat' dir='ltr'>Dicit</span> <span class='ocrx_word' id='word_1_807' title='bbox 1648 5232 1741 5304; x_wconf 89' lang='lat' dir='ltr'>itaque</span> 
     </span>
     <span class='ocr_line' id='line_1_56' title="bbox 102 5323 1740 5412; baseline -0.01 -18"><span class='ocrx_word' id='word_1_808' title='bbox 102 5331 222 5405; x_wconf 72' lang='lat' dir='ltr'>Spiritus</span> <span class='ocrx_word' id='word_1_809' title='bbox 232 5348 352 5405; x_wconf 89' lang='lat' dir='ltr'>sanctus,</span> <span class='ocrx_word' id='word_1_810' title='bbox 378 5340 459 5397; x_wconf 90' lang='lat' dir='ltr'>Patre</span> <span class='ocrx_word' id='word_1_811' title='bbox 475 5340 597 5412; x_wconf 83' lang='lat' dir='ltr'>Filioque</span> <span class='ocrx_word' id='word_1_812' title='bbox 611 5355 664 5396; x_wconf 90' lang='lat' dir='ltr'>non</span> <span class='ocrx_word' id='word_1_813' title='bbox 680 5340 777 5395; x_wconf 90' lang='lat' dir='ltr'>minor.</span> <span class='ocrx_word' id='word_1_814' title='bbox 794 5337 833 5392; x_wconf 80' lang='lat' dir='ltr'>Ex</span> <span class='ocrx_word' id='word_1_815' title='bbox 846 5337 900 5392; x_wconf 89' lang='lat' dir='ltr'>boe</span> <span class='ocrx_word' id='word_1_816' title='bbox 951 5327 1096 5402; x_wconf 81' lang='lat' dir='ltr'>Apostolus</span> <span class='ocrx_word' id='word_1_817' title='bbox 1120 5336 1147 5382; x_wconf 89' lang='grc' dir='ltr'>ει</span> <span class='ocrx_word' id='word_1_818' title='bbox 1162 5327 1189 5381; x_wconf 93' lang='lat' dir='ltr'>in</span> <span class='ocrx_word' id='word_1_819' title='bbox 1212 5326 1264 5380; x_wconf 86' lang='lat' dir='ltr'>alio</span> <span class='ocrx_word' id='word_1_820' title='bbox 1276 5326 1334 5380; x_wconf 88' lang='lat' dir='ltr'>loco</span> <span class='ocrx_word' id='word_1_821' title='bbox 1348 5344 1354 5377; x_wconf 91' lang='lat'>:</span> <span class='ocrx_word' id='word_1_822' title='bbox 1370 5323 1463 5379; x_wconf 86' lang='lat' dir='ltr'>Gratia</span> <span class='ocrx_word' id='word_1_823' title='bbox 1477 5324 1546 5380; x_wconf 86' lang='lat' dir='ltr'>euim</span> <span class='ocrx_word' id='word_1_824' title='bbox 1570 5324 1676 5379; x_wconf 70' lang='lat' dir='ltr'>bamini</span> <span class='ocrx_word' id='word_1_825' title='bbox 1695 5342 1740 5378; x_wconf 86' lang='lat' dir='ltr'>uo-</span> 
     </span>
     <span class='ocr_line' id='line_1_57' title="bbox 101 5415 1739 5502; baseline -0.002 -25"><span class='ocrx_word' id='word_1_826' title='bbox 101 5438 179 5495; x_wconf 80' lang='lat' dir='ltr'>crgo,</span> <span class='ocrx_word' id='word_1_827' title='bbox 194 5429 266 5498; x_wconf 89' lang='lat' dir='ltr'>quod</span> <span class='ocrx_word' id='word_1_828' title='bbox 281 5429 314 5485; x_wconf 90' lang='lat' dir='ltr'>de</span> <span class='ocrx_word' id='word_1_829' title='bbox 327 5429 429 5502; x_wconf 86' lang='lat' dir='ltr'>Spiritu</span> <span class='ocrx_word' id='word_1_830' title='bbox 443 5443 537 5488; x_wconf 88' lang='lat' dir='ltr'>sancto</span> <span class='ocrx_word' id='word_1_831' title='bbox 551 5428 899 5488; x_wconf 81' lang='lat' dir='ltr'>estsecundumhominem</span> <span class='ocrx_word' id='word_1_832' title='bbox 951 5422 998 5476; x_wconf 86' lang='lat' dir='ltr'>stri</span> <span class='ocrx_word' id='word_1_833' title='bbox 1020 5419 1085 5475; x_wconf 71' lang='lat' dir='ltr'>lesu</span> <span class='ocrx_word' id='word_1_834' title='bbox 1107 5418 1204 5473; x_wconf 80' lang='lat' dir='ltr'>Cirristi</span> <span class='ocrx_word' id='word_1_835' title='bbox 1227 5427 1251 5472; x_wconf 88' lang='lat' dir='ltr'>et</span> <span class='ocrx_word' id='word_1_836' title='bbox 1275 5417 1389 5471; x_wconf 83' lang='lat' dir='ltr'>alteritas</span> <span class='ocrx_word' id='word_1_837' title='bbox 1411 5415 1458 5470; x_wconf 87' lang='lat' dir='ltr'>Dei</span> <span class='ocrx_word' id='word_1_838' title='bbox 1483 5426 1507 5470; x_wconf 88' lang='lat' dir='ltr'>et</span> <span class='ocrx_word' id='word_1_839' title='bbox 1539 5416 1739 5473; x_wconf 85' lang='lat' dir='ltr'>corttmrmt&#39;catt&#39;u</span> 
     </span>
     <span class='ocr_line' id='line_1_58' title="bbox 102 5507 1738 5595; baseline -0.011 -16"><span class='ocrx_word' id='word_1_840' title='bbox 102 5517 233 5574; x_wconf 62' lang='lat' dir='ltr'>uelitibus</span> <span class='ocrx_word' id='word_1_841' title='bbox 256 5522 367 5590; x_wconf 83' lang='lat' dir='ltr'>Christi,</span> <span class='ocrx_word' id='word_1_842' title='bbox 392 5525 455 5595; x_wconf 88' lang='lat' dir='ltr'>quid</span> <span class='ocrx_word' id='word_1_843' title='bbox 475 5524 547 5581; x_wconf 91' lang='lat' dir='ltr'>aliud</span> <span class='ocrx_word' id='word_1_844' title='bbox 565 5539 645 5594; x_wconf 89' lang='lat' dir='ltr'>quam</span> <span class='ocrx_word' id='word_1_845' title='bbox 667 5524 723 5593; x_wconf 89' lang='lat' dir='ltr'>ipsa</span> <span class='ocrx_word' id='word_1_846' title='bbox 748 5522 833 5594; x_wconf 77' lang='lat' dir='ltr'>gratia</span> <span class='ocrx_word' id='word_1_847' title='bbox 853 5520 899 5575; x_wconf 88' lang='lat' dir='ltr'>de·</span> <span class='ocrx_word' id='word_1_848' title='bbox 950 5515 1033 5570; x_wconf 79' lang='lat' dir='ltr'>soracti</span> <span class='ocrx_word' id='word_1_849' title='bbox 1054 5512 1169 5584; x_wconf 85' lang='lat' dir='ltr'>Spiritus</span> <span class='ocrx_word' id='word_1_850' title='bbox 1182 5511 1215 5564; x_wconf 85' lang='lat' dir='ltr'>sit</span> <span class='ocrx_word' id='word_1_851' title='bbox 1230 5507 1419 5563; x_wconf 81' lang='lat' dir='ltr'>carrramuibua</span> <span class='ocrx_word' id='word_1_852' title='bbox 1444 5508 1517 5563; x_wconf 81' lang='lat' dir='ltr'>arulis</span> <span class='ocrx_word' id='word_1_853' title='bbox 1538 5507 1579 5581; x_wconf 88' lang='lat' dir='ltr'>(ll</span> <span class='ocrx_word' id='word_1_854' title='bbox 1601 5507 1661 5564; x_wconf 82' lang='lat' dir='ltr'>Cor.</span> <span class='ocrx_word' id='word_1_855' title='bbox 1677 5522 1738 5574; x_wconf 79' lang='lat' dir='ltr'>rtur,</span> 
     </span>
     <span class='ocr_line' id='line_1_59' title="bbox 102 5600 1737 5690; baseline -0.004 -26"><span class='ocrx_word' id='word_1_856' title='bbox 102 5618 283 5669; x_wconf 85' lang='lat' dir='ltr'>monstratur.</span> <span class='ocrx_word' id='word_1_857' title='bbox 307 5616 375 5672; x_wconf 89' lang='lat' dir='ltr'>Curn</span> <span class='ocrx_word' id='word_1_858' title='bbox 387 5618 458 5673; x_wconf 88' lang='lat' dir='ltr'>enirn</span> <span class='ocrx_word' id='word_1_859' title='bbox 473 5618 550 5690; x_wconf 78' lang='lat' dir='ltr'>uirgo</span> <span class='ocrx_word' id='word_1_860' title='bbox 565 5616 733 5689; x_wconf 82' lang='lat' dir='ltr'>quaesivisset</span> <span class='ocrx_word' id='word_1_861' title='bbox 745 5615 779 5670; x_wconf 88' lang='lat' dir='ltr'>ab</span> <span class='ocrx_word' id='word_1_862' title='bbox 790 5612 894 5684; x_wconf 86' lang='lat' dir='ltr'>angelo,</span> <span class='ocrx_word' id='word_1_863' title='bbox 952 5606 1006 5677; x_wconf 71' lang='lat' dir='ltr'>ll).</span> <span class='ocrx_word' id='word_1_864' title='bbox 1028 5602 1235 5660; x_wconf 83' lang='lat' dir='ltr'>Evidentissintc</span> <span class='ocrx_word' id='word_1_865' title='bbox 1248 5601 1337 5672; x_wconf 88' lang='lat' dir='ltr'>itaquo</span> <span class='ocrx_word' id='word_1_866' title='bbox 1364 5601 1390 5655; x_wconf 93' lang='lat' dir='ltr'>in</span> <span class='ocrx_word' id='word_1_867' title='bbox 1405 5600 1454 5656; x_wconf 89' lang='grc' dir='ltr'>Ιιεε</span> <span class='ocrx_word' id='word_1_868' title='bbox 1466 5600 1523 5656; x_wconf 87' lang='lat' dir='ltr'>locu</span> <span class='ocrx_word' id='word_1_869' title='bbox 1535 5616 1657 5671; x_wconf 74' lang='lat' dir='ltr'>persone</span> <span class='ocrx_word' id='word_1_870' title='bbox 1672 5613 1737 5657; x_wconf 82' lang='lat' dir='ltr'>san·</span> 
     </span>
    </p>
   </div>
   <div class='ocr_carea' id='block_1_3' title="bbox 139 5717 1236 5801">
    <p class='ocr_par' dir='ltr' id='par_1_3' title="bbox 139 5717 1236 5801">
     <span class='ocr_line' id='line_1_60' title="bbox 139 5717 1236 5801; baseline -0.008 -21"><span class='ocrx_word' id='word_1_871' title='bbox 139 5722 203 5780; x_wconf 78' lang='lat'>¹¹8.</span> <span class='ocrx_word' id='word_1_872' title='bbox 232 5725 312 5801; x_wconf 72' lang='lat' dir='ltr'>Aug,</span> <span class='ocrx_word' id='word_1_873' title='bbox 333 5728 469 5786; x_wconf 80' lang='lat' dir='ltr'>Errebirid.</span> <span class='ocrx_word' id='word_1_874' title='bbox 504 5730 536 5785; x_wconf 85' lang='lat' dir='ltr'>rlc</span> <span class='ocrx_word' id='word_1_875' title='bbox 561 5727 619 5795; x_wconf 83' lang='lat' dir='ltr'>sudo,</span> <span class='ocrx_word' id='word_1_876' title='bbox 647 5735 741 5798; x_wconf 84' lang='lat' dir='ltr'>spect</span> <span class='ocrx_word' id='word_1_877' title='bbox 766 5718 1127 5791; x_wconf 52' lang='lat' dir='ltr'>clruritatccapbdetsuq.</span> <span class='ocrx_word' id='word_1_878' title='bbox 1229 5717 1236 5731; x_wconf 74' lang='lat'>⁸</span> 
     </span>
    </p>
   </div>
   <div class='ocr_carea' id='block_1_4' title="bbox 0 0 1894 6116">
    <p class='ocr_par' dir='ltr' id='par_1_4' title="bbox 0 0 1894 6116">
     <span class='ocr_line' id='line_1_61' title="bbox 0 0 1894 6116; baseline 0 0"><span class='ocrx_word' id='word_1_879' title='bbox 0 0 1894 6116; x_wconf 95' lang='lat' dir='ltr'> </span> 
     </span>
    </p>
   </div>
  </div>
 </body>
</html>
