3780 6120
120 193 171 252 ott
535 190 564 248 B.
584 191 617 246 F.
637 189 750 248 ALBlNl
771 188 837 246 seb
857 185 996 244 obcurrit
1015 187 1157 246 denubit
1175 187 1265 245 Plus
1284 189 1339 247 vll.
1703 188 1756 248 868

120 283 188 340 Cum
198 280 314 337 tonina
334 278 406 346 dico,
431 279 566 336 incertum
590 289 632 337 est
659 282 692 337 de
710 289 784 349 quot,
800 278 852 333 nisi
863 276 910 332 ad·
925 283 947 339 Α
962 294 1019 351 per,
1037 278 1085 352 [et]
1100 279 1222 336 solubilia
1235 280 1334 336 debent
1350 292 1411 334 esse
1424 278 1450 333 iu
1469 278 1588 350 integras
1602 279 1755 345 dictionem

120 370 194 438 oum,
219 370 321 434 decem,
346 376 465 435 centum,
483 371 572 435 mille,
589 371 630 425 vel
650 371 804 440 quotlibet:
821 383 912 423 nama
964 368 1020 423 sive
1033 383 1064 422 er
1082 369 1202 439 integris,
1217 369 1275 423 sive
1288 384 1321 423 ex
1336 369 1472 438 corruptis
1494 376 1704 437 componantur,
1728 377 1758 424 ut

120 461 228 519 duobus
240 462 274 516 ad
288 462 498 516 innumerabiles
509 461 663 515 extenditur
676 460 848 530 signillcatio.
963 457 1124 523 rescribam
1146 473 1179 513 ex
1202 459 1306 513 duobus
1329 460 1471 528 corruptis.
1496 467 1536 525 ut,
1559 459 1709 528 parricida,
1724 476 1758 517 ex

156 550 206 606 Pa,
224 550 290 617 Quae
303 550 435 605 dictiones
447 550 549 605 babent
560 549 834 606 numerosi-Saxo.
849 549 913 618 Qnae
962 557 1068 618 parante
1096 548 1221 611 nominc,
1250 557 1278 602 et
1304 548 1402 602 cadere
1429 550 1522 603 verbo.
1549 547 1758 618 Magnanimitas

119 656 251 714 personas
265 642 365 697 habeut
380 660 385 694 :
401 641 427 696 id
441 649 493 706 cst,
506 642 627 706 nonrina,
639 641 807 711 pronomina,
820 642 912 705 verba,
964 637 1058 710 liidie,
1083 638 1277 710 magnanimus]
1301 641 1323 694 si
1341 641 1416 704 dico,
1433 655 1448 694 a
1467 656 1562 708 magno
1576 649 1605 695 et
1620 641 1758 699 animitate

121 731 274 804 participia.
287 728 340 796 Ut,
355 731 409 796 uir,
427 732 486 784 uiri.
502 730 558 800 Ego
574 729 647 800 lego,
668 747 715 785 nos
726 729 846 801 legimus.
862 729 913 784 Hic
962 742 1022 782 esse
1034 728 1212 797 compositum
1224 742 1275 782 non
1287 738 1374 798 potest
1384 744 1453 794 osse,
1465 731 1529 799 quia
1539 730 1667 786 animitas
1678 730 1756 804 iila,

121 824 218 895 legans,
231 824 257 876 ni
270 822 391 893 legentes.
407 822 469 877 ldco
481 821 595 893 [autem]
609 821 714 876 infinita
729 822 811 876 verba
824 830 851 875 et
863 821 914 875 im·
963 816 1082 888 nimitas]
1099 817 1263 886 intelligibile
1285 827 1394 874 nonest
1410 839 1416 850 ·
1433 821 1493 875 ideo
1511 837 1622 877 necesse
1635 831 1723 878 estut
1739 839 1756 881 a

120 913 273 984 personalia
300 920 393 966 carent
420 925 543 975 numero,
567 911 630 978 quia
653 926 707 966 non
731 911 833 966 habent
848 925 911 980 per-
963 906 1123 974 composito,
1137 907 1163 960 id
1179 917 1220 961 ⁰⁵²
1234 910 1412 977 medardino,
1433 910 1630 967 tildelitolum
1643 929 1757 985 triagne-

122 1017 215 1058 sonas.
963 997 1083 1052 nimitas.

157 1093 207 1145 Fu.
224 1091 348 1158 Nunquid
370 1088 495 1144 adverbia
520 1104 573 1144 non
596 1089 695 1144 habeut
718 1090 914 1145 numerosi—
998 1087 1131 1154 Pnouot
1153 1089 1240 1145 modis
1261 1100 1459 1160 componuntur
1480 1094 1658 1147 nomiuai-
1671 1095 1755 1152 Saxo.

123 1181 206 1240 Saxo.
221 1181 347 1236 Habent:
364 1182 410 1236 sed
426 1182 496 1234 inter
515 1182 663 1237 accidentia
681 1182 801 1238 adverbii
820 1198 913 1238 utrmc-
963 1174 1093 1240 Quaitfflt·
1118 1176 1157 1231 Ex
1178 1176 1282 1233 duobus
1300 1179 1421 1248 iustitiis,
1443 1189 1472 1234 ¹¹1
1492 1182 1697 1252 iusiurandum·
1718 1185 1757 1241 Et

121 1288 169 1327 rus
183 1288 235 1325 non
250 1273 360 1340 ponitur
376 1291 382 1326 ε
398 1280 425 1326 et
437 1273 640 1329 indeclinabiles
662 1286 725 1329 sunt
748 1275 854 1329 numeri
867 1275 913 1328 ad·
963 1263 1224 1335 du⁰b1¹500lr¹¹l>¹i⁸t
1238 1277 1270 1320 ¹¹²
1283 1269 1424 1337 Pam'ssi'd‘i·
1444 1270 1483 1323 El
1498 1271 1605 1341 ῑῐῑῑθΒΓθ
1621 1282 1649 1327 θῑ
1663 1289 1757 1329 ΰθῐῑΰ·

121 1364 275 1417 verbioruru
290 1381 296 1415 ε
309 1370 336 1417 et
350 1362 383 1415 ad
394 1364 556 1434 singularem
568 1374 596 1419 ct
606 1364 662 1436 [ad]
674 1364 805 1432 pluralem
819 1365 913 1420 dictio-
962 1362 1019 1424 lit),
1038 1363 1068 1408 1¹⁸
1088 1355 1219 1410 inimisit·
1237 1357 1276 1410 E!
1293 1368 1420 1427 0⁰ir⁰lii⁰
1437 1369 1465 1414 ⁰1
1477 1361 1593 1431 finitimi
1606 1373 1635 1417 ut
1649 1365 1757 1432 etiem·

121 1468 184 1506 nem
201 1468 277 1522 uque
290 1453 408 1522 ponitur,
427 1463 456 1507 ιιι
472 1473 478 1507 :
492 1463 532 1507 tar
545 1453 602 1523 ieci,
616 1466 656 1508 ter
667 1455 786 1523 [ecimus.
997 1447 1047 1502 Fu.
1062 1446 1128 1503 Cum
1141 1450 1239 1518 quibus
1251 1450 1578 1521 partibuscomponuntur
1589 1456 1759 1509 nomina?-

158 1543 207 1596 Pn.
223 1543 292 1609 Quid
318 1553 373 1596 tum
397 1542 510 1597 interest
523 1543 593 1598 iuter
608 1558 782 1598 numerorum
803 1543 912 1598 nomina
963 1537 1045 1593 Saxo.
1060 1539 1127 1594 Cum
1140 1540 1265 1596 omnibus
1278 1548 1375 1612 praeter
1385 1540 1609 1609 interiectionem.
1624 1543 1696 1598 Cum
1708 1561 1757 1600 uo·

122 1638 323 1696 indeclinabilia
336 1646 363 1691 et
385 1638 456 1692 inter
467 1637 613 1691 adverbia?
623 1667 659 1677 -
674 1636 756 1692 Ssxo.
777 1637 853 1704 Quod
866 1637 914 1691 ad·
928 1619 952 1680 B
965 1633 1037 1687 mine
1052 1631 1150 1703 iouia,
1168 1633 1343 1705 nominith
1356 1642 1386 1688 ut
1398 1635 1598 1705 paterfamilias.
1614 1636 1686 1693 Cum
1696 1655 1759 1710 pro·

124 1731 218 1788 vorbia
229 1738 257 1783 et
271 1729 451 1799 singularibus
463 1736 490 1782 et
500 1727 650 1798 pluralibus
663 1726 786 1782 similiter·
797 1727 914 1796 jungun·
965 1723 1080 1783 nomine,
1097 1733 1125 1777 ut
1141 1723 1293 1778 illiusmodi.
1312 1725 1396 1796 278
1411 1724 1582 1793 Cumverbo,
1598 1729 1722 1802 utLucif
1748 1772 1756 1786 .

124 1829 178 1874 tur.
200 1820 256 1875 Ut:
274 1817 367 1870 millias
388 1817 458 1881 diri,
485 1826 513 1872 et
536 1816 628 1871 millies
656 1816 780 1871 diximus.
801 1816 914 1871 Nomina
963 1815 1030 1869 (ium
1045 1816 1183 1880 adverbio,
1200 1825 1230 1869 ut
1242 1814 1398 1884 satisfactio.
1415 1815 1482 1872 Cum
1495 1818 1652 1889 participio,
1666 1822 1759 1893 triple-

122 1924 188 1964 rero
203 1926 255 1962 vion
275 1907 328 1961 nisi
343 1907 501 1976 pluralibus,
515 1915 555 1972 ut,
568 1904 640 1960 milia
650 1907 767 1960 domines
786 1906 912 1959 disiacus.
964 1904 1093 1958 discitum.
1107 1904 1175 1961 (ium
1189 1906 1389 1977 conjunctione,
1402 1915 1432 1961 ut
1446 1916 1561 1978 uterque.
1574 1908 1642 1964 Cum
1654 1925 1760 1982 praepo-

159 1998 208 2051 Fu.
233 1996 336 2050 Surrtue
365 1996 453 2066 aliqua
474 1995 581 2050 nomina
605 2010 738 2064 qumana
761 1994 913 2049 litteratura
963 1995 1068 2059 sitione,
1085 2004 1115 2050 ut
1130 1995 1254 2066 perfidus.

123 2099 252 2158 utrosque
271 2089 370 2142 babent
393 2087 539 2143 numerosi
551 2117 587 2127 —
599 2086 681 2142 Saxo.
703 2085 780 2142 Sunt.
804 2085 872 2141 Nam
885 2085 914 2141 in
999 2085 1048 2140 Fn.
1064 2085 1087 2140 d
1102 2095 1169 2156 quot
1188 2087 1350 2145 dictionibus
1365 2098 1563 2160 componuntur
1575 2093 1710 2149 nomina?
1723 2124 1761 2137 -

123 2182 209 2250 prirna
231 2179 408 2234 declinatione
427 2177 578 2252 [genitivus
596 2187 624 2233 et
639 2179 746 2234 dativus
765 2177 915 2249 singulares
964 2177 1046 2234 Saxo.
1061 2178 1084 2233 d
1102 2180 1216 2246 duabus,
1232 2188 1263 2235 ut
1277 2182 1424 2251 septentrio.
1447 2181 1579 2246 dtribus,
1596 2193 1628 2239 ut
1646 2186 1760 2258 inexpu-

124 2268 201 2343 lEd,
218 2270 324 2341 generis
339 2271 421 2324 dativi
436 2269 591 2343 singularis]
607 2286 660 2324 nna
674 2285 742 2326 voce
752 2285 814 2325 cum
827 2270 915 2324 nomi·
963 2272 1085 2341 gnobilis.
1099 2267 1172 2326 Vela
1186 2272 1369 2343 compluribus
1380 2271 1457 2344 [lis.,
1469 2274 1505 2330 ab
1515 2275 1717 2352 amplioribus]‚
1731 2287 1762 2336 ut

123 2365 215 2418 nativo
236 2373 263 2419 et
279 2364 402 2419 vocativo
420 2364 517 2433 plurali
540 2363 736 2434 proiciuntur:
752 2373 782 2416 ut
795 2364 874 2434 buius
887 2371 915 2418 et
963 2361 1223 2433 cujuscunquemodi.

122 2456 183 2509 lruic
207 2466 298 2526 poeta,
321 2455 366 2528 [ut
388 2456 415 2509 bi
432 2464 459 2509 et
470 2473 485 2510 o
497 2455 606 2527 poctal.
622 2455 657 2510 Ει
679 2456 704 2509 iu
723 2456 849 2511 omnibus
863 2456 914 2512 boc
998 2450 1047 2505 Fu.
1068 2451 1208 2518 Quomodo
1225 2451 1394 2510 declinantur
1414 2456 1563 2526 composita
1578 2457 1691 2512 nomina
1702 2457 1715 2512 i
1726 2488 1761 2501 -

123 2545 193 2600 idem
205 2547 326 2601 invenies
337 2545 561 2601 declinationibus
571 2545 727 2614 sepissime.
741 2545 770 2599 lu
784 2545 911 2599 mcunda:
964 2539 1047 2597 Saxo.
1065 2541 1094 2597 Si
1109 2558 1141 2598 ex
1159 2545 1323 2600 nominativo
1343 2556 1371 2602 et
1387 2546 1495 2616 obliquo
1509 2563 1572 2602 casu
1585 2563 1761 2617 componun-

122 2646 153 2690 ut
167 2636 246 2706 bajus
261 2635 330 2690 docti
344 2642 371 2688 ot
385 2634 413 2686 lai
427 2633 505 2687 docti.
519 2632 621 2698 Tertia,
642 2633 698 2687 irae
716 2632 808 2697 crudas,
827 2643 853 2687 et
872 2633 914 2690 ltu
962 2642 1018 2699 tur,
1035 2649 1067 2689 ea
1079 2642 1156 2704 parte
1167 2651 1219 2704 qua
1233 2637 1414 2694 nominativus
1426 2651 1506 2692 casus
1518 2644 1572 2703 est,
1587 2637 1762 2694 declinantur

122 2725 216 2777 caeoer.
232 2723 346 2790 erarta,
362 2722 404 2775 bic
415 2722 510 2788 fluctus
523 2729 551 2775 et
564 2720 643 2789 bajus
655 2721 750 2788 duratus
765 2736 774 2774 :
788 2720 816 2774 iri
826 2726 854 2774 ct
866 2721 913 2775 ires
964 2723 1038 2798 [nam
1050 2725 1118 2780 alter
1131 2742 1211 2781 casus
1226 2742 1279 2782 non
1292 2726 1465 2798 declinaturi,
1480 2736 1508 2782 ut
1523 2728 1569 2783 bic
1580 2728 1762 2798 tribunusple-

121 2823 150 2868 et
164 2831 178 2867 o
192 2816 310 2882 fluctus:
328 2829 358 2866 ns
375 2813 505 2883 producta
529 2812 556 2866 in
580 2812 705 2865 omuibus
728 2811 770 2866 bis
794 2811 911 2866 casibus.
964 2813 1009 2875 bis,
1027 2815 1106 2884 buius
1120 2813 1308 2884 tribuniplebis,
1322 2815 1381 2869 lrnic
1394 2815 1588 2885 tribunoplebis.
1605 2814 1633 2870 Si
1647 2832 1680 2872 ex
1694 2817 1763 2874 duo·

123 2906 232 2973 Qtriuta,
248 2913 287 2970 ιιι,
306 2906 361 2959 bac
383 2922 434 2969 res,
450 2912 504 2959 eto
521 2920 561 2957 res
573 2918 582 2954 :
596 2903 637 2957 lue
648 2909 675 2957 et
685 2902 733 2957 itas
745 2911 800 2957 cto
818 2919 868 2957 res.
883 2902 912 2957 ln
963 2905 1014 2960 bus
1031 2905 1212 2969 nominativis,
1225 2907 1351 2975 utrinque
1365 2905 1544 2969 declinantur,
1557 2915 1587 2960 ut
1604 2908 1654 2960 doc
1662 2908 1760 2978 jusju-

122 2997 328 3066 prouominibus
351 3010 458 3064 quoque
480 3002 507 3049 ct
528 2993 676 3064 participiis
706 2993 824 3048 invenies
846 3008 912 3048 voco
965 2994 1088 3059 randum,
1103 2993 1377 3065 brrjusjurisjurandi,
1392 2996 1453 3049 duic
1461 2996 1646 3066 jurijurando.
1661 2996 1714 3055 Sin
1725 3012 1760 3052 ex

120 3089 284 3151 communia,
297 3095 326 3141 ιιι
336 3086 383 3146 illi,
397 3086 451 3151 isli,
464 3087 525 3156 ipsi,
540 3086 622 3140 dativi
635 3083 779 3156 singularis
790 3092 817 3138 et
827 3083 912 3137 nomi·
963 3082 1067 3138 duobus
1084 3084 1199 3153 obbqrris
1212 3094 1421 3154 componuntur,
1435 3093 1555 3151 manent,
1574 3085 1760 3143 indeclinabi-

121 3181 206 3236 nativl
219 3179 340 3250 pluralis.
355 3179 383 3233 ln
394 3178 544 3247 participiis
555 3177 664 3232 mobilia
675 3177 764 3231 omnia
778 3176 804 3228 in
818 3175 911 3231 eadem
962 3174 1009 3239 lia,
1025 3183 1055 3228 ut
1067 3176 1227 3246 hujusmodi,
1247 3178 1406 3242 istiusmodi,
1426 3178 1565 3248 ejusmodi.
1585 3177 1761 3250 componun·

120 3286 188 3327 voce
202 3271 301 3325 habent
312 3268 440 3323 iciniuiua
452 3270 477 3323 in
490 3268 618 3339 singulari
629 3267 794 3321 nominativo
806 3273 834 3320 et
846 3280 913 3319 rreu-

120 3363 200 3417 tralia
213 3362 239 3415 in
253 3360 360 3430 plurali,
375 3368 404 3413 ut
414 3361 469 3413 bau
480 3360 580 3413 uictura
591 3357 697 3426 semina,
710 3365 736 3410 et
746 3356 802 3409 dac
813 3357 912 3410 uictura

121 3449 258 3504 animalia.
274 3449 301 3502 ln
317 3449 406 3503 verbis
427 3463 492 3502 vero
513 3447 584 3501 nulla
602 3462 654 3501 vox
680 3455 722 3500 cst
735 3461 795 3515 quas
816 3445 911 3504 eadent

121 3540 206 3611 possit
223 3555 282 3594 csse
297 3541 323 3593 in
338 3538 466 3608 singulari
480 3552 592 3592 numero
605 3545 633 3592 et
641 3537 750 3608 plurali.

157 3630 207 3683 Fu.
223 3628 300 3684 Unde
311 3628 399 3699 aliqua
410 3629 529 3693 nomina,
543 3628 613 3682 sicut
623 3628 649 3681 in
664 3628 767 3684 Donato
779 3627 831 3700 legi
842 3641 912 3683 sem-

121 3735 170 3790 per
180 3719 327 3790 singularia
338 3727 410 3782 sunt,
422 3727 450 3774 et
463 3718 515 3773 alia
529 3733 635 3787 semper
648 3718 910 3788 pluraliui—Sato.

121 3810 233 3877 Natura,
252 3813 293 3866 vel
304 3828 364 3867 usu.
380 3811 491 3874 Natura,
505 3817 536 3864 ut
548 3811 666 3881 propria,
681 3827 742 3881 quae
754 3813 913 3868 naturaliter

121 3900 257 3955 individua
269 3910 341 3966 suut,
357 3910 386 3955 ut
401 3900 504 3963 Hector,
523 3898 653 3966 deicidium·
667 3900 717 3965 soi,
732 3901 806 3968 iana,
819 3901 910 3969 ltalia,

964 3276 1007 3320 tur
1019 3281 1125 3336 quoque
1143 3266 1288 3337 singularia
1301 3284 1362 3323 cum
1377 3269 1536 3338 pluralibus,
1553 3277 1583 3323 ut
1596 3269 1668 3322 orbis
1680 3279 1760 3324 terroe

963 3365 991 3413 et
1004 3359 1073 3412 orbis
1086 3369 1225 3413 terrarum.
1238 3360 1356 3418 Possunt
1368 3370 1456 3416 minen
1470 3363 1526 3417 haec
1539 3362 1635 3417 eadent
1647 3377 1760 3433 compo·

963 3449 1014 3503 sita
1027 3450 1108 3513 etiarn
1123 3459 1245 3519 separata
1258 3467 1328 3516 esse,
1343 3456 1365 3507 si
1380 3453 1500 3507 diuersos
1514 3461 1644 3508 accentus
1655 3454 1701 3509 liis
1714 3454 1761 3509 de·

964 3540 1045 3605 doris,
1071 3550 1102 3594 ut
1121 3558 1161 3595 res
1176 3542 1289 3611 politica,
1305 3543 1347 3598 vel
1360 3545 1383 3599 si
1398 3544 1616 3614 conjunctionem
1638 3544 1760 3614 interpo-

964 3645 1023 3695 nas,
1036 3638 1066 3684 ιιι
1080 3632 1251 3703 tribunusque
1263 3633 1354 3703 piebis.

999 3719 1048 3773 Fa.
1063 3721 1197 3778 docentus
1208 3726 1363 3794 compositae
1375 3725 1467 3795 dgurae
1481 3725 1618 3794 quomodo
1633 3723 1759 3779 liunt?-

964 3810 1046 3868 Ssxo.
1063 3813 1114 3868 Per
1125 3831 1220 3871 omnes
1234 3832 1313 3871 casus
1325 3825 1353 3871 ct
1367 3831 1415 3886 per
1432 3832 1527 3872 omues
1545 3817 1758 3885 compositiones

963 3918 1071 3974 semper
1081 3906 1131 3960 sub
1140 3922 1193 3960 uuo
1203 3915 1315 3961 accentu
1325 3907 1509 3977 proferuntur,
1520 3907 1757 3976 utjatsjurandrrar,

122 3989 223 4046 Sicilia.
245 3991 309 4055 bsu,
322 4000 351 4045 ut
363 3993 481 4061 sanguis,
499 3990 594 4061 puluis,
611 3990 667 4056 lux,
683 3992 745 4045 uita.
763 3991 830 4047 ltcm
853 4008 913 4062 quae
960 3995 1150 4065 jurisjurandi,
1164 3997 1423 4067 cujuscunquemodi.
1437 3998 1519 4052 Verte
1535 4005 1571 4062 te,
1593 3996 1711 4060 Franco,
1725 3996 1757 4050 ad

123 4083 156 4135 ad
169 4083 272 4150 pondus
287 4083 328 4136 vel
342 4098 496 4137 mensuram
512 4083 658 4152 pertinent,
676 4082 822 4151 singularia
838 4091 912 4149 sunt,

122 4179 152 4226 ut
175 4189 280 4239 numm,
305 4175 431 4239 triticum,
457 4182 508 4230 etc.
534 4174 666 4229 Similiter
681 4184 778 4232 natura
799 4177 841 4231 vel
862 4192 914 4232 usu

122 4267 245 4337 quaedam
267 4275 330 4321 sunt
351 4282 458 4337 semper
475 4266 587 4337 pluralia
606 4282 614 4321 ι
630 4275 737 4333 natura,
752 4277 782 4323 ut
797 4266 909 4335 Gemini,

121 4357 212 4427 pisces,
229 4357 256 4411 ia
271 4357 349 4411 coelo.
363 4357 429 4415 Usu,
445 4365 475 4411 ut
491 4374 577 4420 anna,
590 4359 695 4424 moenia,
706 4359 838 4422 nundinae,
854 4359 910 4414 Ku-

121 4446 216 4503 iendrr.
240 4449 306 4503 Nam
335 4465 383 4518 per
405 4449 494 4503 omnia
521 4464 619 4520 genera
645 4449 765 4505 invenies
789 4452 912 4520 quaedam

121 4553 229 4610 semper
247 4540 403 4610 singularia,
427 4539 548 4608 quaedam
573 4555 680 4609 semper
702 4541 827 4611 pluralia,
851 4559 912 4613 quoe

98 4690 101 4695 ,
122 4631 211 4686 studio
224 4631 364 4685 brevitatis
376 4631 454 4684 nobis
464 4630 693 4699 praetermittenda
706 4644 764 4685 esse
778 4646 847 4686 rcor.

414 4783 458 4837 DE
476 4781 623 4838 lidonis

158 4910 209 4970 Fu.
224 4915 282 4971 Fiat
300 4924 329 4969 ut
349 4906 400 4979 vis,
414 4917 465 4970 etsi
482 4932 535 4971 non
550 4917 646 4984 libens,
662 4925 750 4973 tamen
763 4921 911 4976 consentio.

125 5005 178 5060 Sed
193 5006 226 5060 de
243 5006 335 5076 dguris
351 5007 526 5076 disputemus.
542 5007 575 5060 Et
587 5008 674 5077 primo
694 5010 736 5064 dic
749 5010 811 5078 quid
825 5011 860 5065 sit
870 5012 913 5066 in-

124 5104 167 5150 ter
181 5095 309 5165 figuratas
324 5097 454 5151 dictiones
466 5105 492 5150 et
505 5096 684 5152 derivativas?
695 5131 729 5138 -
741 5100 821 5155 Saxo.
837 5101 913 5168 Quod

124 5186 246 5260 liguratur
257 5187 388 5242 dictiones
396 5196 441 5242 aut
454 5186 590 5257 simplices
601 5196 673 5253 sunt,
686 5198 716 5243 nt
727 5207 855 5259 magnum·
868 5199 915 5245 aut

125 5277 289 5345 compositio,
301 5285 331 5330 ut
346 5277 536 5347 magnanimus.
552 5277 712 5333 Derivativae
725 5290 814 5333 autern
825 5281 914 5335 asim-

125 5366 188 5434 plici
203 5368 310 5421 nonrinc
325 5368 492 5432 derivantur,
505 5376 535 5421 ut
549 5382 564 5421 a
576 5367 619 5436 pio
632 5368 733 5437 pietas3
750 5378 796 5423 aut
810 5385 824 5423 a
837 5384 911 5424 com·

126 5456 223 5526 posito,
240 5466 270 5510 ut
287 5473 301 5510 a
320 5459 486 5529 magnanimo
501 5460 719 5529 magnanimitas,
735 5476 796 5530 quae
807 5460 914 5515 decom·

125 5547 213 5618 posita
228 5551 361 5605 dicontur.
377 5551 531 5620 Composita
544 5551 638 5623 [enirn]
655 5550 829 5623 intelligibilia
844 5565 914 5606 sern-

964 4101 1052 4151 casus,
1070 4087 1133 4155 quia
1151 4087 1184 4141 de
1203 4086 1296 4158 figuris
1307 4087 1390 4142 babes
1401 4087 1473 4157 quod
1487 4087 1621 4157 quaesisti.

1000 4176 1050 4230 Fa.
1068 4175 1190 4242 Vertam,
1205 4185 1232 4232 et
1244 4177 1323 4232 latus
1339 4186 1455 4243 vertam,
1474 4177 1537 4247 quia
1551 4176 1671 4246 placitas
1683 4176 1756 4233 mibi·

965 4275 1022 4322 met
1037 4269 1155 4324 rationes
1171 4268 1307 4338 protulisti
1319 4268 1352 4324 de
1364 4268 1469 4341 ilguris.

1252 4425 1295 4480 DE
1313 4424 1467 4482 castitiis,

1000 4555 1092 4611 Primo
1107 4557 1173 4611 mibi
1188 4558 1301 4628 explana
1314 4561 1385 4615 unde
1400 4576 1479 4616 casus
1492 4561 1610 4616 dicatur.
1624 4592 1662 4603 -
1677 4561 1754 4618 Saxo.

964 4647 1050 4704 Casus
1067 4650 1159 4718 utique
1182 4667 1196 4704 a
1222 4651 1341 4706 cadendo
1361 4652 1468 4717 dicitur,
1482 4654 1545 4720 quia
1559 4653 1594 4707 ab
1610 4655 1665 4709 hoc
1681 4667 1775 4733 senso⁸

965 4738 1037 4792 cadit
1052 4738 1078 4793 iu
1093 4738 1177 4801 illum,
1189 4739 1232 4794 vel
1242 4741 1275 4794 ab
1286 4741 1338 4794 bac
1349 4741 1537 4796 terminatione
1547 4743 1622 4797 cadit
1635 4744 1663 4798 in
1676 4743 1754 4801 illam.

1001 4830 1050 4883 Fu.
1070 4831 1131 4886 Scio
1143 4846 1190 4886 sex
1202 4847 1261 4887 esse
1272 4848 1368 4899 casvrs;
1386 4833 1432 4888 scd
1447 4834 1615 4904 singulorum
1627 4835 1756 4906 interpre-

965 4921 1082 4976 tationes
1104 4922 1184 4977 velim
1209 4925 1327 4993 pandere
1350 4933 1391 4988 te,
1410 4924 1523 4979 oSato.
1538 4956 1575 4963 -
1588 4924 1673 4982 Saxo.
1689 4927 1756 4983 sem

965 5013 1015 5068 vis.
1035 5013 1142 5068 Primus
1155 5017 1344 5080 nominativus,
1367 5018 1428 5086 quia
1444 5018 1593 5087 peripsum
1609 5019 1755 5074 nominatio

967 5102 1005 5156 bt.
1022 5104 1073 5158 lstc
1092 5105 1191 5158 dieitur
1209 5114 1235 5159 et
1258 5115 1357 5164 reolus.
1376 5107 1439 5176 quia
1450 5107 1554 5177 primus
1568 5123 1583 5161 a
1597 5119 1696 5164 natura
1709 5123 1754 5164 na·

965 5196 1058 5260 scitur,
1072 5204 1098 5250 et
1107 5197 1141 5251 ab
1153 5212 1185 5252 eo
1195 5196 1264 5252 lacta
1277 5196 1419 5252 inderionc
1429 5206 1579 5253 nascuntur
1589 5199 1647 5253 alii.
1659 5199 1757 5255 Deinde

964 5285 1107 5354 genitivus,
1119 5288 1235 5357 quiaper
1243 5289 1330 5357 ipsum
1341 5303 1426 5358 genus
1437 5288 1632 5359 significamus,
1644 5300 1757 5361 utgestts

964 5385 1001 5427 est
1016 5372 1119 5428 Priami
1143 5376 1250 5431 ilector.
1266 5378 1318 5432 lstc
1338 5394 1444 5449 quoque
1459 5379 1613 5448 appellatur
1626 5379 1757 5451 possessi·

965 5479 1023 5525 vus,
1039 5464 1153 5534 eoquod
1171 5469 1368 5535 possessionem
1382 5485 1490 5539 semper
1506 5485 1554 5540 per
1569 5471 1659 5543 ipsum
1674 5472 1756 5545 signi·

965 5551 1086 5616 licamus,
1107 5562 1148 5620 ut,
1168 5552 1270 5610 Priami
1283 5573 1400 5626 ragnum.
1414 5557 1478 5612 Post
1491 5558 1563 5614 htrnc
1581 5559 1690 5616 dativus
1705 5567 1754 5622 est,
