3780 6120
116 223 171 281 rra
541 220 573 276 n.
592 219 625 276 r.
645 216 759 275 arnum
778 214 845 275 seu
862 212 1003 273 mourut
1021 210 1164 270 crenus
1180 209 1269 266 rans
1288 208 1332 266 tt
1697 190 1752 261 m

155 328 261 401 Perque
275 327 328 384 iter
338 334 483 400 angustum
494 341 578 399 regua
590 326 670 383 beata
681 333 786 397 petunt.
922 329 949 391 Α
996 322 1133 380 Coelcrum
1144 337 1238 393 regnu,
1254 321 1400 384 crediturus,
1412 326 1442 372 ut
1455 324 1593 373 maneant.

120 415 185 474 Iure
197 420 279 474 micat
288 417 369 474 rutilo
379 417 521 473 levitarum
534 417 594 474 aula
606 417 706 484 calare,
1286 409 1427 468 CLXXXI.

157 507 230 576 Quos
241 509 304 565 rite
317 509 351 565 ad
362 507 479 581 palmam
491 523 566 565 mars
579 508 699 580 pretiosa
712 514 801 563 sucat.
937 564 943 575 ,ι
1074 504 1115 559 dd
1130 503 1301 559 ecelesiamet
1316 517 1390 554 rrum
1404 497 1488 552 reiecti
1504 495 1639 550 Ideurdd'.

449 598 584 655 CLXXIII.
960 594 1053 652 l'ictor
1064 596 1099 651 ab
1111 598 1189 652 hoste
1202 594 1282 660 redit,
1295 593 1385 648 diviua
1398 606 1510 657 munere
1524 589 1630 655 clanis,

285 690 325 745 td
341 707 416 745 urum
432 689 514 746 deute
528 689 636 760 er'rpiaie
652 688 758 745 Murice.
996 686 1064 741 Ilum
1075 684 1135 758 [F.,
1145 683 1218 756 cum]
1228 683 1332 754 legIone
1344 697 1430 748 sacra,
1441 681 1528 735 victur
1537 678 1572 734 ab
1582 680 1664 734 hoste
1675 677 1752 733 redit.

121 785 203 855 ttrgo
214 782 262 839 bei
274 782 401 854 genitrix,
415 788 514 836 nostrae
523 780 617 851 regIna
628 780 735 846 salutis,
960 775 1054 832 Praelia
1069 791 1136 847 pace
1150 776 1198 833 Ilei
1213 775 1354 831 Mauritius
1364 773 1449 830 ardua
1461 773 1537 841 vicit,

157 875 206 930 IIic
217 875 341 944 precibus
351 870 458 927 tantulis
471 871 602 928 auxiliare
616 872 679 928 tals.
994 866 1167 937 Exsuperans
1179 867 1272 923 mundi
1282 866 1384 938 praelia,
1399 880 1464 936 pace
1479 864 1538 919 Ilei.

120 966 179 1021 llnc
191 967 277 1020 altare
287 963 340 1018 tuis
349 962 479 1032 quonlam
492 970 535 1018 est
543 962 700 1019 uenerabile
712 965 793 1029 rutis,
960 955 1023 1012 Haec
1043 957 1152 1025 domus,
1171 973 1246 1026 ecce,
1265 973 1314 1015 suc
1333 957 1439 1012 titulata
1457 967 1498 1012 cst
1517 956 1631 1011 nomine
1649 961 1752 1025 sancta,

159 1052 496 1125 lugundunensem,
512 1052 700 1124 decussum
713 1054 797 1111 satus.
996 1045 1108 1118 Fulueat
1120 1056 1149 1103 et
1161 1048 1273 1113 meritis,
1294 1048 1352 1104 hac
1364 1048 1459 1104 domus
1473 1061 1536 1102 ecoe
1549 1046 1629 1111 suiv

445 1143 583 1202 CLXXIV.
960 1138 1043 1210 Cujus
1054 1140 1155 1196 bonore
1166 1156 1274 1199 sacrum
1284 1148 1312 1197 et
1325 1141 1408 1197 micat
1421 1142 1473 1197 buc
1486 1139 1573 1206 altare
1587 1138 1720 1208 dicatam,

228 1234 269 1288 Ad
285 1234 421 1290 ecclesiam
437 1245 462 1290 et
479 1254 554 1293 arem
572 1237 654 1297 beuter
680 1237 805 1311 Virpiuie.
995 1229 1118 1287 Gaudeat
1131 1239 1159 1289 et
1173 1231 1288 1303 populus
1306 1231 1384 1304 cuius
1400 1232 1503 1287 honore
1520 1242 1610 1285 sacro·

123 1327 185 1384 lIaec
196 1327 243 1383 tibi
255 1336 348 1383 sancta
359 1328 454 1384 dumus
463 1337 559 1385 sancta
569 1338 621 1397 est,
635 1331 807 1387 sanctissima
817 1328 908 1403 Virgo,
1283 1323 1435 1380 CLXXXII.
1536 1398 1538 1402 Α

123 1418 203 1491 virgo
219 1418 312 1483 ilarii,
328 1418 376 1474 bei
389 1433 421 1473 ac
435 1419 550 1490 genitrix
562 1420 664 1477 intacta
678 1421 820 1484 Tonantis.
1105 1417 1146 1470 dd
1160 1433 1235 1472 aram
1248 1416 1332 1473 saneti
1345 1415 1457 1473 Ioannis
1471 1414 1611 1487 baptiste.

122 1509 283 1581 Perpetuam
299 1508 400 1564 mundo
417 1509 532 1579 genuisti
551 1511 627 1582 virgo
642 1512 766 1579 salutem,
962 1508 1014 1562 Ara
1027 1508 1115 1564 dicata
1129 1507 1179 1564 tibi
1194 1508 1276 1564 micat
1287 1507 1355 1572 hmc,
1370 1507 1490 1578 Baptista
1506 1505 1648 1570 toarness

121 1598 290 1670 Quapropter
304 1599 419 1654 mundus
431 1605 504 1654 totus
517 1607 544 1655 tc
556 1599 649 1657 laudat
660 1601 768 1672 ubique.
960 1597 1097 1655 Laudibus
1109 1599 1180 1655 banc
1190 1598 1278 1670 dignit
1291 1614 1398 1670 semper
1410 1612 1513 1659 mernor
1527 1605 1588 1662 esto
1601 1594 1746 1655 colendam·

120 1689 163 1743 En
173 1705 222 1760 ego
232 1688 330 1759 quippe
341 1697 403 1744 tuus
415 1687 531 1745 famulus
544 1699 570 1746 te
580 1690 660 1746 lando
671 1690 828 1760 Camoenis;
923 1670 948 1737 Β
961 1689 1012 1757 Qui
1023 1691 1167 1749 bominum
1183 1692 1269 1748 sacris
1283 1691 1406 1747 meruisti
1425 1691 1530 1762 tingere
1547 1691 1575 1749 in
1591 1688 1683 1756 undu,

121 1780 162 1836 'Iu
173 1779 237 1834 mibi
251 1778 337 1834 dulcis
348 1792 434 1846 amur,
449 1778 542 1846 decus,
554 1789 583 1836 ct
595 1795 658 1851 spes
672 1796 770 1852 magna
786 1781 891 1839 salutis·
960 1778 984 1836 0
998 1778 1079 1837 lelix!
1095 1779 1220 1852 precibus
1236 1789 1345 1837 nostras
1356 1781 1402 1838 bic
1414 1781 1493 1837 ablue
1505 1779 1611 1852 culpas.

121 1872 257 1928 Auxiliare
272 1879 346 1927 tuum
361 1887 479 1938 sermm,
492 1872 644 1929 clarIssima
657 1871 738 1945 ilryc
751 1891 758 1940 ;
1270 1871 1434 1928 CLXXXIII.

122 1963 181 2019 Vox
195 1979 256 2019 mea
269 1972 295 2018 te
309 1963 436 2035 lacrymis
451 1964 550 2034 pulsat,
564 1981 641 2022 mens
654 1964 733 2022 ardet
746 1981 856 2022 amore:
1150 1965 1191 2019 Ad
1202 1963 1329 2021 recelleret
1340 1967 1426 2021 saneti
1439 1963 1560 2025 Ilurtini.

121 2054 176 2110 b'cc
187 2070 241 2110 non
252 2061 411 2111 cunctarum
423 2055 548 2126 precibus
558 2057 602 2115 bic
617 2073 707 2116 annue
719 2057 844 2126 fratrum,
961 2054 1019 2111 llcc
1033 2055 1146 2113 deiende
1158 2058 1211 2116 tuis
1224 2058 1361 2127 precibus,
1378 2056 1501 2124 liartine,
1518 2056 1650 2115 sacellum

121 2146 163 2202 Ad
178 2155 204 2203 te
217 2148 262 2218 qui
275 2145 413 2202 clamant:
425 2146 517 2220 Virgo,
532 2155 562 2204 tu
573 2151 660 2222 pratia
670 2150 757 2223 plenu,
962 2146 1073 2213 Sancte,
1088 2148 1151 2221 pila,
1166 2148 1288 2208 simulet
1303 2159 1411 2205 nostras
1429 2149 1539 2221 diymre
1554 2157 1669 2222 regatus

121 2239 174 2295 Per
185 2248 210 2295 te
220 2248 363 2296 conservet
372 2255 479 2311 semper
488 2256 538 2298 nus
548 2243 634 2314 gratia
644 2242 756 2301 CbrIstI.
962 2238 1105 2304 Exaudite,
1120 2238 1209 2303 Patet.
1224 2239 1314 2296 vatins
1327 2254 1360 2295 ac
1373 2239 1494 2311 deprime
1511 2237 1611 2300 fluctus

120 2328 242 2400 QuIsque
251 2329 325 2401 legas
337 2346 431 2386 tersus
443 2330 486 2387 dic
498 2350 505 2386 ε
519 2331 636 2399 Christe,
649 2341 725 2390 tuere
738 2343 856 2405 pactam,
962 2330 1068 2398 Cordis,
1083 2341 1113 2387 ut
1126 2339 1255 2388 remmam
1266 2331 1406 2388 ualeamus
1418 2347 1529 2402 carpere
1541 2331 1628 2393 tilam

122 2421 770 2493 HaecquoquemcnsatucsacrataestnumInc,
784 2425 877 2496 Virgo,
1274 2423 1437 2481 CLXXXIV.

123 2512 163 2568 'Iu
179 2513 272 2584 regim
286 2513 351 2584 poli,
366 2514 453 2584 campi
467 2512 526 2578 ilus,
541 2513 597 2569 lilia
610 2513 715 2581 mundi,
1069 2514 1107 2568 dd
1122 2516 1257 2571 ecclesium
1269 2516 1354 2575 sancti
1367 2513 1493 2586 Stephani
1505 2515 1642 2586 martyris.

122 2601 220 2657 llortus
233 2602 386 2669 conclusus,
403 2604 465 2658 vite
478 2602 549 2670 lons,
563 2619 633 2657 rena
647 2604 752 2659 salutis.
962 2602 1025 2660 lLuc
1044 2604 1162 2678 (domus)
1181 2614 1282 2665 aeterna
1301 2606 1383 2662 micat
1399 2605 1536 2678 Stephano
1555 2613 1748 2678 protomartyri

120 2693 220 2764 Accipe
232 2695 379 2750 clementer
393 2693 556 2751 famulorum
568 2702 631 2752 vota
645 2703 762 2760 mamm,
1596 2697 1718 2773 [mmo.

121 2787 208 2857 Atque
220 2785 275 2841 beo
292 2785 400 2842 Christo
415 2786 508 2843 humili
523 2802 589 2859 rugo
600 2788 683 2845 redde
695 2797 818 2860 precatu.
963 2785 1013 2854 Qui
1028 2786 1135 2842 veniam
1151 2788 1341 2845 interveniam
1358 2799 1369 2828 ⁶
1385 2787 1568 2860 lapidantibus
1582 2787 1658 2851 illurn

450 2875 566 2933 CLXXV
963 2875 1103 2946 Ilnpcscit;
1117 2876 1217 2934 Christi
1229 2892 1307 2937 sacra
1319 2887 1362 2936 est
1372 2879 1495 2951 exempla
1505 2887 1624 2937 secutus.

331 2966 372 3020 Ari
387 2983 463 3022 crem
477 2968 562 3025 suncti
577 2968 698 3026 Martini.
924 3015 949 3079 c
963 2965 1077 3037 Adiuvat
1087 2984 1150 3025 ecce
1160 2971 1215 3026 suis
1227 2970 1352 3042 precluus
1363 2970 1423 3041 plus
1432 2977 1536 3042 martyr
1545 2970 1654 3037 amices.

121 3061 178 3115 llcc
192 3059 276 3114 altare
291 3059 339 3116 tibi
352 3067 468 3126 cunstat,
481 3060 607 3128 Martiae,
619 3063 749 3127 dicatum,
914 3054 919 3063 '
1272 3064 1424 3121 CLXXXV.

157 3149 303 3207 Cuniesscr
314 3151 417 3210 meritis
431 3166 546 3222 magnus
561 3152 589 3207 in
603 3152 669 3208 urbe
683 3151 745 3222 piis.
1106 3156 1145 3210 Ad
1158 3155 1281 3226 templum
1295 3155 1379 3211 sancti
1395 3154 1468 3209 Petri
1483 3154 1606 3226 apostoli.

451 3242 590 3298 CLXXIII.
962 3244 1626 3324 Petrusapustclicuccnseruetnemiuemmper,

265 3330 306 3384 dd
322 3340 442 3386 eructum
461 3331 591 3388 Ioannem
607 3333 764 3404 baptistam.
996 3334 1146 3394 Praeclarus
1155 3340 1291 3412 priuceps,
1303 3349 1374 3397 tecta
1385 3341 1566 3405 sacratasibi.

124 3421 146 3477 0
162 3421 281 3490 baptIsta
292 3429 398 3490 putens,
414 3422 516 3478 tinxisti
529 3424 557 3476 in
565 3422 682 3480 Iordane
694 3424 840 3490 Christum,
963 3423 1015 3492 Qui
1024 3425 1128 3483 clavem
1136 3429 1198 3485 caeli
1207 3431 1331 3487 manibus
1342 3433 1464 3503 deportat
1474 3431 1609 3497 honestis,

158 3513 208 3569 liic
221 3512 345 3584 precibus
357 3513 416 3569 lara
428 3512 542 3567 crimina
556 3522 648 3569 nostra
659 3515 721 3572 tuis
997 3517 1163 3578 Clementem
1173 3522 1250 3580 nubis
1261 3525 1362 3595 pandat
1371 3525 1405 3580 ad
1416 3532 1489 3583 astra
1500 3525 1583 3581 vlam.

391 3600 474 3674 zali
498 3601 646 3660 ccxxvii.
1275 3613 1439 3673 cxxxxii.

340 3692 379 3747 Ad
396 3708 472 3747 eruut
487 3694 573 3750 seacti
589 3693 696 3751 Attiani.
1091 3705 1131 3766 dd
1144 3724 1220 3768 crepa
1231 3719 1381 3764 suedorum
1394 3708 1628 3782 uredeupelctunt.

124 3785 181 3841 Ilac
195 3783 256 3854 pius
274 3782 396 3838 Arrianus
411 3799 489 3840 sacra
506 3793 674 3841 memoratur
691 3786 720 3841 in
737 3803 797 3854 ara,
962 3795 1039 3853 llanc
1049 3808 1124 3872 regat
1133 3803 1303 3873 omnipotens
1317 3801 1429 3859 llicbael
1441 3804 1555 3878 angelus
1569 3820 1659 3871 aram,

159 3874 304 3930 Cunlcssor
316 3872 416 3930 Christi
426 3885 536 3933 sanctus
548 3877 575 3932 in
590 3893 636 3933 ure
648 3878 700 3934 sui.
997 3889 1049 3946 pes
1063 3908 1143 3962 quem
1156 3895 1245 3951 perus
1258 3904 1318 3950 emp
1329 3896 1450 3967 perfidus
1461 3897 1507 3954 pp,
1517 3866 1616 3963 praep,

439 3965 599 4024 CLXXVIII.
962 3978 996 4033 Et
1004 3980 1097 4049 procul
1111 3981 1213 4052 ejectus
1223 3983 1296 4039 celso
1305 3985 1340 4040 dc
1350 3986 1467 4041 culmine
1481 3987 1543 4042 coeli

229 4055 270 4109 Ari
284 4056 408 4127 tempium
424 4065 449 4112 et
466 4057 550 4113 uitare
569 4061 654 4116 suncti
673 4059 804 4116 Mederdr'.
996 4070 1047 4138 Qui
1058 4072 1253 4145 culparecupit
1263 4091 1371 4146 semper
1386 4078 1471 4134 lnore
1483 4079 1552 4149 pios,

124 4139 187 4196 ΗΝ
202 4153 244 4199 ⁰51
256 4145 317 4200 ²⁰¹³
330 4145 438 4214 ‘lumem
453 4148 537 4203 ⁸³¹¹ssst
553 4150 705 4205 lentrlssdl
722 4148 858 4215 Μθᾶθῐᾱῑὶ
961 4161 1087 4234 Iungitur
1104 4165 1167 4221 huic
1180 4164 1300 4233 Cabricl,
1315 4170 1405 4225 socius
1419 4169 1594 4237 venerabilis,
1610 4185 1675 4235 ara.

158 4235 235 4290 Haud
249 4237 338 4292 minus
351 4237 436 4293 altare
450 4239 501 4295 boc
516 4239 589 4296 illius
600 4256 660 4297 esse
675 4242 769 4312 liquet.
997 4255 1048 4322 Qui
1061 4257 1161 4314 vlrtutc
1171 4259 1215 4332 pia
1227 4259 1311 4333 iulget
1323 4262 1350 4316 ln
1363 4277 1426 4318 arcc
1439 4263 1502 4334 puli.

123 4324 181 4381 lIuc
195 4327 347 4397 quicunque
360 4327 413 4383 ddc
428 4330 526 4395 veniat,
545 4347 592 4386 sua
606 4334 720 4390 crimina
737 4333 813 4401 ilem,
922 4343 1044 4422 „Curius
1055 4347 1090 4402 ab
1100 4364 1148 4404 ore
1160 4366 1238 4407 sacro
1251 4352 1342 4409 mundi
1353 4369 1483 4426 generare
1492 4356 1608 4412 salutem

158 4416 199 4473 0b
210 4419 336 4473 meritum
351 4420 448 4486 sancti,
466 4421 510 4476 hic
524 4423 638 4493 accipiet
650 4425 767 4480 reniam.
997 4435 1096 4492 DidIcit
1105 4447 1247 4507 aeternum,
1264 4444 1339 4513 virgo
1351 4443 1444 4509 llaria,
1458 4445 1553 4512 Deum,

447 4511 587 4568 CLXXIX.
961 4524 1075 4581 Additur
1088 4528 1131 4583 Iris
1140 4529 1268 4600 Rapbacl,
1283 4533 1376 4588 oculos
1388 4536 1433 4603 qui
1445 4534 1512 4591 Iurte
1525 4536 1618 4594 tobia

213 4598 253 4652 dd
265 4617 340 4655 urum
353 4612 503 4656 cunctorum
518 4603 637 4670 Qrtiutiui
652 4614 676 4660 et
690 4605 820 4676 Dionysii.
997 4615 1118 4685 Sumsit,
1138 4629 1229 4676 natum
1253 4623 1329 4678 <luxit
1346 4633 1373 4680 er
1391 4624 1435 4680 ille
1453 4641 1543 4681 suum.

124 4687 180 4744 llac
192 4689 246 4745 duo
257 4692 379 4761 praeclari
391 4692 485 4750 Patres
496 4704 660 4752 uenerantur
672 4697 699 4752 in
714 4711 772 4762 ara,
961 4706 1017 4762 llus
1029 4717 1085 4764 tres
1096 4712 1139 4767 laic
1153 4715 1280 4782 precibus
1294 4716 1393 4772 uostrIs
1407 4727 1496 4773 astare
1508 4733 1667 4790 precantur,

124 4780 268 4848 Quintiuus
281 4783 425 4854 siquidem,
439 4793 549 4843 sanctus
563 4787 706 4860 Dionysius
718 4797 810 4860 atque,
996 4798 1095 4855 Audiat
1110 4812 1140 4857 nt
1152 4803 1266 4860 famulos
1277 4796 1400 4863 Christus
1413 4808 1448 4863 ab
1458 4824 1521 4864 arce
1534 4825 1610 4867 suos.

124 4870 174 4925 llic
184 4869 322 4927 conlesscr
336 4885 396 4928 erat
410 4875 522 4942 Christi,
537 4878 584 4933 scd
600 4887 704 4950 martyr
717 4879 817 4945 et·ille;
1265 4895 1439 4953 CLXXXVII.

123 4958 164 5015 Ad
178 4960 318 5017 Dominum
331 4973 418 5034 prosit
429 4982 543 5035 quorum
559 4969 717 5029 intercessio
734 4971 822 5027 nobis.
1105 4987 1144 5043 Ad
1155 5004 1230 5042 aram
1246 4988 1331 5043 puncti
1344 4988 1456 5046 Jduttttt't
1471 4992 1611 5065 Baptista.

453 5053 580 5112 CLXXX·
961 5078 1038 5135 lianc
1050 5077 1171 5149 RaptIsta
1188 5085 1284 5149 potens
1298 5080 1403 5136 meritis
1417 5081 1549 5139 tutabitur
1558 5098 1646 5149 aram,

190 5233 197 5247 .
243 5139 285 5194 Iu
298 5158 375 5197 eram
384 5152 534 5200 merorum
546 5144 628 5203 Salvii
639 5158 663 5203 et
674 5150 798 5207 Aeanti.
997 5169 1047 5236 Qui
1059 5169 1201 5224 bominum
1213 5166 1353 5226 dunstan
1362 5172 1443 5227 tinxit
1455 5172 1483 5227 in
1495 5187 1576 5229 amne
1592 5189 1682 5231 sacro.

125 5232 232 5289 Salvius
245 5234 317 5291 banc
330 5251 527 5308 aramsmauno
541 5253 649 5311 quoque
659 5281 667 5297 ·
677 5284 685 5298 ·
695 5283 704 5298 ·
715 5245 862 5305 Amando·
962 5261 1011 5317 tur,
1025 5260 1126 5317 eiectus
1143 5268 1203 5316 erat
1214 5262 1310 5317 matris
1326 5262 1359 5317 de
1372 5270 1481 5330 venue
1496 5262 1632 5321 toranus

158 5327 364 5398 Amplectamur
377 5329 449 5385 enim
464 5332 601 5388 mentibus
612 5334 770 5397 ambobusb
998 5353 1056 5408 vor
1075 5351 1167 5417 Verbi,
1186 5360 1214 5407 et
1233 5359 1333 5407 nostru
1350 5368 1440 5424 preco
1457 5352 1554 5410 salutis
1569 5363 1642 5411 erat.

126 5417 211 5476 Ambo
222 5418 349 5481 domares
362 5422 515 5491 vlrtutibus,
531 5421 609 5483 ambo
618 5429 731 5497 pereuni
963 5441 1012 5498 llic
1030 5441 1081 5497 luit
1094 5443 1217 5516 egregius
1233 5441 1332 5498 Christi
1346 5445 1548 5516 paranymphus
1561 5445 1590 5501 in
1607 5445 1686 5513 crltc.

162 5563 177 5663 ἱ
193 5553 283 5621 Forte,
297 5574 406 5628 mupnus
416 5577 516 5642 eaeque
525 5571 630 5643 spretus
641 5561 786 5620 Amandus.
1000 5584 1011 5612 θ
1039 5573 1258 5646 torseruntque
1274 5577 1356 5631 resia.

195 5621 285 5692 eoru,
303 5629 378 5681 erube
391 5645 445 5683 suta
459 5629 497 5684 cel
509 5647 568 5690 itus.
