3780 6120
117 276 172 334 att
291 274 299 311 ²
541 272 571 326 Β.
593 272 623 326 F.
645 270 759 325 ttulit
780 270 845 325 Silii
871 269 1010 325 tutetur
1029 269 1172 326 orthem
1191 267 1280 325 PARS
1294 268 1341 325 tlt.
1699 268 1752 324 stt

120 391 213 447 rlieens
226 387 329 455 ipsum,
355 400 413 440 sne
426 386 497 454 quod
511 392 574 440 ante
587 382 751 465 baptismum
770 396 832 436 cum
843 379 943 462 subd
959 390 1030 446 rant,
1044 389 1145 509 quanto
1156 381 1239 447 liene,
1255 383 1301 451 qui
1320 382 1346 436 in
1360 381 1492 452 principio
1507 379 1566 450 ipso
1576 377 1751 461 formationis

120 461 217 515 tilitate
235 464 403 526 competente
422 455 507 526 legem
520 454 658 518 custodiit,
673 452 730 507 sire
742 452 813 521 quod
825 459 907 507 ettam
957 451 1016 521 ejus
1028 453 1050 508 si
1071 453 1079 508 i
1093 468 1155 508 curn
1171 454 1288 511 unierat.
1304 451 1434 521 rrrnjorem
1457 467 1471 505 a
1484 464 1514 506 sc
1526 457 1750 519 cooperationem

121 537 182 601 post
204 527 269 582 illurl
288 528 382 597 gratie
403 525 634 581 conversationem
653 522 843 593 cooperatione
854 522 909 646 spi·
959 523 997 578 illi
1016 524 1154 593 praebebat
1178 524 1213 576 ad
1235 524 1445 592 perlicienlnm,
1469 537 1530 592 qua:-
1544 526 1705 591 opuserant
1717 518 1753 575 ad

119 603 190 656 ritus
208 613 269 653 cum
292 612 389 668 magna
410 611 469 652 com
489 596 555 651 levit
577 593 735 648 subtilitate.
752 612 761 643 r
780 591 856 646 Tom.
884 592 906 646 x
958 594 1074 649 salutem
1097 593 1237 656 omnium,
1268 593 1358 646 onrnia
1385 593 1456 646 illius
1480 594 1649 659 gubernans,
1677 597 1708 643 et
1718 588 1755 645 ad

120 665 435 731 concederentur.
459 686 476 719 a
497 706 503 719 .
533 664 567 718 lit
587 664 614 718 in
633 662 704 717 libro
714 660 795 716 tertio
814 669 909 717 contra
958 664 1122 736 perfectiora
1142 663 1276 725 incitans,
1300 678 1333 717 ae
1347 662 1454 717 labores
1474 662 1561 725 illins,
1573 661 1631 716 sire
1643 660 1677 715 ad
1691 660 1753 713 ani-

120 737 316 811 llpollinarinm
325 737 377 792 eol.
388 735 451 799 205,
463 749 536 789 num.
548 733 575 787 c.
594 751 603 784 r
617 731 685 788 Cum
695 732 808 787 dixisset
818 740 909 786 autem
959 750 1050 798 mam,
1071 734 1128 789 sire
1148 733 1182 786 ad
1207 747 1306 801 corpus
1318 733 1494 801 pertinerent,
1508 747 1541 786 ex
1553 731 1658 801 majore
1673 736 1755 799 parta

120 807 306 878 evangelista,
327 807 398 876 quod
416 804 520 877 Spiritu
536 812 630 858 sancto
653 803 747 872 plenus
770 816 909 873 regressus
959 805 1088 859 allevans.
1102 804 1190 873 Atque
1207 803 1244 857 ita
1264 802 1470 872 completionem
1492 802 1600 857 uirtutis
1618 799 1753 869 nrajorem

119 888 162 934 est
176 896 192 931 a
206 876 333 943 lordanc,
345 883 438 945 aperte
454 874 650 929 demonstravit
671 873 743 942 quod
755 873 836 942 lurjus
848 886 910 927 cau-
959 886 986 930 et
1011 875 1140 930 leniorem
1166 873 1202 927 illi
1225 875 1402 927 constabat.»
1429 871 1535 927 Similia
1560 881 1588 926 et
1609 868 1754 927 Nestorius

121 966 150 1003 sa
164 947 282 1017 Spiritus
295 945 383 1002 sancti
395 944 588 999 habitationem
604 944 631 997 in
641 942 804 1013 baptismate
817 956 909 999 susce-
959 944 1061 1009 docnit,
1086 951 1169 1015 prout
1191 949 1298 999 constat
1318 942 1426 1012 exejus
1441 942 1603 998 rcrlrishct.
1619 958 1627 996 r
1643 938 1756 997 concilii

120 1021 169 1089 pit,
186 1025 216 1071 ut
230 1016 292 1071 inde
312 1015 478 1097 propositam
498 1020 609 1082 caperet
628 1013 765 1068 virtutem.
794 1011 870 1068 liade
883 1018 911 1067 el
959 1014 1088 1084 Ephesini
1114 1012 1209 1069 relatis
1232 1020 1298 1068 tom.
1322 1013 1356 1069 lll
1376 1013 1460 1069 Cone.
1485 1014 1537 1069 eol.
1567 1012 1652 1073 taus,
1666 1010 1705 1065 ihi
1720 1024 1757 1067 es

121 1090 155 1143 ad
165 1096 303 1143 certamen
317 1085 393 1150 rthro,
416 1084 488 1207 quod
499 1099 548 1155 pro
559 1083 637 1139 nobis
651 1092 710 1138 erat
724 1084 757 1138 ad
773 1081 909 1139 rliaholum
960 1087 1138 1154 quaternione
1160 1084 1188 1148 6,
1203 1083 1249 1138 ubi
1273 1084 1306 1139 de
1327 1082 1436 1138 Christo
1458 1084 1538 1153 agit:
1567 1082 1694 1138 illissus
1713 1088 1759 1137 est

121 1158 282 1217 allecturus,
308 1154 404 1209 siritu

122 1244 168 1282 rm
195 1234 290 1281 eontra
313 1170 531 1280 lgcarnationem
553 1223 624 1293 apud
641 1222 784 1279 Leontium
797 1222 908 1293 Bysant.
960 1226 1128 1280 stitutionem
1150 1225 1246 1279 visus:
1271 1224 1305 1279 tn
1328 1232 1358 1277 ut
1384 1223 1405 1276 Α
1445 1223 1529 1279 stolus
1548 1222 1700 1293 subjungit,
1724 1226 1756 1275 et

120 1306 187 1351 toni.
211 1294 246 1349 tx
260 1294 328 1350 Bilrl.
345 1294 419 1348 Patr.
439 1294 523 1365 Lugrl.
545 1292 592 1349 iol.
613 1294 684 1348 llll:
712 1293 830 1364 rEtego
853 1292 911 1364 glo-
960 1293 1142 1349 aitzliicille
1160 1302 1210 1358 est,
1235 1293 1379 1364 quitidclls
1424 1311 1454 1348 eo
1472 1295 1588 1364 pontifex
1600 1294 1690 1363 sectus
1701 1300 1755 1345 est.

122 1368 201 1431 riam,
218 1381 299 1435 quam
312 1364 408 1421 dedisti
420 1364 495 1429 mihi,
505 1364 566 1419 dedi
581 1364 631 1419 eis.
649 1362 823 1430 Quamnam?
836 1378 910 1419 nent·
960 1364 1059 1421 Factus
1071 1364 1144 1418 enim
1158 1363 1183 1419 is
1194 1373 1248 1428 est,
1262 1365 1307 1433 qui
1322 1364 1356 1417 ab
1368 1374 1469 1419 aeterno
1480 1381 1533 1419 non
1548 1360 1756 1432 praeexistebat.

120 1454 154 1509 pe
167 1435 330 1507 participare
350 1434 532 1505 adoptionem.
558 1432 634 1489 lianc
647 1434 719 1488 enim
731 1433 838 1503 aceepit
854 1433 861 1487 i
882 1448 911 1489 se
961 1436 1019 1494 llic.
1041 1434 1179 1497 haeretice,
1196 1434 1240 1489 illc
1251 1434 1308 1504 ipse
1318 1442 1371 1497 est,
1384 1435 1429 1503 qui
1441 1434 1474 1487 arl
1489 1434 1654 1503 pontificiam
1667 1430 1758 1513 ιιὶςῃῆ

121 1506 269 1563 secundnm
292 1505 489 1561 humanitatem
508 1503 661 1572 baptizatus
677 1503 837 1574 primumin
866 1518 911 1558 or·
961 1514 1045 1559 tatem
1070 1503 1199 1575 paulatim
1224 1513 1333 1559 erectus
1354 1512 1405 1558 est.
1435 1504 1505 1557 huoi
1528 1519 1622 1559 rocem
1640 1504 1694 1559 boc
1708 1500 1759 1555 trin

121 1579 207 1639 dane,
226 1577 252 1630 in
274 1589 328 1645 quo
349 1583 470 1630 nostrum
492 1574 625 1643 baptisma
642 1578 769 1643 tauquam
786 1574 813 1627 in
826 1572 910 1643 ligura
960 1575 1060 1630 clarius
1083 1574 1272 1629 intonantem:
1299 1572 1333 1628 ln
1353 1573 1444 1627 dtrtrr
1463 1574 1525 1633 illis.
1549 1574 1652 1645 iuquit,
1666 1572 1759 1627 cornis

121 1646 334 1718 ‹inprimebatrtn
365 1654 394 1699 et
412 1643 580 1715 regeneratio
601 1641 814 1698 confirmabatur
834 1644 910 1699 testi·
960 1661 1016 1699 surr
1026 1661 1114 1715 preces
1135 1654 1159 1698 et
1178 1643 1381 1714 supplicationes
1393 1643 1428 1697 nd
1438 1660 1509 1709 curn,
1546 1644 1664 1715 uipossrt
1677 1640 1758 1697 illaria

122 1715 300 1772 rrroniorocts
310 1714 378 1785 ejus,
395 1715 440 1785 qui
459 1714 543 1769 dixit:
559 1710 610 1767 llic
621 1724 660 1769 est
676 1710 762 1767 Filias
779 1728 852 1768 meus
870 1713 911 1767 dr·-
929 1730 950 1789 Β
963 1713 1063 1769 solcum
1075 1714 1161 1785 [ocem
1172 1732 1188 1767 α
1200 1724 1283 1767 morte
1296 1728 1355 1767 cnm
1368 1711 1481 1768 circatore
1495 1662 1581 1769 rhyada
1591 1724 1615 1767 ct
1628 1712 1759 1783 lucrymis

121 1788 219 1850 lectus,
240 1786 267 1839 in
286 1801 337 1855 qno
356 1784 419 1839 benc
438 1783 603 1853 complorati:
617 1791 645 1837 et
663 1782 781 1851 Spiritus
799 1782 913 1838 descen·
963 1785 1085 1853 offerens,
1107 1794 1133 1839 et
1147 1784 1286 1838 recuditur
1307 1792 1344 1836 est
1362 1799 1409 1852 pro
1420 1784 1620 1838 snorcnerentie
1632 1799 1642 1837 .·
1656 1792 1682 1837 et
1694 1782 1758 1855 qai·

122 1858 189 1912 rlens
202 1856 301 1909 nrarrsit
314 1870 395 1925 super
411 1868 489 1913 curn,
514 1854 585 1909 sieut
602 1851 722 1906 loturum
737 1860 807 1917 erat,
822 1861 852 1907 ut
864 1867 914 1907 nos
963 1856 1021 1907 dem
1031 1871 1091 1908 cnm
1112 1863 1177 1908 esset
1196 1853 1279 1924 filius,
1301 1852 1393 1906 didicit
1411 1869 1443 1907 ea
1455 1854 1487 1907 iis
1504 1893 1512 1918 ,
1527 1870 1586 1925 qaue
1597 1870 1693 1923 parens
1705 1860 1758 1917 est,

121 1928 203 1982 etiam
227 1926 254 1979 in
279 1925 337 1995 ipso
359 1925 430 1979 hrum
453 1923 584 1992 Spiritum
608 1922 849 1993 participaremus,
867 1922 913 1991 qui
963 1924 1147 1987 obedientiam,
1168 1933 1192 1977 rt
1215 1933 1409 1977 consrrnrmetns
1423 1923 1508 1992 {artas
1526 1933 1563 1979 est
1576 1924 1698 1979 omnibns
1711 1920 1761 1977 ab·

121 1997 230 2067 quidem
252 1994 428 2050 excellentius
453 2008 508 2064 prae
534 1992 613 2047 nobis
634 2006 683 2061 per
705 1993 832 2046 unionem
850 2008 914 2047 cum
964 1992 1227 2063 tornprmntihnrsr'bi
1247 1992 1558 2049 crrnsrrsrlntr'srctcrnrr.
1578 1992 1762 2049 Consumma-

122 2068 211 2123 llerbo
226 2066 277 2135 ipsi
292 2064 400 2119 aduenit
419 2064 476 2118 hee
497 2062 690 2132 participanti,
712 2077 772 2131 quae
786 2062 857 2115 illius
871 2077 915 2118 se·
964 2072 1008 2117 tur
1018 2072 1120 2125 autem,
1133 2062 1270 2125 lueretice,
1290 2063 1315 2115 irl
1341 2064 1411 2132 quod
1426 2062 1554 2134 paulatim
1566 2062 1686 2134 prolicit.
1699 2062 1762 2131 oua

122 2136 239 2191 rrmrlum
255 2142 389 2189 naturam.
405 2154 413 2185 r
429 2132 571 2189 Consoartit
586 2131 751 2187 lrisccctiam
761 2130 913 2199 Nestorius,
964 2134 998 2188 dc
1014 2148 1042 2187 rc
1060 2139 1087 2187 et
1101 2132 1220 2187 Joarmes
1242 2134 1268 2187 in
1291 2132 1443 2203 Evangeliis
1461 2134 1562 2188 claruet
1581 2151 1589 2188 a
1609 2132 1702 2197 lerna,
1716 2131 1762 2189 ia·

121 2207 198 2277 rrrrjrrs
221 2212 339 2260 mentem
361 2203 490 2259 discimus
508 2217 543 2256 cx
562 2201 761 2257 contestatione
776 2217 791 2256 a
806 2202 915 2258 clericis
964 2203 1032 2273 quit,
1044 2202 1196 2272 proficiebat
1209 2211 1294 2264 rntrrtr,
1308 2204 1469 2273 snpientiuet
1479 2204 1601 2273 pretio.»
1618 2202 1761 2259 &utensi

121 2272 300 2333 Constantino
319 2272 429 2328 olitanis
439 2271 577 2343 proposita
589 2272 617 2327 in
632 2270 761 2335 Ecclesia,
781 2272 852 2341 quod
863 2272 916 2329 Nc·
964 2283 992 2328 et
1003 2272 1187 2328 Theorlorctus
1204 2273 1231 2327 in
1249 2273 1458 2341 reprehensione
1480 2272 1702 2329 anathematismi
1720 2270 1758 2329 lli

122 2343 277 2416 storiuselu
310 2342 620 2399 cursitseotcntiaeenm
632 2340 913 2410 PauloSamosateno;
965 2340 1174 2413 sanctiCyrilli,
1192 2342 1238 2397 uhi
1252 2342 1334 2397 ait:r
1350 2382 1404 2397 .....
1418 2344 1521 2399 Deinde
1544 2350 1762 2401 monslmnsas·

123 2416 158 2471 ihi
173 2434 180 2469 ε
196 2414 316 2470 «Paulus
329 2414 382 2469 ait:
397 2412 478 2483 Atqui
489 2426 537 2480 per
552 2412 642 2468 omnia
658 2412 734 2467 nohis
744 2413 916 2480 prestantior
965 2420 1078 2482 sumptae
1088 2420 1192 2468 naturae
1203 2410 1404 2477 infirmitatem,
1431 2414 1534 2484 inquit,
1556 2412 1611 2481 oet
1626 2412 1657 2469 irs
1668 2412 1761 2469 diebus

121 2496 165 2542 cst
178 2484 335 2557 (Christos),
349 2498 412 2537 nam
427 2485 460 2538 de
472 2481 576 2553 Spiritu
589 2489 683 2536 sancto
696 2491 749 2546 est,
762 2482 916 2552 divinisque
964 2484 1051 2538 cernis
1073 2499 1128 2536 sarr
1139 2498 1227 2551 preces
1238 2491 1263 2535 et
1274 2482 1475 2553 supplicationes
1488 2482 1523 2537 ori
1532 2500 1611 2549 enm,
1629 2482 1678 2555 qai
1687 2492 1761 2555 pute·

122 2556 210 2610 editus
220 2554 379 2625 promissis,
398 2562 426 2607 ct
442 2553 520 2623 iuxta
634 2550 804 2621 Scripturam
826 2553 914 2622 gratia
965 2561 1005 2605 rut
1016 2552 1101 2623 ipsam
1112 2552 1213 2608 trinam
1225 2552 1313 2622 [erere
1330 2564 1458 2619 amorre,
1474 2552 1760 2609 ranetmrerrttdr

123 2625 236 2680 illidata
259 2633 311 2679 est.
332 2622 472 2677 Nestorius
493 2620 550 2675 ait:
593 2620 784 2689 riSpiritum
802 2621 915 2679 descen·
964 2621 1261 2693 etlacrpmiroffrrens,
1276 2622 1621 2695 errarrdr'rarerrprrrarr
1639 2640 1759 2679 murra-

124 2695 243 2757 deutem,
258 2693 336 2763 quasi
349 2691 517 2754 columbam,
537 2698 565 2744 ct
578 2700 731 2745 manentem
744 2704 826 2761 super
840 2706 913 2757 eum,
964 2692 1018 2755 tio,
1031 2700 1083 2746 ete.
1104 2691 1171 2759 eris
1185 2691 1267 2763 igitur
1281 2691 1326 2747 illc
1338 2702 1400 2757 est,
1423 2694 1470 2764 qui
1493 2692 1632 2751 laboribus
1651 2694 1763 2751 vinum

123 2778 175 2820 nec
187 2778 241 2819 non
254 2762 420 2818 ascensionis
433 2762 488 2816 rim
505 2760 544 2815 illi
562 2760 780 2831 impertientem:
793 2761 914 2831 quando·
963 2760 1102 2831 periectos
1113 2772 1169 2826 est,
1188 2772 1216 2816 et
1230 2777 1284 2818 nun
1301 2770 1396 2817 natura
1411 2763 1549 2833 perlectus
1559 2762 1670 2821 existit!
1693 2760 1763 2831 Quis

124 2833 233 2922 quidem
257 2832 417 2904 precipiens
442 2830 590 2903 apostolis,
614 2845 683 2902 quos
704 2831 840 2902 elegerat,
866 2845 916 2901 per
965 2830 1077 2903 ille,qui
1103 2832 1198 2887 didicit
1220 2832 1412 2898 obedientiam,
1436 2842 1465 2890 et
1485 2836 1556 2891 hanc
1572 2844 1636 2890 ante
1649 2834 1761 2905 espen'-

124 2904 257 2976 bpiritum
270 2911 393 2959 sanctum
406 2909 561 2971 assumptus
573 2910 624 2956 est.
647 2900 788 2971 llicigitnr
801 2901 846 2955 ille
859 2911 913 2968 est,
965 2910 1086 2957 meritum
1101 2902 1245 2974 ignorans?
1267 2901 1335 2969 Quis
1357 2918 1420 2959 cnm
1437 2904 1596 2962 reverentia
1617 2904 1706 2969 vixit,
1730 2914 1762 2963 st

145 2975 172 3031 ui
185 2975 256 3030 hanc
277 2982 380 3029 taritam
402 2972 516 3045 gloriam
537 2970 647 3027 Christo
667 2971 820 3042 impertitus
832 2980 910 3027 est.»
965 2988 1028 3027 cnm
1049 2988 1115 3028 voce
1137 2971 1224 3028 calida
1243 2980 1271 3027 et
1283 2972 1412 3044 lacrymis
1424 2974 1635 3045 supplicationes
1646 2972 1760 3043 obtulit,

124 2991 202 3101 ‘'iorn.
214 3044 248 3100 lt
263 3042 366 3100 Concil.
382 3045 434 3099 col.
447 3040 514 3096 lllli'l
526 3050 554 3097 ct
567 3040 609 3096 lli.
926 3081 948 3137 C
966 3050 993 3097 et
1005 3042 1110 3098 salvare
1121 3058 1151 3098 sc
1162 3058 1215 3098 non
1232 3044 1326 3109 ualuit,
1338 3046 1386 3099 sed
1396 3060 1473 3110 eum,
1528 3045 1536 3100 i
1548 3052 1659 3117 potarat
1667 3044 1757 3115 ipsura

418 1156 577 1209 ruccbatur.
593 1174 603 1206 r
628 1152 661 1207 Et
679 1153 787 1208 demum
801 1152 828 1207 io
840 1151 911 1207 libro
959 1156 1031 1210 enim
1047 1154 1159 1224 captivis
1174 1154 1322 1223 predicare
1344 1154 1541 1217 remissionem,
1563 1162 1591 1208 et
1610 1152 1693 1207 caeeis
1708 1164 1756 1205 re·

161 3112 215 3171 vll.
231 3113 419 3187 Argumentum
439 3128 472 3168 ec
489 3128 628 3184 progressu
644 3112 800 3169 successim.
815 3143 850 3153 —
862 3112 914 3169 be-
966 3114 1069 3169 salvum
1082 3114 1171 3169 lacere
1182 3114 1301 3186 rogavit,
1323 3121 1352 3169 ct
1370 3115 1466 3171 mortis
1477 3060 1668 3173 dignationem
1677 3130 1761 3199 popo·

125 3202 199 3243 mum
224 3192 252 3240 et
271 3184 349 3258 quasi
376 3199 425 3257 per
448 3196 609 3255 progressus
622 3182 657 3239 ad
677 3181 835 3253 dignitatem
853 3182 913 3239 Filii

125 3264 247 3312 ereetum
271 3254 408 3312 bominem
428 3268 444 3308 a
460 3254 548 3309 llcrho
562 3261 729 3323 assumptum
744 3252 914 3319 Theodorus,

126 3327 238 3394 ejusne
261 3324 409 3395 discipulus
432 3322 572 3378 Nestorius
597 3332 754 3379 constanter
785 3324 914 3381 docuere.

127 3396 160 3452 Et
182 3342 343 3450 incuuarre
362 3393 472 3463 quidem
497 3392 566 3447 lihm
579 3393 658 3448 tertio
671 3400 765 3448 eontra
779 3391 916 3462 hpollina-

966 3184 1033 3238 scit?
1051 3182 1109 3239 Non
1133 3183 1204 3239 licus
1229 3184 1347 3241 ternum
1363 3223 1418 3240 .....
1437 3186 1484 3242 sed
1506 3186 1579 3256 quod
1599 3200 1635 3241 ex
1657 3198 1764 3243 scutm

966 3253 1049 3307 llatirl
1073 3262 1240 3323 assmnptum
1266 3263 1343 3309 cst.»
1371 3255 1449 3309 Toni.
1474 3256 1495 3312 t
1521 3255 1606 3312 Cone.
1627 3256 1682 3313 eol.
1697 3254 1761 3313 iffi.

966 3322 1079 3379 Procles
1090 3338 1196 3393 quoque
1207 3325 1348 3395 episcopus
1368 3325 1519 3396 lipaizenus
1537 3329 1565 3383 in
1576 3326 1695 3383 llomilia
1711 3340 1761 3383 sua

966 3404 1124 3464 sequentem
1138 3395 1300 3449 senteutiam
1321 3394 1489 3452 Nestorianis
1506 3398 1618 3467 opponit
1630 3413 1708 3452 aaut.
1720 3394 1761 3455 d:

127 3467 207 3527 rium,
221 3462 300 3533 cujus
319 3463 498 3535 lragrncntum
522 3461 639 3517 retertur
658 3462 685 3517 in
703 3461 857 3518 Constituto
871 3466 917 3521 lli·
967 3463 1059 3534 Neque
1068 3463 1193 3519 Christus
1202 3480 1253 3535 per
1263 3466 1435 3521 succedentia
1449 3468 1578 3523 virtutum
1593 3466 1761 3523 incrementa

126 3536 181 3605 gilii
195 3534 229 3589 de
244 3535 332 3601 tribus
344 3531 495 3602 Capitulis:
513 3550 523 3582 r
537 3531 688 3602 sicigitur,
702 3532 757 3596 ait,
771 3533 916 3591 etlticsa·
967 3533 1054 3589 frictus
1075 3542 1118 3589 est
1141 3533 1227 3600 licus,
1251 3534 1332 3590 absit.
1348 3556 1357 3588 r
1381 3536 1458 3591 Tom.
1477 3536 1511 3593 ll
1529 3536 1613 3595 Conc-
1625 3536 1680 3593 col.
1695 3536 1761 3593 582

127 3603 326 3676 pientissimum
357 3601 478 3657 omnium
509 3602 609 3657 habere
634 3616 683 3657 nos
707 3602 788 3659 doces
815 3603 916 3661 Christi
967 3604 1119 3673 dequibus
1162 3613 1218 3659 atet
1240 3619 1411 3661 communem
1437 3608 1628 3663 haeretieorum
1652 3606 1763 3663 illorum

127 3689 252 3738 serrsurn,
274 3682 304 3729 ut
317 3681 442 3729 sanetum
457 3670 587 3742 Spiritum
609 3672 754 3729 habentem
767 3672 854 3738 illum,
869 3675 917 3745 qui
966 3674 1120 3743 opinionem
1134 3620 1216 3730 ffiisse
1235 3674 1370 3731 hominem
1388 3692 1402 3730 a
1418 3677 1508 3732 Verbo
1520 3689 1691 3748 assumptum
1701 3692 1764 3733 suc-

127 3745 218 3800 sensui
241 3743 361 3814 aliquam
386 3742 513 3798 uirtutem
538 3740 720 3811 adimplebat,
745 3744 916 3816 prudentiam
967 3745 1071 3801 cessive
1095 3745 1129 3800 arl
1143 3744 1169 3799 di
1199 3747 1302 3800 ritatem
1327 3746 1388 3801 Filii
1413 3749 1583 3818 pervenisse,
1599 3757 1651 3804 aut
1670 3748 1702 3803 in·
1717 3746 1763 3803 ills

127 3813 377 3885 eiuspraestansad
390 3813 564 3884 omniaque
577 3813 680 3885 agenda
696 3822 786 3880 erant,
803 3814 873 3871 sicut
890 3822 919 3871 et
967 3816 1046 3885 qnasi
1068 3762 1264 3885 progreri‘ilendo
1281 3817 1408 3871 crevisse.
1447 3816 1517 3885 Quin
1539 3828 1567 3874 et
1588 3834 1624 3873 cx
1643 3832 1660 3871 e
1678 3816 1761 3875 istola

128 3887 154 3940 in
168 3884 384 3957 praecedentibus
395 3883 650 3951 demonstrauimus,
661 3883 735 3955 quod
745 3884 780 3939 ab
791 3885 918 4007 ipsoqui-
968 3886 1053 3940 altera
1066 3886 1158 3957 cyrilli
1174 3887 1207 3940 arl
1231 3885 1386 3941 Nestorium
1409 3902 1462 3942 aron
1484 3888 1601 3945 obscure
1612 3832 1765 3961 eolssgitur.

128 3958 189 4012 dem
202 3955 229 4010 in
241 3970 361 4011 eremum
374 3955 409 4011 ad
421 3954 582 4019 certamina,
594 3968 656 4025 quae
666 3960 760 4010 eontra
781 3954 861 4010 drabo
872 3970 918 4009 urn
968 3956 1097 4027 quosdam
1111 3956 1138 4010 iu
1150 3972 1182 4009 ea
1196 3954 1277 4010 etiam
1298 3954 1381 4013 luisse
1394 3959 1539 4024 sententia,
1553 3961 1706 4015 humanam
1717 3974 1765 4016 na-

127 4035 216 4092 crant,
227 4026 390 4091 ducebatur;
413 4026 568 4081 unctionem
582 4032 674 4081 antem
692 4023 780 4091 illius,
794 4031 823 4079 ct
834 4024 919 4079 scien·
969 4035 1057 4081 utram
1070 4041 1150 4080 nona
1166 4026 1254 4096 primo
1266 4028 1451 4098 conceptionis
1465 4028 1577 4084 instanti
1593 4028 1685 4085 Verbo
1697 4026 1765 4085 luis·

129 4097 206 4160 tiam,
219 4104 247 4151 et
260 4096 314 4150 rim
325 4110 432 4161 eorum,
447 4110 508 4165 quae
521 4095 623 4166 agenda
635 4102 730 4159 erant,
744 4094 916 4164 accipiebam
969 4110 998 4150 se
1013 4095 1126 4155 unitam.
1143 4099 1190 4151 sed
1205 4096 1274 4151 hanc
1297 4096 1422 4154 unionem
1442 4100 1547 4156 meritis
1569 4098 1690 4170 primum
1708 4098 1766 4155 suis

127 4175 155 4224 ct
168 4166 241 4222 illios
260 4166 395 4237 particeps
409 4164 511 4231 lactus,
526 4179 578 4219 non
594 4165 680 4220 solum
694 4164 824 4219 miracula
837 4164 919 4221 iacie-
969 4166 1139 4237 postmodum
1154 4165 1339 4236 acquisivisse.
1375 4185 1386 4219 r
1399 4167 1457 4224 Non
1472 4170 1560 4235 enim,
1585 4168 1626 4225 ait
1636 4166 1764 4241 cyrillus,

78 4266 81 4270 ·
128 4241 185 4303 bat,
199 4238 245 4291 scd
256 4236 342 4299 etiam
353 4235 487 4306 quomodo
498 4234 538 4289 uti
549 4235 689 4305 oportebat
702 4234 841 4292 miraculis
851 4237 919 4291 scic·
969 4237 1057 4319 primo
1071 4237 1190 4309 uulgaris
1200 4237 1333 4308 quispiam
1345 4238 1426 4293 lromo
1444 4253 1478 4293 cx
1494 4240 1603 4323 Virgine
1617 4250 1698 4295 ortus
1709 4248 1764 4307 est,

129 4311 176 4363 hat
203 4306 348 4369 subtiliter,
376 4313 405 4359 ut
425 4313 517 4358 notam
537 4304 648 4375 quidem
674 4304 775 4361 laceret
794 4306 919 4377 gentihus
969 4322 1089 4394 inquom
1104 4308 1149 4361 liei
1164 4307 1281 4363 Verbum
1296 4306 1392 4363 deinde
1415 4324 1475 4364 sese
1492 4309 1638 4366 dimiserit.
1657 4330 1667 4363 r
1685 4308 1764 4367 Tou.

129 4379 268 4448 pietatem,
305 4383 423 4430 ateretur
438 4383 527 4429 autem
541 4373 721 4430 laborantium
735 4376 918 4441 infirmitates,
970 4377 1097 4432 ll'bunc.
1117 4376 1168 4432 eol.
1182 4376 1244 4431 tuo.
1269 4377 1354 4445 Quem
1369 4394 1488 4436 errorem
1507 4380 1591 4435 etiam
1604 4378 1766 4451 referreti-

128 4449 205 4502 etsic
219 4448 253 4502 arl
270 4392 395 4502 eflectum
417 4459 494 4499 suam
516 4439 1069 4529 voluntatemrluccr·et,etju·1lrlentur
1090 4447 1172 4502 verba
1196 4446 1331 4504 Theodori
1357 4464 1440 4518 supra
1461 4465 1535 4505 num.
1559 4450 1577 4505 li
1597 4465 1633 4505 cx
1648 4450 1720 4505 libro
1731 4448 1768 4507 td

130 4518 299 4573 stilicahatnr
312 4515 385 4580 iude,
402 4525 430 4570 et
444 4510 633 4570 iuunaculatus
646 4514 848 4581 ostendebatur,
862 4530 920 4573 stuc
972 4517 1151 4587 baptizandos
1173 4518 1274 4581 citata,
1288 4517 1351 4573 lieet
1365 4520 1389 4574 is
1401 4518 1461 4576 aliis
1475 4520 1504 4575 in
1516 4520 1583 4577 locis
1594 4520 1767 4579 contrariu!

130 4587 300 4670 reparatione
322 4587 444 4670 pejorum
463 4585 520 4639 sire
540 4584 664 4640 custodia
686 4584 837 4650 meliorum,
862 4586 921 4642 siue
972 4587 1076 4641 doceat.
1097 4584 1156 4640 larn
1177 4588 1218 4641 bae
1240 4585 1316 4645 luere
1337 4591 1472 4655 rationes,
1486 4590 1768 4660 exquibusl'beodo·

130 4670 212 4713 ezram
233 4658 361 4727 paulatim
382 4658 416 4711 arl
439 4654 552 4711 meliora
573 4654 780 4779 profectibus.»
804 4654 839 4711 Et
850 4656 921 4727 apud
972 4672 1029 4721 rus,
1043 4655 1200 4721 Nestorius,
1223 4656 1322 4726 aliique
1343 4673 1438 4715 eorum
1457 4660 1657 4717 commilitones
1673 4658 1764 4717 bonl-

130 4727 272 4781 Leontium
296 4728 406 4799 llysant.
428 4726 479 4781 loc.
502 4726 549 4781 eit.
584 4726 618 4780 ul.
634 4726 740 4787 illl,er
755 4725 825 4782 libro
839 4726 922 4796 septi·
973 4736 1216 4798 rrernassrunptum
1230 4744 1284 4783 non
1300 4730 1352 4784 nisi
1369 4730 1678 4802 interliliosadoptiros
1692 4744 1766 4787 ωιι·

132 4812 177 4852 nro
189 4805 284 4852 eontra
295 4796 510 4853 incarnationem
525 4815 531 4850 ε
557 4813 566 4846 r
579 4796 656 4851 tems
669 4806 757 4850 nartem
767 4796 921 4875 proficiebat
972 4798 1114 4868 putabant,
1129 4797 1242 4853 ulterius
1267 4798 1425 4865 inserentes,
1449 4800 1606 4873 Virginem,
1628 4816 1692 4873 quas
1704 4812 1768 4859 stt!

132 4877 209 4923 naute
219 4876 244 4922 et
256 4866 400 4937 rapientia,
419 4877 444 4920 et
465 4869 552 4936 pratia
569 4867 639 4939 rrpurl
657 4867 740 4922 ileum
757 4876 781 4922 et
792 4868 920 4923 homines.
972 4874 1113 4939 genuerat,
1126 4870 1315 4939 &repererim
1328 4870 1460 4926 duntaxat
1471 4870 1614 4927 dicendam
1626 4886 1701 4929 estc.

132 4938 224 4993 AEtate
238 4936 346 5007 quidem
360 4936 479 5007 prolicit,
491 4951 619 5007 processo
632 4946 800 5007 temporum:
815 4938 922 5009 sapien·
1010 4937 1077 4993 lllll.
1097 4935 1229 5004 Christus,
1251 4949 1279 4993 nt
1305 4940 1382 4995 herne
1406 4940 1477 4995 Deus
1503 4944 1709 5013 anmaprtirss.
1732 4968 1769 4985 -

133 5010 170 5063 tia
184 5023 269 5072 vcro,
287 5005 434 5062 seeundum
456 5020 629 5077 progressum
654 5017 805 5079 temporum
825 5006 923 5063 intelli·
973 5008 1205 5096 Quemadmodum
1227 5023 1292 5064 vero
1308 5009 1456 5077 Christum,
1472 5020 1606 5080 quatenus
1617 5012 1703 5069 bortto
1715 5018 1768 5079 eal.

133 5078 250 5149 gentiam
264 5076 422 5147 acquirens;
441 5076 528 5145 gratia
551 5085 640 5131 autem
667 5078 816 5147 suscipiens
838 5080 923 5134 virtu·
973 5078 1071 5134 lilium
1084 5077 1132 5133 liei
1144 5078 1317 5150 adoptivum,
1331 5095 1385 5135 non
1398 5082 1549 5137 naturalem
1560 5090 1608 5139 aut
1626 5082 1768 5155 propriu·

973 5165 1033 5205 esse
1051 5150 1273 5220 propugnabant,
1292 5150 1328 5204 ita
1346 5150 1472 5206 eumdem
1487 5166 1596 5222 quoque
1607 5154 1701 5223 quoad
1718 5152 1768 5209 lau·

974 5220 1131 5276 manitatem
1145 5234 1199 5275 non
1211 5220 1264 5274 nisi
1276 5221 1496 5278 denominatione
1513 5223 1670 5279 extrinseca
1683 5222 1769 5279 bern

133 5158 203 5214 tem,
223 5156 252 5203 et
273 5146 470 5218 intelligentiae,
484 5152 512 5199 et
530 5148 676 5213 cognitioni
701 5158 920 5213 consentaneam,

134 5220 260 5289 rleineeps
271 5219 369 5286 gratia,
385 5232 446 5287 qum
466 5214 503 5271 illi
525 5226 584 5270 erat
596 5219 666 5286 apud
677 5217 771 5284 licum,
786 5220 921 5274 accessio·

135 5304 194 5341 nent
209 5298 237 5343 et
252 5290 447 5344 incrementum
462 5286 621 5357 accipiebat.
641 5288 676 5341 Et
695 5288 720 5341 in
735 5288 778 5344 bis
797 5290 923 5344 omnibus

134 5358 290 5427 prolicicbat
303 5359 373 5429 apud
387 5358 470 5413 ileum
485 5365 513 5411 et
526 5357 656 5412 hrnrtiues.
671 5356 800 5415 llomines
814 5358 922 5429 quidem

133 5434 306 5498 progressum
317 5428 458 5492 ridebant,
472 5428 542 5482 Deus
555 5442 620 5483 rcro
636 5442 688 5482 non
703 5428 814 5483 ridebat
824 5429 921 5493 solum,

134 5496 183 5551 serl
203 5497 358 5551 testimonio
379 5514 394 5551 a
414 5498 563 5569 probabat,
580 5506 607 5553 et
632 5499 657 5552 in
672 5498 705 5552 iis
717 5539 723 5562 ,
737 5513 797 5569 quae
811 5499 921 5561 llelraat,

136 5569 346 5636 reaper-abatur,
375 5514 438 5621 niro
460 5569 541 5637 igitur
566 5576 609 5623 est
632 5569 713 5623 ctiam
738 5570 921 5633 internitentium,

135 5637 206 5706 qood
222 5645 297 5691 tauto
311 5636 456 5705 perier-tine
474 5645 502 5691 et
528 5635 630 5704 majore
649 5638 779 5692 l'aeilitate
795 5642 921 5693 tirtrrtrm

136 5707 345 5780 rnseqnebatnr,
364 5721 446 5778 qnmu
470 5704 566 5777 reliqui
586 5707 709 5763 homines
720 5710 831 5781 exsequi
846 5719 922 5781 pote·

974 5290 1047 5345 credi
1059 5289 1159 5345 debere
1177 5290 1352 5359 pertinaciter
1370 5291 1535 5349 statuebant.
1554 5292 1638 5349 Plura
1655 5292 1684 5349 in
1698 5292 1769 5349 hane

975 5376 1032 5415 rem
1047 5360 1136 5415 renuo
1154 5366 1262 5416 exstem
1277 5359 1384 5417 illorum
1401 5362 1571 5429 testimonia,
1591 5360 1770 5432 quorumali·

974 5445 1026 5499 qua
1049 5436 1153 5484 tantum
1168 5430 1214 5486 hic
1230 5430 1361 5488 recitasse
1382 5428 1506 5488 sullicict.
1535 5432 1672 5491 'l'heodori
1687 5432 1770 5491 verbs

974 5510 1001 5553 et
1016 5498 1103 5579 vigilii
1115 5513 1192 5569 pape
1204 5501 1237 5555 de
1250 5498 1424 5569 lisjndicium
1438 5502 1492 5559 'am
1505 5502 1520 5575 5
1531 5502 1553 5566 Ι,
1566 5518 1643 5559 num.
1656 5504 1705 5569 ΩΙ,
1714 5516 1772 5559 ras·

975 5586 1149 5651 numerumn,
1166 5584 1216 5623 nce
1236 5571 1269 5625 iis
1286 5570 1338 5626 alia
1353 5572 1428 5627 bica
1448 5574 1696 5644 despumante
1731 5588 1772 5631 ιιι

975 5638 1326 5780 lltltmtldlltilt
1338 5642 1771 5785 titt·,htllt⁰li·t‚¹¹lthat
